{"host":"qik6c64y69p9jmph","time":1610844646,"event":{"mods":["AchievementEnabler","BaseMod","Downfall","Highlight Path","Minty Spire (QoL Compilation)","Quick Restart","StSLib","Synergy Search"],"gold_per_floor":[99,113,113,133,144,54,79,98,111,144,160,171,171,171,183,281,331,131,148,164,162,182,182,182,200,210,4,55,67,67,83,102,198,198,198,208,208,227,227,227,227],"floor_reached":39,"language":"ENG","playtime":2646,"items_purged":["Pain"],"score":491,"play_id":"d0a8d7a7-5c23-4013-a673-c5d518c8aa6f","local_time":"20210116195046","is_ascension_mode":false,"campfire_choices":[{"data":"Slimebound:Split","floor":1,"key":"SMITH"},{"data":"Slimebound:SlimeSlap","floor":13,"key":"SMITH"},{"data":"Slimebound:DouseInSlime","floor":18,"key":"SMITH"},{"data":"Mayhem","floor":30,"key":"SMITH"},{"data":"Slimebound:WasteNot","floor":35,"key":"SMITH"}],"circlet_count":0,"master_deck":["Slimebound:Strike_Slimebound","Slimebound:Defend_Slimebound","Slimebound:Defend_Slimebound","Slimebound:Defend_Slimebound","Slimebound:Defend_Slimebound+1","Slimebound:Split+1","Slimebound:CorrosiveSpit","Slimebound:RainOfGoop+1","Slimebound:SlimeSlap+1","Slimebound:ForwardTackle+1","Slimebound:LivingWall","Slimebound:GoopSpray","Slimebound:RainOfGoop","Slimebound:SlimeSlap+1","Slimebound:MegaLick+1","Slimebound:MegaLick","Slimebound:DouseInSlime+1","Slimebound:Schlurp","Slimebound:Schlurp","Slimebound:RainOfGoop","Slimebound:AcidTongue+1","Mayhem+1","Slimebound:SlimeSlap+1","Slimebound:AcidTongue+1","Pain","Slimebound:TongueLash","Slimebound:LivingWall+1","Slimebound:WasteNot+1","Slimebound:Gluttony"],"relics":["Astrolabe","WarpedTongs","Pear","Tiny House","downfall:HeartBlessingGreen","downfall:HeartBlessingBlue","Anchor","Question Card","Lee\u0027s Waffle","Akabeko","Black Star"],"acts_visited":["Exordium","TheCity","TheBeyond"],"potions_floor_usage":[6,10,12,16,21,21,25,29,33,36],"damage_taken":[{"damage":1,"enemies":"2 Louse","floor":2,"turns":4},{"damage":9,"enemies":"Cultist","floor":4,"turns":3},{"damage":3,"enemies":"Jaw Worm","floor":5,"turns":2},{"damage":1,"enemies":"downfall:FleeingMerchant","floor":6,"turns":4},{"damage":1,"enemies":"Gremlin Gang","floor":8,"turns":4},{"damage":2,"enemies":"Exordium Thugs","floor":9,"turns":3},{"damage":0,"enemies":"Lagavulin","floor":10,"turns":4},{"damage":0,"enemies":"Red Slaver","floor":11,"turns":3},{"damage":0,"enemies":"Lots of Slimes","floor":12,"turns":3},{"damage":0,"enemies":"Exordium Wildlife","floor":15,"turns":3},{"damage":8,"enemies":"IC_STATUS_ARCHETYPE","floor":16,"turns":5},{"damage":2,"enemies":"3 Byrds","floor":19,"turns":5},{"damage":1,"enemies":"Spheric Guardian","floor":20,"turns":4},{"damage":6,"enemies":"downfall:FleeingMerchant","floor":21,"turns":4},{"damage":33,"enemies":"Cultist and Chosen","floor":22,"turns":8},{"damage":18,"enemies":"Snake Plant","floor":25,"turns":3},{"damage":1,"enemies":"Snecko","floor":26,"turns":3},{"damage":20,"enemies":"Centurion and Healer","floor":29,"turns":4},{"damage":14,"enemies":"Snake Plant","floor":31,"turns":4},{"damage":16,"enemies":"Sentry and Sphere","floor":32,"turns":4},{"damage":33,"enemies":"DF_ARCHETYPE_CLAW","floor":33,"turns":9},{"damage":21,"enemies":"3 Darklings","floor":36,"turns":12},{"damage":12,"enemies":"Orb Walker","floor":38,"turns":4},{"damage":69,"enemies":"Spire Growth","floor":39,"turns":5}],"seed_played":"7741046858966613669","potions_obtained":[{"floor":4,"key":"Swift Potion"},{"floor":8,"key":"Slimebound:ThreeZeroPotion"},{"floor":9,"key":"Slimebound:SlimyTonguePotion"},{"floor":11,"key":"SkillPotion"},{"floor":15,"key":"Swift Potion"},{"floor":16,"key":"sneckomod:MuddlingPotion"},{"floor":17,"key":"Slimebound:SpawnSlimePotion"},{"floor":19,"key":"Slimebound:SlimedPotion"},{"floor":22,"key":"SkillPotion"},{"floor":26,"key":"Swift Potion"}],"is_trial":false,"path_per_floor":["R","M","?","M","M","$","T","M","M","E","M","M","R","?","M","B",null,"R","M","M","$","M","?","T","M","M","$","T","M","R","M","M","B",null,"R","M","?","M","M"],"character_chosen":"SLIMEBOUND","items_purchased":["Mayhem","Anchor","Lee\u0027s Waffle","Slimebound:SlimedPotion"],"campfire_rested":0,"item_purchase_floors":[21,21,27,27],"current_hp_per_floor":[65,64,64,55,52,51,51,50,48,58,58,58,58,58,58,50,80,90,88,87,81,48,48,48,30,29,97,97,77,77,63,47,14,97,97,76,76,64,0,0,0],"gold":227,"neow_bonus":"BOSS_RELIC","is_daily":false,"chose_seed":false,"campfire_upgraded":5,"win_rate":0.0,"timestamp":1610844646,"path_taken":["R","M","?","M","M","$","T","?","M","E","M","?","R","?","M","BOSS","R","M","M","$","?","?","T","M","M","$","?","?","R","M","M","BOSS","R","M","?","M","M"],"items_purchased_type":["Card","Relic","Relic","Potion"],"build_version":"2020-12-22","purchased_purges":1,"victory":false,"max_hp_per_floor":[65,65,65,65,65,65,65,65,65,75,75,75,75,75,75,75,80,90,90,90,90,90,90,90,90,90,97,97,97,97,97,97,97,97,97,97,97,97,97,97,97],"card_choices":[{"not_picked":["Slimebound:ComboTackle","Slimebound:HauntingLick"],"picked":"Slimebound:LivingWall","floor":2},{"not_picked":["Slimebound:GrowthPunch","Slimebound:HauntingLick"],"picked":"Slimebound:GoopSpray","floor":4},{"not_picked":["Slimebound:SplitLeeching","Slimebound:SplitMire"],"picked":"Slimebound:RainOfGoop","floor":5},{"not_picked":["Slimebound:SplitMire","Slimebound:LeechingTouch"],"picked":"Slimebound:SlimeSlap","floor":6},{"not_picked":["Slimebound:SlimeBrawl","Slimebound:FormOfPuddle","Slimebound:ComboTackle"],"picked":"SKIP","floor":8},{"not_picked":["Slimebound:ProtectTheBoss","Slimebound:SplitLeeching","Slimebound:ViciousTackle"],"picked":"SKIP","floor":9},{"not_picked":["Slimebound:ForwardTackle","Slimebound:BestDefense"],"picked":"Slimebound:MegaLick","floor":10},{"not_picked":["Slimebound:FormOfPuddle","Slimebound:SlimeTap"],"picked":"Slimebound:MegaLick","floor":11},{"not_picked":["Slimebound:FinishingTackle","Slimebound:GoopSpray","Slimebound:ComboTackle"],"picked":"SKIP","floor":12},{"not_picked":["Slimebound:BestDefense","Slimebound:SplitBruiser","Slimebound:Repurpose"],"picked":"SKIP","floor":15},{"not_picked":["Slimebound:DuplicatedForm","Slimebound:MassFeed"],"picked":"Slimebound:DouseInSlime","floor":16},{"not_picked":["Slimebound:SamplingLick","Slimebound:LeechingTouch"],"picked":"Slimebound:Schlurp","floor":17},{"not_picked":["Slimebound:LeechEnergy","Slimebound:LeechingTouch+1"],"picked":"Slimebound:Schlurp","floor":19},{"not_picked":["Slimebound:SpikyOuterGoop","Slimebound:GrowthPunch"],"picked":"Slimebound:RainOfGoop","floor":20},{"not_picked":["Slimebound:ViciousTackle","Slimebound:RejuvenatingLick"],"picked":"Slimebound:AcidTongue+1","floor":21},{"not_picked":["Slimebound:RejuvenatingLick","Slimebound:SlimeBarrage","Slimebound:LeadByExample"],"picked":"SKIP","floor":22},{"not_picked":["Slimebound:SlimeSpikes","Slimebound:SamplingLick","Slimebound:ItLooksTasty","Slimebound:LeechEnergy"],"picked":"SKIP","floor":25},{"not_picked":["Slimebound:GoopSpray","Slimebound:LevelUp","Slimebound:MassRepurpose","Slimebound:Chomp"],"picked":"SKIP","floor":26},{"not_picked":["Slimebound:Schlurp","Slimebound:SplitBruiser","Slimebound:SplitAcid+1"],"picked":"Slimebound:TongueLash","floor":29},{"not_picked":["Slimebound:SplitLeeching","Slimebound:ComboTackle","Slimebound:SplitBruiser+1","Slimebound:PressTheAttack"],"picked":"SKIP","floor":31},{"not_picked":["Slimebound:SplitBruiser","Slimebound:GrowthPunch","Slimebound:GoopTackle"],"picked":"Slimebound:LivingWall+1","floor":32},{"not_picked":["Slimebound:FirmFortitude","Slimebound:MinionMaster","Slimebound:OneTwoCombo"],"picked":"Slimebound:WasteNot","floor":33},{"not_picked":["Slimebound:FinishingTackle+1","Slimebound:LeechingTouch+1","Slimebound:ComboTackle+1","Slimebound:Prepare+1"],"picked":"SKIP","floor":36},{"not_picked":["Slimebound:Prepare+1","Slimebound:ViciousTackle","Slimebound:FinishingTackle"],"picked":"Slimebound:Gluttony","floor":38}],"player_experience":517163,"relics_obtained":[{"floor":10,"key":"Pear"},{"floor":24,"key":"Question Card"},{"floor":28,"key":"Akabeko"}],"event_choices":[{"damage_healed":0,"gold_gain":0,"player_choice":"Rummage","damage_taken":0,"relics_obtained":["WarpedTongs"],"max_hp_gain":0,"max_hp_loss":0,"event_name":"Accursed Blacksmith","floor":3,"gold_loss":0,"cards_obtained":["Pain"]},{"damage_healed":0,"gold_gain":0,"player_choice":"Ignored","damage_taken":0,"max_hp_gain":0,"max_hp_loss":0,"event_name":"Mysterious Sphere","floor":37,"gold_loss":0}],"is_beta":false,"boss_relics":[{"not_picked":["Runic Pyramid","Snecko Eye"],"picked":"Tiny House"},{"not_picked":["Busted Crown","Velvet Choker"],"picked":"Black Star"}],"items_purged_floors":[6],"is_endless":false,"potions_floor_spawned":[4,8,9,11,15,16,19,20,22,26],"killed_by":"Spire Growth","ascension_level":0}}