{"host":"8o45mh5p3pp1o2mi","time":1610927684,"event":{"mods":["BaseMod","Bestiary","Better Match","Better Third Choice","BetterRewards","Dark Map","Fox Events","Minty Spire (QoL Compilation)","Replay The Spire","Shop Mod","StSLib"],"gold_per_floor":[113,113,113,130,130,165,165,184,235,235,135,162,162,437,437,535,535,547,547,79,96,109,109,109,149,175,175,221,0,0,33,33,151,151,189,13,44,44,44,44,99,99,146,199,199,262,61,107,107,125],"floor_reached":51,"language":"ENG","playtime":2451,"items_purged":["Defend_R","Defend_R","Doubt","CommonCold"],"score":1030,"play_id":"3d4e81b1-c6b0-43db-8e53-f8a1f0a06430","local_time":"20210117235444","is_ascension_mode":true,"campfire_choices":[{"data":"Apotheosis","floor":7.0,"key":"SMITH"},{"data":"ReplayTheSpireMod:LeadingStrike","floor":13.0,"key":"SMITH"},{"data":"Armaments","floor":15.0,"key":"SMITH"},{"data":"Secret Technique","floor":23.0,"key":"SMITH"},{"data":"Pommel Strike","floor":27.0,"key":"SMITH"},{"data":"Double Tap","floor":30.0,"key":"SMITH"},{"data":"Warcry","floor":32.0,"key":"SMITH"},{"data":"Strike_R+1","floor":40,"key":"SMITH"},{"data":"Seeing Red","floor":42,"key":"SMITH"},{"data":"Strike_R+2","floor":45,"key":"SMITH"},{"floor":49,"key":"REST"}],"circlet_count":0,"master_deck":["Strike_R","Strike_R+3","Strike_R+1","Strike_R","Defend_R+1","Apotheosis+1","ReplayTheSpireMod:LeadingStrike+1","Survivor","Neutralize","Flex+1","Thunderclap","ReplayTheSpireMod:Stacked","Warcry+1","Deep Breath","Armaments+1","Offering+1","ReplayTheSpireMod:Limb From Limb+1","Juggernaut+1","Uppercut","Twin Strike","Secret Technique+1","Metallicize+1","Shockwave","Pommel Strike+1","Double Tap+1","Perfected Strike+1","Limit Break+1","ReplayTheSpireMod:Corrosion Curse+1","Shrug It Off","Seeing Red+1","Berserk","Specialist","True Grit+1"],"relics":["Burning Blood","Another Sword","Simple Rune","Sling","Self Forming Clay","Shuriken","ReplayTheSpireMod:Shallot","ReplayTheSpireMod:Spearhead","Lantern","Astrolabe","Membership Card","Potion Belt","MerchantsRug","Replay:Bandana","Bag of Preparation","Anchor","Replay:Bottled Flurry","SlaversCollar","ReplayTheSpireMod:TigerMarble","War Paint","Regal Pillow","Red Skull","Pet Ghost","TheAbacus","Boot"],"acts_visited":["Exordium","TheCity","TheBeyond"],"potions_floor_usage":[33,50,50],"damage_taken":[{"damage":0.0,"enemies":"Cultist","floor":1.0,"turns":3.0},{"damage":1.0,"enemies":"2 Louse","floor":4.0,"turns":3.0},{"damage":7.0,"enemies":"3 Sentries","floor":6.0,"turns":6.0},{"damage":4.0,"enemies":"Jaw Worm","floor":8.0,"turns":3.0},{"damage":0.0,"enemies":"Gremlin Nob","floor":12.0,"turns":2.0},{"damage":13.0,"enemies":"Hexaghost","floor":16.0,"turns":7.0},{"damage":13.0,"enemies":"3 Byrds","floor":18.0,"turns":5.0},{"damage":12.0,"enemies":"Shell Parasite","floor":21.0,"turns":3.0},{"damage":6.0,"enemies":"Shelled Parasite and Fungi","floor":22.0,"turns":3.0},{"damage":9.0,"enemies":"3 Cultists","floor":25.0,"turns":3.0},{"damage":14.0,"enemies":"Book of Stabbing","floor":28.0,"turns":3.0},{"damage":6.0,"enemies":"Cultist and Chosen","floor":31.0,"turns":3.0},{"damage":52,"enemies":"Automaton","floor":33,"turns":6},{"damage":0,"enemies":"3 Shapes","floor":35,"turns":4},{"damage":6,"enemies":"Orb Walker","floor":37,"turns":3},{"damage":7,"enemies":"Giant Head","floor":41,"turns":4},{"damage":22,"enemies":"R_Hoarder","floor":44,"turns":3},{"damage":34,"enemies":"Reptomancer","floor":46,"turns":3},{"damage":6,"enemies":"Transient","floor":48,"turns":5},{"damage":15,"enemies":"Time Eater","floor":50,"turns":5}],"seed_played":"6378225010578033510","potions_obtained":[{"floor":1.0,"key":"Fire Potion"},{"floor":4.0,"key":"PowerPotion"},{"floor":12.0,"key":"AttackPotion"},{"floor":16.0,"key":"Languid Potion"},{"floor":21.0,"key":"SteroidPotion"},{"floor":33,"key":"Languid Potion"},{"floor":35,"key":"SteroidPotion"},{"floor":41,"key":"BloodPotion"},{"floor":48,"key":"Swift Potion"}],"is_trial":false,"path_per_floor":["M","?","?","M","T","E","R","M","T","?","$","E","R","?","R","B",null,"M","?","$","M","M","R","?","M","T","R","E","$","R","M","R","B",null,"M","$","M","?","?","R","E","R","T","E","R","E","$","M","R","B",null],"character_chosen":"IRONCLAD","items_purchased":["Simple Rune","Apotheosis","Sling","BargainBundle","ReplayTheSpireMod:Spearhead","Thunderclap","PowerPotion","ReplayTheSpireMod:Stacked","Warcry","Deep Breath","Membership Card","Potion Belt","Twin Strike","Secret Technique","Metallicize+1","MerchantsRug","Double Tap","Replay:Bottled Flurry","ReplayTheSpireMod:TigerMarble","Shrug It Off","TheAbacus","Specialist","Boot"],"campfire_rested":1,"item_purchase_floors":[0,0,0,11,11,11,11,11,11,11,20,20,20,20,20,20,29,29,36,36,47,47,47],"current_hp_per_floor":[80,80,80,80,80,79,79,80,87,80,80,86,86,86,86,79,87,80,80,80,74,74,74,74,71,71,71,63,63,63,63,63,17,87,87,87,87,83,83,83,82,82,82,69,69,41,41,41,81,72],"gold":125,"neow_bonus":"","is_daily":false,"chose_seed":false,"campfire_upgraded":10,"win_rate":0.0,"timestamp":1610927684,"path_taken":["M","?","?","M","?","E","R","M","T","?","$","E","R","?","R","BOSS","M","?","$","?","M","R","?","M","T","R","E","$","R","M","R","BOSS","M","$","?","?","?","R","E","R","T","E","R","E","$","?","R","BOSS"],"items_purchased_type":["Relic","Card","Relic","Relic","Relic","Card","Potion","Card","Card","Card","Relic","Relic","Card","Card","Card","Relic","Card","Relic","Relic","Card","Relic","Card","Relic"],"build_version":"2020-12-22","purchased_purges":4,"victory":true,"max_hp_per_floor":[80,80,80,80,80,80,80,80,87,87,87,87,87,87,87,87,87,87,87,87,87,87,87,87,87,87,87,87,87,87,87,87,87,87,87,87,87,83,83,83,83,83,83,86,86,86,86,86,86,86],"card_choices":[{"not_picked":["Seeing Red","Bloodletting"],"picked":"ReplayTheSpireMod:LeadingStrike","floor":1.0},{"not_picked":["Abandon","Blood for Blood","Seeing Red"],"picked":"SKIP","floor":4.0},{"not_picked":["Uppercut","Feel No Pain"],"picked":"ReplayTheSpireMod:Strike From Hell","floor":6.0},{"not_picked":["ReplayTheSpireMod:Strike From Hell","Heavy Blade"],"picked":"Flex","floor":8.0},{"not_picked":["Flex","True Grit"],"picked":"Armaments","floor":12.0},{"not_picked":["Hemogenesis","Corruption"],"picked":"Offering","floor":16.0},{"not_picked":["Run Through","Flex"],"picked":"Uppercut","floor":18.0},{"not_picked":["Armaments+1","Pummel"],"picked":"Shockwave","floor":21.0},{"not_picked":["Havoc","Warcry","Iron Wave"],"picked":"SKIP","floor":22.0},{"not_picked":["Headbutt","Cleave"],"picked":"Pommel Strike","floor":25.0},{"not_picked":["Eclipse","Iron Wave","ReplayTheSpireMod:Strike From Hell"],"picked":"SKIP","floor":28.0},{"not_picked":["Havoc","Sword Boomerang+1"],"picked":"Perfected Strike+1","floor":31.0},{"not_picked":["Exhume","Demon Form"],"picked":"Limit Break","floor":33},{"not_picked":["Anger+1","Warcry+1"],"picked":"ReplayTheSpireMod:Corrosion Curse+1","floor":35},{"not_picked":["Body Slam+1","Cleave","Shrug It Off"],"picked":"SKIP","floor":37},{"not_picked":["Wild Strike+1","Clash+1"],"picked":"Seeing Red","floor":41},{"not_picked":["Sever Soul+1","Abandon","Bloodletting+1"],"picked":"SKIP","floor":44},{"not_picked":["Life Link+1","Anger+1"],"picked":"Berserk","floor":46},{"not_picked":["Clash+1","Blood for Blood+1"],"picked":"True Grit+1","floor":48}],"player_experience":81621,"relics_obtained":[{"floor":5.0,"key":"Self Forming Clay"},{"floor":6.0,"key":"Shuriken"},{"floor":9.0,"key":"Strawberry"},{"floor":12.0,"key":"Lantern"},{"floor":26.0,"key":"Bag of Preparation"},{"floor":28.0,"key":"Anchor"},{"floor":41,"key":"War Paint"},{"floor":43,"key":"Regal Pillow"},{"floor":44,"key":"Red Skull"},{"floor":46,"key":"Pet Ghost"}],"event_choices":[{"damage_healed":0.0,"max_hp_gain":0.0,"max_hp_loss":0.0,"gold_gain":0.0,"event_name":"betterThird:BetterScrap","player_choice":"Relic ","floor":10.0,"gold_loss":0.0,"damage_taken":7.0,"cards_obtained":["Predator"]},{"damage_healed":0.0,"max_hp_gain":0.0,"max_hp_loss":0.0,"gold_gain":275.0,"event_name":"Golden Shrine","player_choice":"Desecrate","floor":14.0,"gold_loss":0.0,"damage_taken":0.0,"cards_obtained":["Regret"]},{"damage_healed":0.0,"max_hp_gain":0.0,"max_hp_loss":0.0,"gold_gain":0.0,"event_name":"Accursed Blacksmith","player_choice":"Forge","floor":19.0,"gold_loss":0.0,"damage_taken":0.0,"cards_upgraded":["Offering"]},{"damage_healed":0,"gold_gain":0,"player_choice":"Max HP","damage_taken":0,"max_hp_gain":0,"max_hp_loss":4,"event_name":"Winding Halls","floor":38,"gold_loss":0},{"cards_removed":["Strike_R"],"damage_healed":0,"gold_gain":0,"player_choice":"Offered Basic","damage_taken":0,"max_hp_gain":0,"max_hp_loss":0,"event_name":"Bonfire Elementals","floor":39,"gold_loss":0}],"is_beta":false,"boss_relics":[{"not_picked":["SacredBark","Replay:Drink Me"],"picked":"Astrolabe"},{"not_picked":["Black Star","Replay:Wanted Poster"],"picked":"SlaversCollar"}],"items_purged_floors":[11,20,29,36],"is_endless":false,"potions_floor_spawned":[1,4,12,16,21,33,35,41,48],"ascension_level":2}}