{"host":"oehe2dxjvdgux73m","time":1610892442,"event":{"mods":["AchievementEnabler","BaseMod","Colored Map","Colored Powertips","DeckTracker","Keyboard Shortcuts","Minty Spire (QoL Compilation)","Permanent Neow","Quick Restart","StSLib","SuperFastMode"],"gold_per_floor":[117,133,145,165,165,193,193,193,193,23,61,61,61,96,96,96,96],"floor_reached":16,"language":"KOR","playtime":302,"items_purged":[],"score":163,"play_id":"5bef36d4-dfe4-4025-892d-3dfca14f2d16","local_time":"20210117230722","is_ascension_mode":true,"campfire_choices":[{"floor":8.0,"key":"REST"},{"data":"Body Slam","floor":12.0,"key":"SMITH"},{"data":"HandOfGreed","floor":15.0,"key":"SMITH"}],"circlet_count":0,"master_deck":["AscendersBane","Strike_R","Strike_R","Strike_R","Strike_R+1","Defend_R","Defend_R","Defend_R","Bash","Injury","Rampage","Fire Breathing+1","Carnage","Wild Strike","Body Slam+1","Corruption","HandOfGreed+1","Clothesline","True Grit"],"relics":["Burning Blood","Darkstone Periapt","HornCleat","White Beast Statue","Oddly Smooth Stone"],"acts_visited":["Exordium"],"potions_floor_usage":[16,16],"damage_taken":[{"damage":1.0,"enemies":"Cultist","floor":1.0,"turns":3.0},{"damage":0.0,"enemies":"Small Slimes","floor":2.0,"turns":2.0},{"damage":3.0,"enemies":"2 Louse","floor":3.0,"turns":2.0},{"damage":24.0,"enemies":"Blue Slaver","floor":4.0,"turns":4.0},{"damage":30.0,"enemies":"Lagavulin","floor":6.0,"turns":5.0},{"damage":0.0,"enemies":"Large Slime","floor":11.0,"turns":5.0},{"damage":11.0,"enemies":"Exordium Thugs","floor":14.0,"turns":2.0},{"damage":49,"enemies":"The Guardian","floor":16,"turns":9}],"seed_played":"-9114716882842225267","potions_obtained":[{"floor":1.0,"key":"Weak Potion"},{"floor":4.0,"key":"Strength Potion"},{"floor":11.0,"key":"FearPotion"},{"floor":14.0,"key":"ColorlessPotion"}],"is_trial":false,"path_per_floor":["M","M","M","M","T","E","?","R","T","$","M","R","?","M","R","B"],"character_chosen":"IRONCLAD","items_purchased":["HandOfGreed"],"campfire_rested":1,"item_purchase_floors":[10],"current_hp_per_floor":[77,80,80,62,62,38,22,46,46,46,52,52,52,47,47,0,0],"gold":96,"neow_bonus":"TRANSFORM_TWO_CARDS","is_daily":false,"chose_seed":false,"campfire_upgraded":2,"win_rate":0.0,"timestamp":1610892442,"path_taken":["M","M","M","M","?","E","?","R","T","$","M","R","?","M","R","BOSS"],"items_purchased_type":["Card"],"build_version":"2020-12-22","purchased_purges":0,"victory":false,"max_hp_per_floor":[80,80,80,80,80,80,80,80,80,80,80,80,80,80,80,80,80],"card_choices":[{"not_picked":["Power Through","Shrug It Off"],"picked":"Carnage","floor":1.0},{"not_picked":["Rage","Heavy Blade"],"picked":"Wild Strike","floor":2.0},{"not_picked":["Intimidate","Rage"],"picked":"Body Slam","floor":3.0},{"not_picked":["Anger","Combust","Sword Boomerang"],"picked":"SKIP","floor":4.0},{"not_picked":["Burning Pact","Heavy Blade"],"picked":"Corruption","floor":6.0},{"not_picked":["Rage","Headbutt"],"picked":"Clothesline","floor":11.0},{"not_picked":["Heavy Blade","Sword Boomerang"],"picked":"True Grit","floor":14.0}],"player_experience":263387,"relics_obtained":[{"floor":5.0,"key":"Darkstone Periapt"},{"floor":6.0,"key":"HornCleat"},{"floor":9.0,"key":"White Beast Statue"}],"event_choices":[{"damage_healed":0.0,"max_hp_gain":0.0,"max_hp_loss":0.0,"gold_gain":0.0,"event_name":"Shining Light","player_choice":"Entered Light","floor":7.0,"gold_loss":0.0,"damage_taken":16.0,"cards_upgraded":["Fire Breathing","Strike_R"]},{"damage_healed":0.0,"max_hp_gain":0.0,"max_hp_loss":0.0,"gold_gain":0.0,"event_name":"Dead Adventurer","player_choice":"Searched \u00272\u0027 times","floor":13.0,"gold_loss":0.0,"damage_taken":0.0,"relics_obtained":["Oddly Smooth Stone"]}],"is_beta":false,"boss_relics":[],"items_purged_floors":[],"is_endless":false,"potions_floor_spawned":[1,4,11,14],"killed_by":"The Guardian","ascension_level":12}}