{"host":"cudglqt97a2fwbb6","time":1610925490,"event":{"mods":["2.2 Compatiblity","Abigail Mod","Act Like it!","Aspiration","BaseMod","BetterRewards","Colored Powertips","Energized Spire","Gensokyo","GifTheSpireLib","HololiveMod","Infinite Spire","Jorbs\u0027s Wanderer Trilogy","KinomotoSakuraMod(????)","Koishi","KomeijiMod","Marisa????????","Minty Spire (QoL Compilation)","Relic Stats","Replay The Spire","StSLib","Stuff the Spire","The Administrix","The Animator","The Servant 0.9.4"],"gold_per_floor":[125,148,148,163,163,163,190,190,190,190,215,215,248,266,266,377,377,387,397,413,413,432,432,494,494,517,517,548,548,548,583,583,724,724,724,724,650,706,706,777,848,935,935,961,961,1080,1187,686,686,720],"floor_reached":51,"language":"ENG","playtime":6230,"items_purged":["animator:Strike","animator:Strike"],"score":2358,"play_id":"953e6000-82c2-4546-856f-267ad25331a7","local_time":"20210118001810","is_ascension_mode":true,"campfire_choices":[{"data":"StuffTheSpire:Ambrosia","floor":6.0,"key":"SMITH"},{"floor":8.0,"key":"REST"},{"floor":10.0,"key":"REST"},{"data":"animator:Gluttony","floor":12,"key":"SMITH"},{"data":"animator:Mikaela","floor":15,"key":"SMITH"},{"data":"animator:MadokaKaname","floor":23,"key":"SMITH"},{"floor":27,"key":"REST"},{"floor":30,"key":"REST"},{"data":"animator:HinaKagiyama","floor":32,"key":"SMITH"},{"data":"animator:MamiTomoe","floor":49,"key":"SMITH"}],"circlet_count":0,"master_deck":["AscendersBane","animator:Strike_MadokaMagica","animator:Defend_MadokaMagica","animator:Strike","animator:Defend","animator:Defend","animator:Defend","animator:IrohaTamaki","animator:YuiTsuruno","animator:Entoma+9","animator:Cirno","animator:Gluttony+1","animator:OrikoMikuni","StuffTheSpire:Ambrosia+1","animator:IrohaTamaki","Pain","animator:NagisaMomoe","animator:Mikaela+1","animator:Megumin+15","animator:HiiragiShinya","animator:MadokaKaname+1","animator:KyokoSakura","animator:Priestess","animator:Azekura","Shame","animator:GuildGirl","animator:MamiTomoe+1","animator:Priestess","animator:Curse_Dizziness","animator:Geryuganshoop","animator:SayakaMiki","Looming Evil","animator:MamiTomoe","animator:YachiyoNanami","animator:NagisaMomoe","animator:HinaKagiyama","animator:Curse_Dizziness","animator:Geryuganshoop"],"relics":["animator:LivingPicture","animator:TheMissingPiece","animator:PurgingStone","infinitespire:Joker Card","animator:HeavyHalberd","Toolbox","WarpedTongs","Centennial Puzzle","Divine Protection","StuffTheSpire:EmeraldSignet","Snecko Heart","StuffTheSpire:Gunfinga","infinitespire:Cupcake","Replay:Mystery Machine","StuffTheSpire:Experiment12","Ornamental Fan","infinitespire:EvilPickle","energizedSpire:EnergizedDie","ReplayTheSpireMod:CursedCoin","Akabeko","ReplayTheSpireMod:Ring of Addiction","Potion Belt","Toy Ornithopter","infinitespire:Lucky Rock","Dead Branch","infinitespire:Broken Mirror","Replay:Bandana","Runic Capacitor","HornCleat"],"acts_visited":["Exordium","TheCity","Gensokyo:Gensokyoest"],"potions_floor_usage":[14,18,22,40,47],"damage_taken":[{"damage":0.0,"enemies":"2 Louse","floor":1.0,"turns":3.0},{"damage":18.0,"enemies":"infinitespire:Voidling","floor":2.0,"turns":5.0},{"damage":7.0,"enemies":"Jaw Worm","floor":4.0,"turns":4.0},{"damage":23.0,"enemies":"Lagavulin","floor":7.0,"turns":8.0},{"damage":0.0,"enemies":"2 Fungi Beasts","floor":11.0,"turns":3.0},{"damage":20,"enemies":"Replay:BlueRogue","floor":13,"turns":4},{"damage":0,"enemies":"Exordium Thugs","floor":14,"turns":4},{"damage":19,"enemies":"Slime Boss","floor":16,"turns":8},{"damage":7,"enemies":"Shell Parasite","floor":18,"turns":5},{"damage":0,"enemies":"Chosen","floor":19,"turns":6},{"damage":33,"enemies":"3 Cultists","floor":20,"turns":7},{"damage":29,"enemies":"Sentry and Sphere","floor":22,"turns":6},{"damage":46,"enemies":"Book of Stabbing","floor":24,"turns":7},{"damage":11,"enemies":"Replay:Snechameleon","floor":28,"turns":4},{"damage":29,"enemies":"Nightmare","floor":31,"turns":8},{"damage":40,"enemies":"Pondfish","floor":33,"turns":5},{"damage":0,"enemies":"Gensokyo:3_Bats","floor":35,"turns":3},{"damage":11,"enemies":"Gensokyo:3_Bats","floor":36,"turns":4},{"damage":0,"enemies":"Gensokyo:AncientGuardian","floor":38,"turns":6},{"damage":0,"enemies":"Gensokyo:Doremy","floor":40,"turns":5},{"damage":0,"enemies":"Gensokyo:3_Boulders","floor":41,"turns":5},{"damage":0,"enemies":"Nightmare","floor":42,"turns":8},{"damage":0,"enemies":"Gensokyo:Doremy","floor":46,"turns":4},{"damage":0,"enemies":"Gensokyo:Dusk_and_Dawn","floor":47,"turns":3},{"damage":0,"enemies":"Gensokyo:Shinki","floor":50,"turns":6}],"seed_played":"-6112480079637726531","potions_obtained":[{"floor":4.0,"key":"Fire Potion"},{"floor":7.0,"key":"Strength Potion"},{"floor":11.0,"key":"Energy Potion"},{"floor":14,"key":"Reflective Coating"},{"floor":18,"key":"ExcitationPotion"},{"floor":31,"key":"DuplicationPotion"},{"floor":33,"key":"EntropicBrew"},{"floor":39,"key":"Weak Potion"},{"floor":39,"key":"Block Potion"}],"is_trial":false,"path_per_floor":["M","M","?","M","?","R","E","R","T","R","M","R","E","M","R","B",null,"M","M","M","?","M","R","E","AVR","T","R","E","?","R","NM","R","B",null,"M","?","$","M","?","E","M","NM","T","T","?","E","M","$","R","B",null],"character_chosen":"THE_ANIMATOR","items_purchased":["infinitespire:Joker Card","Replay:Baseball","animator:Entoma","animator:Cirno","Toolbox","ReplayTheSpireMod:CursedCoin","Akabeko","Runic Capacitor","HornCleat"],"campfire_rested":4,"item_purchase_floors":[0,0,0,0,0,37,37,48,48],"current_hp_per_floor":[40,31,31,25,25,25,9,30,30,51,55,55,41,50,50,37,73,73,87,61,61,49,49,20,20,20,50,43,43,74,51,51,30,89,108,108,108,117,117,119,121,123,123,121,121,123,125,125,125,127],"gold":720,"neow_bonus":"","is_daily":false,"chose_seed":false,"campfire_upgraded":6,"win_rate":0.0,"timestamp":1610925490,"path_taken":["M","M","?","M","?","R","E","R","T","R","M","R","E","M","R","BOSS","M","?","M","?","M","R","E","AVR","T","R","E","?","R","NM","R","BOSS","M","?","?","M","?","E","M","NM","T","?","?","E","M","$","R","BOSS"],"items_purchased_type":["Relic","Relic","Card","Card","Relic","Relic","Relic","Relic","Relic"],"build_version":"2020-12-22","purchased_purges":2,"victory":true,"max_hp_per_floor":[68,68,68,69,69,69,72,72,72,72,76,76,78,83,83,85,85,88,90,94,94,98,98,102,102,102,102,104,104,104,106,106,109,109,115,115,115,117,117,119,121,123,123,121,121,123,125,125,125,127],"relic_stats":{"Centennial Puzzle":[37],"counters":[354,1851],"Ornamental Fan":[84],"Dead Branch":[33],"obtain_stats":[{"ShirouKen":6,"Gensokyo:UndefinedDarkness":19,"infinitespire:Cubic Diamond":5,"Ring of Searing":3,"Blood Vial":8,"Replay:Wanted Poster":17,"infinitespire:ShieldingShard":0,"Replay:Bronze Core":37,"Fusion Hammer":21,"Necronomicon":3,"Blue Candle":29,"BreadOfAWashokuLover":43,"Eternal Feather":0,"StuffTheSpire:Wildfire":0,"infinitespire:Magic Flask":12,"Akabeko":45,"infinitespire:EvilPickle":34,"animator:HolyGrailRelic":34,"infinitespire:Broken Mirror":9,"Bird Faced Urn":0,"MutagenicStrength":19,"ReplayTheSpireMod:Ring of Collecting":44,"aspiration:ServantSkillbook":34,"Gensokyo:FoxMask":28,"MiniHakkero":0,"animator:ShionDessert":43,"animator:Hoodie":10,"Torii":9,"animator:TheMissingPiece":0,"stsjorbsmod:AlchemistsFireRelic":14,"StuffTheSpire:GrapeVine":45,"Ancient Tea Set":26,"Smiling Mask":26,"Pet Ghost":47,"StuffTheSpire:Gunfinga":44,"KSMOD_DarknessWand":34,"infinitespire:Bottled Soul":41,"aspiration:AnachronicSnailShell":45,"Toolbox":5,"Chemical X":29,"Replay:Bottled Eggs":26,"aspiration:FutureDiary":34,"InkBottle":36,"Potion Belt":26,"Lee\u0027s Waffle":39,"Gensokyo:DirgeOfMelancholy":22,"Circlet":0,"Gensokyo:MosesMiracle":25,"PreservedInsect":0,"infinitespire:Lucky Rock":27,"Replay:Arrowhead":0,"animator:TheEgnaroPiece":54,"StuffTheSpire:Mouthbags":12,"Ornamental Fan":7,"Gensokyo:DayTheSeaSplit":21,"Garlic":7,"Art of War":23,"animator:AlchemistGlove":19,"SpellCardsRule":5,"Divine Protection":9,"animator:WizardHat":46,"Calipers":38,"Gremlin Horn":35,"Runic Capacitor":0,"aspiration:Stabinomicon":30,"Sozu":17,"Centennial Puzzle":25,"Prayer Wheel":25,"Philosopher\u0027s Stone":18,"RampagingMagicTools":17,"Girya":0,"ReplayTheSpireMod:CursedCoin":24,"Replay:Grab Bag":34,"stsjorbsmod:GrimoireRelic":19,"Charon\u0027s Ashes":25,"Ring of Chaos":17,"aspiration:HiddenCompartment":10,"WarpedTongs":5,"Du-Vu Doll":0,"OrangePellets":37,"Onion Ring":8,"infinitespire:EmpoweringShard":10,"KSMOD_TouyasBicycle":6,"aspiration:HatOfInfinitePower":27,"StuffTheSpire:OldFever":20,"Pocketwatch":0,"Gensokyo:DemonMask":27,"aspiration:TomeofQuesting":3,"Juzu Bracelet":7,"Replay:Mystery Machine":31,"aspiration:StickyExplosives_weak":27,"Dream Catcher":45,"Nunchaku":31,"animator:PurgingStone":0,"aspiration:DefectSkillbook":34,"KSMOD_SealedWand":0,"Red Mask":21,"StuffTheSpire:Nightcore":0,"animator:ColorlessFragment":0,"infinitespire:FocusingShard":24,"Replay:WaspNest":25,"Gensokyo:ConquerorOfFear":21,"animator:WornHelmet":49,"Medical Kit":39,"Mercury Hourglass":10,"Pondfish Scales":19,"infinitespire:Satchel":37,"StuffTheSpire:CocoNut":48,"Membership Card":0,"FossilizedHelix":36,"Golden Egg":11,"Whetstone":23,"Ginger":31,"Boot":12,"Replay:Ringing Soul":43,"Sundial":28,"MealTicket":47,"infinitespire:Golems Mask":0,"Kunai":16,"Replay:Wax Seal":21,"StuffTheSpire:NeowsTribute":9,"Pear":3,"KSMOD_SealedBook":0,"ReplayTheSpireMod:Ring of Addiction":39,"aspiration:FrozenJewel":25,"SlaversCollar":34,"Runic Dome":17,"animator:ExquisiteBloodVial":27,"energizedSpire:MagnifyingGlass":17,"animator:HeavyHalberd":0,"infinitespire:PuzzleCube":45,"Abe\u0027s Treasure":17,"infinitespire:Cupcake":37,"AmplifyWand":24,"Lantern":7,"aspiration:Lifesprig":20,"Painkiller Herb":29,"StoneCalendar":41,"StuffTheSpire:EmeraldSignet":28,"Replay:Multitool":30,"Bag of Preparation":40,"Gensokyo:LunaticRedEyes":10,"Replay:Rubber Ducky":9,"StuffTheSpire:OccultApparatus":44,"BranchBurnRelic":7,"Shovel":46,"Matryoshka":22,"animator:AncientMedallion":54,"Ring of Peace":12,"WingedGreaves":14,"Paper Frog":43,"StuffTheSpire:Expresso":0,"energizedSpire:EnergizedDie":17,"Thread and Needle":30,"The Courier":26,"infinitespire:Joker Card":45,"Omamori":23,"infinitespire:CheckeredPen":28,"KyoryuNoHagoromo":41,"MawBank":47,"Busted Crown":34,"Orrery":0,"Turnip":43,"animator:LivingPicture":0,"ReplayTheSpireMod:Ring of Challenge":44,"ReplayTheSpireMod:Lightbulb":24,"Toy Ornithopter":39,"Mark of the Bloom":46,"Vajra":0,"Lizard Tail":0,"HornCleat":10,"Strawberry":40,"Toxic Egg 2":14,"Ring of Hypnosis":12,"Happy Flower":13,"aspiration:Nostalgia":19,"Dead Branch":0,"Oddly Smooth Stone":44,"animator:TheEruzaStone":53,"Letter Opener":46,"aspiration:SeaSaltIceCream":36,"Replay:Kaleidoscope":0,"War Paint":40,"Bottled Flame":48,"Replay:Baseball":41,"ReplayTheSpireMod:Shallot":43,"Shuriken":47,"Bronze Scales":36,"StuffTheSpire:GreaterSneckoEye":48,"Molten Egg 2":45,"Simple Rune":0,"ReplayTheSpireMod:TigerMarble":24,"CatCart":38,"Grinning Jar":40,"Meat on the Bone":39,"ReplayFunnel":8,"ReplayTheSpireMod:Ring of Exchange":29,"Replay:PocketPolymizer":0,"Snecko Heart":17,"SacredBark":17,"Mango":42,"Gensokyo:NagashiBinaDoll":11,"Incense Burner":42,"Gensokyo:Justice":12,"ClockworkSouvenir":36,"ReplayTheSpireMod:EnergyBall":34,"Frozen Eye":24,"StuffTheSpire:Experiment12":8,"Replay:Bandana":6,"energizedSpire:CursedPentagram":17,"Mummified Hand":18,"StuffTheSpire:HeavyRock":43,"Pantograph":44,"Gambling Chip":26,"Red Skull":28,"Gensokyo:SongOfSouls":25,"StuffTheSpire:RunicHypercube":34,"Quantum Egg":36,"aspiration:HummingbirdHeart":29,"Orichalcum":45,"White Beast Statue":29,"Peace Pipe":0,"Anchor":14,"CaptainsWheel":25,"Hololive_LightStick":45,"infinitespire:WardingShard":26,"aspiration:WatcherSkillbook":21,"ChewingGum":34,"Coffee Dripper":17,"Snack Pack":25,"StuffTheSpire:RubySignet":27,"TungstenRod":13},{"ShirouKen":59,"Gensokyo:UndefinedDarkness":34,"infinitespire:Cubic Diamond":169,"Ring of Searing":26,"Blood Vial":60,"Replay:Wanted Poster":121,"infinitespire:ShieldingShard":202,"Replay:Bronze Core":242,"Fusion Hammer":285,"Necronomicon":145,"Blue Candle":13,"BreadOfAWashokuLover":46,"Eternal Feather":53,"StuffTheSpire:Wildfire":143,"infinitespire:Magic Flask":88,"Akabeko":271,"infinitespire:EvilPickle":240,"animator:HolyGrailRelic":240,"infinitespire:Broken Mirror":86,"Bird Faced Urn":111,"MutagenicStrength":152,"ReplayTheSpireMod:Ring of Collecting":191,"aspiration:ServantSkillbook":159,"Gensokyo:FoxMask":128,"MiniHakkero":0,"animator:ShionDessert":297,"animator:Hoodie":117,"Torii":60,"animator:TheMissingPiece":0,"stsjorbsmod:AlchemistsFireRelic":90,"StuffTheSpire:GrapeVine":137,"Ancient Tea Set":12,"Smiling Mask":262,"Pet Ghost":247,"StuffTheSpire:Gunfinga":107,"KSMOD_DarknessWand":15,"infinitespire:Bottled Soul":105,"aspiration:AnachronicSnailShell":192,"Toolbox":145,"Chemical X":289,"Replay:Bottled Eggs":37,"aspiration:FutureDiary":219,"InkBottle":268,"Potion Belt":68,"Lee\u0027s Waffle":323,"Gensokyo:DirgeOfMelancholy":10,"Circlet":0,"Gensokyo:MosesMiracle":262,"PreservedInsect":228,"infinitespire:Lucky Rock":263,"Replay:Arrowhead":165,"animator:TheEgnaroPiece":140,"StuffTheSpire:Mouthbags":31,"Ornamental Fan":170,"Gensokyo:DayTheSeaSplit":259,"Garlic":115,"Art of War":214,"animator:AlchemistGlove":123,"SpellCardsRule":169,"Divine Protection":333,"animator:WizardHat":164,"Calipers":188,"Gremlin Horn":73,"Runic Capacitor":202,"aspiration:Stabinomicon":217,"Sozu":91,"Centennial Puzzle":287,"Prayer Wheel":12,"Philosopher\u0027s Stone":152,"RampagingMagicTools":33,"Girya":0,"ReplayTheSpireMod:CursedCoin":214,"Replay:Grab Bag":291,"stsjorbsmod:GrimoireRelic":8,"Charon\u0027s Ashes":155,"Ring of Chaos":258,"aspiration:HiddenCompartment":255,"WarpedTongs":332,"Du-Vu Doll":0,"OrangePellets":42,"Onion Ring":5,"infinitespire:EmpoweringShard":208,"KSMOD_TouyasBicycle":4,"aspiration:HatOfInfinitePower":38,"StuffTheSpire:OldFever":213,"Pocketwatch":228,"Gensokyo:DemonMask":12,"aspiration:TomeofQuesting":229,"Juzu Bracelet":146,"Replay:Mystery Machine":158,"aspiration:StickyExplosives_weak":98,"Dream Catcher":48,"Nunchaku":184,"animator:PurgingStone":0,"aspiration:DefectSkillbook":185,"KSMOD_SealedWand":0,"Red Mask":177,"StuffTheSpire:Nightcore":249,"animator:ColorlessFragment":249,"infinitespire:FocusingShard":67,"Replay:WaspNest":215,"Gensokyo:ConquerorOfFear":35,"animator:WornHelmet":194,"Medical Kit":162,"Mercury Hourglass":61,"Pondfish Scales":123,"infinitespire:Satchel":42,"StuffTheSpire:CocoNut":300,"Membership Card":0,"FossilizedHelix":132,"Golden Egg":281,"Whetstone":126,"Ginger":319,"Boot":233,"Replay:Ringing Soul":223,"Sundial":69,"MealTicket":23,"infinitespire:Golems Mask":274,"Kunai":63,"Replay:Wax Seal":153,"StuffTheSpire:NeowsTribute":5,"Pear":2,"KSMOD_SealedBook":0,"ReplayTheSpireMod:Ring of Addiction":348,"aspiration:FrozenJewel":314,"SlaversCollar":131,"Runic Dome":234,"animator:ExquisiteBloodVial":128,"energizedSpire:MagnifyingGlass":211,"animator:HeavyHalberd":301,"infinitespire:PuzzleCube":78,"Abe\u0027s Treasure":151,"infinitespire:Cupcake":268,"AmplifyWand":67,"Lantern":29,"aspiration:Lifesprig":34,"Painkiller Herb":38,"StoneCalendar":76,"StuffTheSpire:EmeraldSignet":69,"Replay:Multitool":13,"Bag of Preparation":44,"Gensokyo:LunaticRedEyes":5,"Replay:Rubber Ducky":29,"StuffTheSpire:OccultApparatus":325,"BranchBurnRelic":4,"Shovel":50,"Matryoshka":66,"animator:AncientMedallion":140,"Ring of Peace":5,"WingedGreaves":210,"Paper Frog":246,"StuffTheSpire:Expresso":25,"energizedSpire:EnergizedDie":175,"Thread and Needle":217,"The Courier":127,"infinitespire:Joker Card":137,"Omamori":96,"infinitespire:CheckeredPen":238,"KyoryuNoHagoromo":20,"MawBank":51,"Busted Crown":101,"Orrery":202,"Turnip":106,"animator:LivingPicture":0,"ReplayTheSpireMod:Ring of Challenge":191,"ReplayTheSpireMod:Lightbulb":67,"Toy Ornithopter":348,"Mark of the Bloom":271,"Vajra":143,"Lizard Tail":53,"HornCleat":61,"Strawberry":20,"Toxic Egg 2":120,"Ring of Hypnosis":5,"Happy Flower":210,"aspiration:Nostalgia":8,"Dead Branch":0,"Oddly Smooth Stone":298,"animator:TheEruzaStone":195,"Letter Opener":50,"aspiration:SeaSaltIceCream":132,"Replay:Kaleidoscope":202,"War Paint":135,"Bottled Flame":80,"Replay:Baseball":105,"ReplayTheSpireMod:Shallot":77,"Shuriken":51,"Bronze Scales":73,"StuffTheSpire:GreaterSneckoEye":138,"Molten Egg 2":22,"Simple Rune":228,"ReplayTheSpireMod:TigerMarble":11,"CatCart":104,"Grinning Jar":295,"Meat on the Bone":75,"ReplayFunnel":232,"ReplayTheSpireMod:Ring of Exchange":69,"Replay:PocketPolymizer":165,"Snecko Heart":337,"SacredBark":283,"Mango":270,"Gensokyo:NagashiBinaDoll":30,"Incense Burner":46,"Gensokyo:Justice":306,"ClockworkSouvenir":132,"ReplayTheSpireMod:EnergyBall":72,"Frozen Eye":10,"StuffTheSpire:Experiment12":86,"Replay:Bandana":115,"energizedSpire:CursedPentagram":7,"Mummified Hand":64,"StuffTheSpire:HeavyRock":21,"Pantograph":78,"Gambling Chip":314,"Red Skull":156,"Gensokyo:SongOfSouls":37,"StuffTheSpire:RunicHypercube":291,"Quantum Egg":186,"aspiration:HummingbirdHeart":182,"Orichalcum":78,"White Beast Statue":99,"Peace Pipe":0,"Anchor":6,"CaptainsWheel":12,"Hololive_LightStick":137,"infinitespire:WardingShard":237,"aspiration:WatcherSkillbook":213,"ChewingGum":41,"Coffee Dripper":63,"Snack Pack":98,"StuffTheSpire:RubySignet":181,"TungstenRod":282},{"ShirouKen":272,"Gensokyo:UndefinedDarkness":171,"infinitespire:Cubic Diamond":869,"Ring of Searing":143,"Blood Vial":283,"Replay:Wanted Poster":618,"infinitespire:ShieldingShard":1091,"Replay:Bronze Core":1297,"Fusion Hammer":1517,"Necronomicon":762,"Blue Candle":74,"BreadOfAWashokuLover":217,"Eternal Feather":246,"StuffTheSpire:Wildfire":753,"infinitespire:Magic Flask":450,"Akabeko":1455,"infinitespire:EvilPickle":1290,"animator:HolyGrailRelic":1290,"infinitespire:Broken Mirror":442,"Bird Faced Urn":555,"MutagenicStrength":801,"ReplayTheSpireMod:Ring of Collecting":996,"aspiration:ServantSkillbook":827,"Gensokyo:FoxMask":656,"MiniHakkero":0,"animator:ShionDessert":1569,"animator:Hoodie":596,"Torii":283,"animator:TheMissingPiece":0,"stsjorbsmod:AlchemistsFireRelic":458,"StuffTheSpire:GrapeVine":710,"Ancient Tea Set":69,"Smiling Mask":1395,"Pet Ghost":1321,"StuffTheSpire:Gunfinga":533,"KSMOD_DarknessWand":84,"infinitespire:Bottled Soul":524,"aspiration:AnachronicSnailShell":1000,"Toolbox":762,"Chemical X":1534,"Replay:Bottled Eggs":180,"aspiration:FutureDiary":1193,"InkBottle":1437,"Potion Belt":335,"Lee\u0027s Waffle":1691,"Gensokyo:DirgeOfMelancholy":52,"Circlet":0,"Gensokyo:MosesMiracle":1395,"PreservedInsect":1226,"infinitespire:Lucky Rock":1402,"Replay:Arrowhead":848,"animator:TheEgnaroPiece":727,"StuffTheSpire:Mouthbags":160,"Ornamental Fan":878,"Gensokyo:DayTheSeaSplit":1380,"Garlic":582,"Art of War":1161,"animator:AlchemistGlove":630,"SpellCardsRule":869,"Divine Protection":1741,"animator:WizardHat":841,"Calipers":979,"Gremlin Horn":365,"Runic Capacitor":1091,"aspiration:Stabinomicon":1179,"Sozu":464,"Centennial Puzzle":1527,"Prayer Wheel":69,"Philosopher\u0027s Stone":799,"RampagingMagicTools":168,"Girya":0,"ReplayTheSpireMod:CursedCoin":1161,"Replay:Grab Bag":1546,"stsjorbsmod:GrimoireRelic":43,"Charon\u0027s Ashes":813,"Ring of Chaos":1374,"aspiration:HiddenCompartment":1354,"WarpedTongs":1733,"Du-Vu Doll":0,"OrangePellets":200,"Onion Ring":22,"infinitespire:EmpoweringShard":1124,"KSMOD_TouyasBicycle":16,"aspiration:HatOfInfinitePower":183,"StuffTheSpire:OldFever":1153,"Pocketwatch":1226,"Gensokyo:DemonMask":69,"aspiration:TomeofQuesting":1230,"Juzu Bracelet":768,"Replay:Mystery Machine":821,"aspiration:StickyExplosives_weak":495,"Dream Catcher":225,"Nunchaku":958,"animator:PurgingStone":0,"aspiration:DefectSkillbook":968,"KSMOD_SealedWand":0,"Red Mask":919,"StuffTheSpire:Nightcore":1331,"animator:ColorlessFragment":1331,"infinitespire:FocusingShard":328,"Replay:WaspNest":1167,"Gensokyo:ConquerorOfFear":175,"animator:WornHelmet":1007,"Medical Kit":833,"Mercury Hourglass":286,"Pondfish Scales":630,"infinitespire:Satchel":200,"StuffTheSpire:CocoNut":1580,"Membership Card":0,"FossilizedHelix":683,"Golden Egg":1496,"Whetstone":644,"Ginger":1670,"Boot":1249,"Replay:Ringing Soul":1207,"Sundial":337,"MealTicket":126,"infinitespire:Golems Mask":1473,"Kunai":299,"Replay:Wax Seal":804,"StuffTheSpire:NeowsTribute":22,"Pear":9,"KSMOD_SealedBook":0,"ReplayTheSpireMod:Ring of Addiction":1820,"aspiration:FrozenJewel":1647,"SlaversCollar":678,"Runic Dome":1258,"animator:ExquisiteBloodVial":656,"energizedSpire:MagnifyingGlass":1139,"animator:HeavyHalberd":1588,"infinitespire:PuzzleCube":395,"Abe\u0027s Treasure":797,"infinitespire:Cupcake":1437,"AmplifyWand":323,"Lantern":152,"aspiration:Lifesprig":171,"Painkiller Herb":183,"StoneCalendar":385,"StuffTheSpire:EmeraldSignet":342,"Replay:Multitool":74,"Bag of Preparation":210,"Gensokyo:LunaticRedEyes":22,"Replay:Rubber Ducky":152,"StuffTheSpire:OccultApparatus":1701,"BranchBurnRelic":16,"Shovel":234,"Matryoshka":322,"animator:AncientMedallion":727,"Ring of Peace":22,"WingedGreaves":1133,"Paper Frog":1317,"StuffTheSpire:Expresso":139,"energizedSpire:EnergizedDie":913,"Thread and Needle":1179,"The Courier":650,"infinitespire:Joker Card":710,"Omamori":482,"infinitespire:CheckeredPen":1278,"KyoryuNoHagoromo":107,"MawBank":238,"Busted Crown":509,"Orrery":1091,"Turnip":528,"animator:LivingPicture":0,"ReplayTheSpireMod:Ring of Challenge":996,"ReplayTheSpireMod:Lightbulb":328,"Toy Ornithopter":1820,"Mark of the Bloom":1455,"Vajra":753,"Lizard Tail":246,"HornCleat":292,"Strawberry":107,"Toxic Egg 2":609,"Ring of Hypnosis":22,"Happy Flower":1133,"aspiration:Nostalgia":43,"Dead Branch":0,"Oddly Smooth Stone":1575,"animator:TheEruzaStone":1012,"Letter Opener":231,"aspiration:SeaSaltIceCream":683,"Replay:Kaleidoscope":1091,"War Paint":700,"Bottled Flame":408,"Replay:Baseball":524,"ReplayTheSpireMod:Shallot":388,"Shuriken":237,"Bronze Scales":367,"StuffTheSpire:GreaterSneckoEye":716,"Molten Egg 2":121,"Simple Rune":1226,"ReplayTheSpireMod:TigerMarble":57,"CatCart":520,"Grinning Jar":1558,"Meat on the Bone":378,"ReplayFunnel":1243,"ReplayTheSpireMod:Ring of Exchange":342,"Replay:PocketPolymizer":848,"Snecko Heart":1759,"SacredBark":1508,"Mango":1449,"Gensokyo:NagashiBinaDoll":154,"Incense Burner":217,"Gensokyo:Justice":1615,"ClockworkSouvenir":683,"ReplayTheSpireMod:EnergyBall":364,"Frozen Eye":52,"StuffTheSpire:Experiment12":442,"Replay:Bandana":582,"energizedSpire:CursedPentagram":41,"Mummified Hand":309,"StuffTheSpire:HeavyRock":115,"Pantograph":395,"Gambling Chip":1647,"Red Skull":816,"Gensokyo:SongOfSouls":180,"StuffTheSpire:RunicHypercube":1546,"Quantum Egg":972,"aspiration:HummingbirdHeart":950,"Orichalcum":395,"White Beast Statue":498,"Peace Pipe":0,"Anchor":31,"CaptainsWheel":69,"Hololive_LightStick":710,"infinitespire:WardingShard":1271,"aspiration:WatcherSkillbook":1153,"ChewingGum":196,"Coffee Dripper":305,"Snack Pack":495,"StuffTheSpire:RubySignet":943,"TungstenRod":1502}],"Toy Ornithopter":0,"WarpedTongs":[261]},"card_choices":[{"not_picked":["animator:Darkness","animator:Verdia"],"picked":"animator:Gluttony","floor":1.0},{"not_picked":["animator:PandorasActor","animator:MumenRider"],"picked":"animator:OrikoMikuni","floor":2.0},{"not_picked":["StuffTheSpire:Brawn","StuffTheSpire:BrainWave"],"picked":"StuffTheSpire:Ambrosia","floor":3.0},{"not_picked":["animator:Mitsuba","animator:SilverFang"],"picked":"animator:IrohaTamaki","floor":4.0},{"not_picked":["animator:SayakaMiki","animator:MamiTomoe"],"picked":"animator:NagisaMomoe","floor":7.0},{"not_picked":["animator:Shigure","animator:DwarfShaman"],"picked":"animator:Mikaela","floor":11.0},{"not_picked":["animator:WinryRockbell","animator:Emonzaemon"],"picked":"animator:Megumin","floor":13},{"not_picked":["animator:Demiurge","animator:Spearman"],"picked":"animator:HiiragiShinya","floor":14},{"not_picked":["animator:HigakiRinne","animator:Saitama"],"picked":"animator:MadokaKaname","floor":16},{"not_picked":["animator:OrikoMikuni","animator:IrohaTamaki"],"picked":"animator:KyokoSakura","floor":18},{"not_picked":["animator:ElricAlphonse","animator:Add"],"picked":"animator:Priestess","floor":19},{"not_picked":["animator:Raven","animator:ElricAlphonse"],"picked":"animator:Azekura","floor":20},{"not_picked":["animator:Add","animator:Nanami"],"picked":"animator:GuildGirl","floor":22},{"not_picked":["animator:YuiTsuruno","animator:NagisaMomoe"],"picked":"animator:MamiTomoe","floor":24},{"not_picked":["animator:Sebas","animator:Emonzaemon+1"],"picked":"animator:Priestess","floor":28},{"not_picked":["animator:Tatsumaki","animator:Nanami"],"picked":"animator:Geryuganshoop","floor":31},{"not_picked":["animator:HomuraAkemi","animator:Wiz"],"picked":"animator:Greed","floor":33},{"not_picked":["animator:YuiTsuruno","animator:IrohaTamaki"],"picked":"animator:SayakaMiki","floor":35},{"not_picked":["animator:Gluttony","animator:IrohaTamaki","animator:YuiTsuruno"],"picked":"SKIP","floor":38},{"not_picked":["animator:OrikoMikuni","animator:Shichika"],"picked":"animator:MamiTomoe","floor":40},{"not_picked":["animator:OrikoMikuni","animator:Shigure"],"picked":"animator:YachiyoNanami","floor":41},{"not_picked":["animator:SayakaMiki","animator:IrohaTamaki"],"picked":"animator:NagisaMomoe","floor":42},{"not_picked":["animator:OrikoMikuni","animator:Rena"],"picked":"animator:Geryuganshoop","floor":46},{"not_picked":["animator:Geryuganshoop+1","animator:OrikoMikuni","animator:Verdia"],"picked":"SKIP","floor":47}],"player_experience":970636,"relics_obtained":[{"floor":7.0,"key":"Centennial Puzzle"},{"floor":9.0,"key":"Divine Protection"},{"floor":13,"key":"StuffTheSpire:EmeraldSignet"},{"floor":24,"key":"StuffTheSpire:Gunfinga"},{"floor":26,"key":"Replay:Mystery Machine"},{"floor":28,"key":"StuffTheSpire:Experiment12"},{"floor":31,"key":"Ornamental Fan"},{"floor":39,"key":"ReplayTheSpireMod:Ring of Addiction"},{"floor":39,"key":"Potion Belt"},{"floor":39,"key":"Toy Ornithopter"},{"floor":40,"key":"infinitespire:Lucky Rock"},{"floor":42,"key":"Dead Branch"},{"floor":43,"key":"infinitespire:Broken Mirror"},{"floor":44,"key":"Replay:Bandana"}],"event_choices":[{"damage_healed":0.0,"max_hp_gain":0.0,"max_hp_loss":0.0,"gold_gain":0.0,"event_name":"Accursed Blacksmith","player_choice":"Rummage","floor":5.0,"gold_loss":0.0,"damage_taken":0.0,"relics_obtained":["WarpedTongs"],"cards_obtained":["Pain"]}],"is_beta":false,"boss_relics":[{"not_picked":["Cursed Key","StuffTheSpire:Kangaroo"],"picked":"Snecko Heart"},{"not_picked":["Pandora\u0027s Box","Kintsugi"],"picked":"energizedSpire:EnergizedDie"}],"items_purged_floors":[37,48],"is_endless":false,"potions_floor_spawned":[4,7,11,14,18,31,33,38,41,46],"ascension_level":12}}