{"host":"hnrafgucdht3qvsp","time":1610917513,"event":{"mods":["BaseMod","Bestiary","Colored Map","Minty Spire (QoL Compilation)","Relic Stats","StSLib"],"gold_per_floor":[109,209,219,232,251,251,279,305,305,333,333,351,137,137,137,251,251,277,187,207,218,237,237,237,237],"floor_reached":24,"language":"ENG","playtime":1210,"items_purged":[],"score":308,"play_id":"640e7cdf-6420-4db6-9846-469f746a9906","local_time":"20210117160513","is_ascension_mode":true,"campfire_choices":[{"data":"Tantrum","floor":6,"key":"SMITH"},{"floor":11,"key":"REST"},{"data":"Weave","floor":15,"key":"SMITH"},{"data":"TalkToTheHand","floor":23,"key":"SMITH"}],"circlet_count":0,"master_deck":["Strike_P+1","Strike_P","Strike_P","Defend_P+1","Defend_P","Defend_P+1","Defend_P","Eruption","Vigilance","ThirdEye+1","Tantrum+1","LikeWater","Weave+1","EmptyFist+1","DevaForm+1","DeceiveReality","Adaptation","LessonLearned","Meditate","FlurryOfBlows+1","TalkToTheHand+1"],"relics":["PureWater","WingedGreaves","White Beast Statue","Gremlin Horn","Art of War","CeramicFish","SlaversCollar"],"acts_visited":["Exordium","TheCity"],"potions_floor_usage":[21],"damage_taken":[{"damage":1,"enemies":"Jaw Worm","floor":1,"turns":4},{"damage":0,"enemies":"Cultist","floor":3,"turns":2},{"damage":4,"enemies":"Small Slimes","floor":4,"turns":3},{"damage":33,"enemies":"Exordium Thugs","floor":5,"turns":5},{"damage":0,"enemies":"Gremlin Nob","floor":7,"turns":2},{"damage":31,"enemies":"3 Sentries","floor":8,"turns":6},{"damage":5,"enemies":"Lagavulin","floor":10,"turns":6},{"damage":3,"enemies":"Red Slaver","floor":12,"turns":3},{"damage":0,"enemies":"Hexaghost","floor":16,"turns":9},{"damage":14,"enemies":"Shell Parasite","floor":18,"turns":7},{"damage":0,"enemies":"Chosen","floor":20,"turns":4},{"damage":48,"enemies":"Snake Plant","floor":21,"turns":8},{"damage":0,"enemies":"Centurion and Healer","floor":22,"turns":8},{"damage":53,"enemies":"Slavers","floor":24,"turns":3}],"seed_played":"-2047884353698719679","potions_obtained":[{"floor":7,"key":"FairyPotion"},{"floor":8,"key":"SteroidPotion"},{"floor":10,"key":"Energy Potion"},{"floor":16,"key":"StancePotion"},{"floor":21,"key":"BlessingOfTheForge"}],"is_trial":false,"path_per_floor":["M","?","M","M","M","R","E","E","T","E","R","M","$","?","R","B",null,"M","?","M","M","M","R","E"],"character_chosen":"WATCHER","items_purchased":["Adaptation","CeramicFish"],"campfire_rested":1,"item_purchase_floors":[13,13],"current_hp_per_floor":[78,78,78,74,41,41,41,10,10,5,28,25,25,25,25,25,79,65,65,65,17,17,17,0,0],"gold":237,"neow_bonus":"TEN_PERCENT_HP_BONUS","is_daily":false,"chose_seed":false,"campfire_upgraded":3,"win_rate":0.0,"timestamp":1610917513,"path_taken":["M","?","M","M","?","R","E","E","T","E","R","M","$","?","R","BOSS","M","?","M","?","M","R","E"],"items_purchased_type":["Card","Relic"],"build_version":"2020-12-22","purchased_purges":0,"victory":false,"max_hp_per_floor":[79,79,79,79,79,79,79,79,79,79,79,79,79,79,79,79,79,79,79,79,79,79,79,79,79],"relic_stats":{"Gremlin Horn":[3,3],"counters":[14,70],"CeramicFish":36,"Art of War":[9],"obtain_stats":[{"SlaversCollar":17,"Gremlin Horn":9,"CeramicFish":13,"WingedGreaves":7,"Art of War":10,"PureWater":0,"White Beast Statue":8},{"SlaversCollar":9,"Gremlin Horn":6,"CeramicFish":8,"WingedGreaves":5,"Art of War":7,"PureWater":0,"White Beast Statue":6},{"SlaversCollar":40,"Gremlin Horn":22,"CeramicFish":31,"WingedGreaves":16,"Art of War":28,"PureWater":0,"White Beast Statue":22}]},"card_choices":[{"not_picked":["Halt","WaveOfTheHand"],"picked":"ThirdEye","floor":1},{"not_picked":["BowlingBash","InnerPeace"],"picked":"Tantrum","floor":3},{"not_picked":["Indignation","EmptyBody"],"picked":"LikeWater","floor":4},{"not_picked":["LikeWater","Vengeance"],"picked":"Weave","floor":5},{"not_picked":["BowlingBash","CrushJoints"],"picked":"EmptyFist","floor":7},{"not_picked":["Evaluate","ThirdEye","FollowUp"],"picked":"SKIP","floor":8},{"not_picked":["Evaluate","EmptyFist"],"picked":"DevaForm","floor":10},{"not_picked":["CutThroughFate","BowlingBash"],"picked":"DeceiveReality","floor":12},{"not_picked":["DeusExMachina","Judgement"],"picked":"LessonLearned","floor":16},{"not_picked":["SashWhip+1","Consecrate+1"],"picked":"Meditate","floor":18},{"not_picked":["Protect","Vengeance"],"picked":"FlurryOfBlows+1","floor":20},{"not_picked":["JustLucky+1","Consecrate","WheelKick+1"],"picked":"SKIP","floor":21},{"not_picked":["Perseverance","Crescendo+1"],"picked":"TalkToTheHand","floor":22}],"player_experience":419581,"relics_obtained":[{"floor":7,"key":"WingedGreaves"},{"floor":8,"key":"White Beast Statue"},{"floor":9,"key":"Gremlin Horn"},{"floor":10,"key":"Art of War"}],"event_choices":[{"damage_healed":0,"gold_gain":100,"player_choice":"Pray","damage_taken":0,"max_hp_gain":0,"max_hp_loss":0,"event_name":"Golden Shrine","floor":2,"gold_loss":0},{"damage_healed":0,"gold_gain":0,"player_choice":"Upgraded","damage_taken":0,"max_hp_gain":0,"max_hp_loss":0,"event_name":"Upgrade Shrine","floor":14,"gold_loss":0,"cards_upgraded":["DevaForm"]},{"cards_removed":["Strike_P"],"damage_healed":0,"gold_gain":0,"player_choice":"Upgrade and Remove","damage_taken":0,"max_hp_gain":0,"max_hp_loss":0,"event_name":"Designer","floor":19,"gold_loss":90,"cards_upgraded":["Defend_P"]}],"is_beta":false,"boss_relics":[{"not_picked":["Ectoplasm","Empty Cage"],"picked":"SlaversCollar"}],"items_purged_floors":[],"is_endless":false,"potions_floor_spawned":[7,8,10,12,16,18,20,21,22],"killed_by":"Slavers","ascension_level":1}}