{"host":"6wux4armhsntp4yb","time":1610886311,"event":{"mods":["BaseMod","Colored Map","DeckTracker","Minty Spire (QoL Compilation)","Relic Stats"],"gold_per_floor":[212,39,51,62,62,62,91,91,91,123,135,135,135,148,148,225,225,238,255,180,196,196,196,230,244,244,244,244,258,258,258,258,330,330,345,360,370,370,381,414,414,444,444,444,444,394,394,67,67,67,67,67,67,17,17,17,17],"floor_reached":56,"language":"JPN","playtime":5003,"items_purged":["Setup+1","Swift Strike","Defend_G"],"score":1966,"play_id":"92fbed65-6125-4dfc-bab8-089182b25ffe","local_time":"20210117212511","is_ascension_mode":true,"campfire_choices":[{"data":"Predator","floor":6.0,"key":"SMITH"},{"data":"Terror","floor":8.0,"key":"SMITH"},{"data":"Echo Form","floor":13.0,"key":"SMITH"},{"data":"Neutralize","floor":15.0,"key":"SMITH"},{"floor":23.0,"key":"REST"},{"data":"Footwork","floor":28.0,"key":"SMITH"},{"data":"A Thousand Cuts","floor":30.0,"key":"SMITH"},{"data":"Feel No Pain","floor":32.0,"key":"SMITH"},{"floor":41.0,"key":"REST"},{"data":"DeceiveReality","floor":44.0,"key":"SMITH"},{"floor":49.0,"key":"RECALL"},{"data":"Enlightenment","floor":53.0,"key":"SMITH"}],"circlet_count":0,"master_deck":["AscendersBane","Defend_G","Defend_G","Survivor","Neutralize+1","Predator+1","DeceiveReality+1","Echo Form+1","A Thousand Cuts+1","Underhanded Strike+1","Venomology+1","Sweeping Beam","Feel No Pain+1","Fiend Fire","Infinite Blades","Footwork+1","Cloak And Dagger+1","Undo+1","Scrawl","PiercingWail+1","Enlightenment+1"],"relics":["Ring of the Snake","PrismaticShard","Lizard Tail","HornCleat","Pantograph","Astrolabe","Mercury Hourglass","Ice Cream","Snecko Eye","Smiling Mask","Blood Vial","Kunai"],"acts_visited":["Exordium","TheCity","TheBeyond","TheEnding"],"potions_floor_usage":[55,55,56],"damage_taken":[{"damage":3.0,"enemies":"2 Louse","floor":1.0,"turns":3.0},{"damage":2.0,"enemies":"Cultist","floor":3.0,"turns":4.0},{"damage":0.0,"enemies":"Small Slimes","floor":4.0,"turns":4.0},{"damage":15.0,"enemies":"Lagavulin","floor":7.0,"turns":7.0},{"damage":0.0,"enemies":"Gremlin Nob","floor":10.0,"turns":3.0},{"damage":0.0,"enemies":"3 Louse","floor":11.0,"turns":3.0},{"damage":8.0,"enemies":"Large Slime","floor":14.0,"turns":9.0},{"damage":22.0,"enemies":"Hexaghost","floor":16.0,"turns":6.0},{"damage":0.0,"enemies":"Spheric Guardian","floor":18.0,"turns":6.0},{"damage":4.0,"enemies":"Shell Parasite","floor":19.0,"turns":4.0},{"damage":19.0,"enemies":"3 Cultists","floor":21.0,"turns":6.0},{"damage":33.0,"enemies":"Gremlin Leader","floor":24.0,"turns":6.0},{"damage":1.0,"enemies":"Snecko","floor":25.0,"turns":6.0},{"damage":4.0,"enemies":"Snake Plant","floor":29.0,"turns":4.0},{"damage":0.0,"enemies":"Collector","floor":33.0,"turns":10.0},{"damage":0.0,"enemies":"Orb Walker","floor":35.0,"turns":4.0},{"damage":9.0,"enemies":"3 Darklings","floor":36.0,"turns":4.0},{"damage":0.0,"enemies":"Maw","floor":37.0,"turns":6.0},{"damage":9.0,"enemies":"Jaw Worm Horde","floor":39.0,"turns":5.0},{"damage":13.0,"enemies":"Reptomancer","floor":40.0,"turns":7.0},{"damage":11.0,"enemies":"Nemesis","floor":42.0,"turns":9.0},{"damage":3.0,"enemies":"Donu and Deca","floor":50.0,"turns":18.0},{"damage":45.0,"enemies":"Time Eater","floor":51.0,"turns":17.0},{"damage":62,"enemies":"Shield and Spear","floor":55,"turns":5},{"damage":95,"enemies":"The Heart","floor":56,"turns":8}],"seed_played":"3751555957507030283","potions_obtained":[{"floor":3.0,"key":"LiquidBronze"},{"floor":7.0,"key":"SteroidPotion"},{"floor":10.0,"key":"SteroidPotion"},{"floor":12.0,"key":"Regen Potion"},{"floor":16.0,"key":"EntropicBrew"},{"floor":24.0,"key":"ColorlessPotion"},{"floor":39.0,"key":"Poison Potion"}],"is_trial":false,"path_per_floor":["M","$","M","M","?","R","E","R","T","E","M","?","R","M","R","B",null,"M","M","?","M","?","R","E","M","T","?","R","M","R","?","R","B",null,"M","M","M","?","M","E","R","E","T","R","?","$","?","$","R","B","B",null,"R","$","E","B"],"character_chosen":"THE_SILENT","items_purchased":["PrismaticShard","Kunai"],"campfire_rested":2,"item_purchase_floors":[2,48],"current_hp_per_floor":[56,56,54,54,54,54,39,39,39,39,39,39,39,31,31,34,58,58,54,54,35,35,54,21,20,20,20,20,16,16,16,16,41,60,60,51,51,51,42,29,48,37,37,37,27,27,27,27,27,51,21,55,55,55,29,0,0],"gold":17,"neow_bonus":"HUNDRED_GOLD","is_daily":false,"chose_seed":false,"campfire_upgraded":9,"win_rate":0.0,"timestamp":1610886311,"path_taken":["M","$","M","M","?","R","E","R","T","E","?","?","R","?","R","BOSS","M","M","?","M","?","R","E","M","T","?","R","M","R","?","R","BOSS","M","M","M","?","M","E","R","E","T","R","?","$","?","$","R","BOSS","BOSS","R","$","E","BOSS"],"items_purchased_type":["Relic","Relic"],"build_version":"2020-12-22","purchased_purges":3,"victory":false,"max_hp_per_floor":[66,66,66,66,66,66,66,66,66,66,66,66,66,66,66,66,66,66,66,66,66,66,66,66,66,66,66,66,66,66,66,66,66,66,66,66,66,66,66,66,66,66,66,66,66,66,66,66,66,66,66,66,66,66,66,66,66],"relic_stats":{"Blood Vial":8,"Lizard Tail":33,"counters":[25,163],"Pantograph":113,"Astrolabe":["Setup","Underhanded Strike","Venomology"],"Snecko Eye":[115,133,127,116],"Kunai":[24],"Smiling Mask":150,"obtain_stats":[{"Ice Cream":26,"Blood Vial":42,"Lizard Tail":7,"HornCleat":9,"Pantograph":10,"Astrolabe":17,"Snecko Eye":34,"Kunai":48,"PrismaticShard":2,"Smiling Mask":40,"Ring of the Snake":0,"Mercury Hourglass":24},{"Ice Cream":13,"Blood Vial":21,"Lizard Tail":4,"HornCleat":4,"Pantograph":5,"Astrolabe":8,"Snecko Eye":15,"Kunai":21,"PrismaticShard":1,"Smiling Mask":20,"Ring of the Snake":0,"Mercury Hourglass":12},{"Ice Cream":67,"Blood Vial":115,"Lizard Tail":18,"HornCleat":18,"Pantograph":21,"Astrolabe":39,"Snecko Eye":81,"Kunai":115,"PrismaticShard":3,"Smiling Mask":106,"Ring of the Snake":0,"Mercury Hourglass":61}],"Ring of the Snake":[50],"Mercury Hourglass":[319]},"card_choices":[{"not_picked":["PiercingWail","Outmaneuver"],"picked":"Terror","floor":1.0},{"not_picked":["Clash","Consume"],"picked":"Swift Strike","floor":3.0},{"not_picked":["Steam","Fusion"],"picked":"Predator","floor":4.0},{"not_picked":["Heel Hook","Anger"],"picked":"DeceiveReality","floor":7.0},{"not_picked":["Backflip","Pray"],"picked":"Echo Form","floor":10.0},{"not_picked":["Weave","Darkness","Sweeping Beam"],"picked":"SKIP","floor":11.0},{"not_picked":["Crescendo","Beam Cell","Warcry"],"picked":"SKIP","floor":14.0},{"not_picked":["Judgement","ConjureBlade"],"picked":"A Thousand Cuts","floor":16.0},{"not_picked":["PathToVictory","Redo"],"picked":"Sweeping Beam","floor":18.0},{"not_picked":["Backflip","BattleHymn"],"picked":"Feel No Pain","floor":19.0},{"not_picked":["FlurryOfBlows","Prostrate+1"],"picked":"Fiend Fire","floor":21.0},{"not_picked":["ReachHeaven","Quick Slash","Doom and Gloom"],"picked":"SKIP","floor":24.0},{"not_picked":["Streamline","Crippling Poison+1"],"picked":"Infinite Blades","floor":25.0},{"not_picked":["JustLucky","Underhanded Strike"],"picked":"Undo+1","floor":29.0},{"not_picked":["Magnetism","Fiend Fire"],"picked":"Scrawl","floor":33.0},{"not_picked":["Rebound","Compile Driver","ThirdEye"],"picked":"SKIP","floor":35.0},{"not_picked":["Conserve Battery","Flex+1","SashWhip+1"],"picked":"SKIP","floor":36.0},{"not_picked":["Cleave","JustLucky"],"picked":"PiercingWail+1","floor":37.0},{"not_picked":["Steam","Ball Lightning","Steam Power"],"picked":"SKIP","floor":39.0},{"not_picked":["Cold Snap","ReachHeaven","Compile Driver"],"picked":"SKIP","floor":40.0},{"not_picked":["Terror","JustLucky","EmptyMind"],"picked":"SKIP","floor":42.0},{"not_picked":["Jack Of All Trades","Bandage Up"],"picked":"Enlightenment","floor":45.0}],"player_experience":5795548,"relics_obtained":[{"floor":7.0,"key":"Lizard Tail"},{"floor":9.0,"key":"HornCleat"},{"floor":10.0,"key":"Pantograph"},{"floor":24.0,"key":"Mercury Hourglass"},{"floor":26.0,"key":"Ice Cream"},{"floor":40.0,"key":"Smiling Mask"},{"floor":42.0,"key":"Blood Vial"}],"event_choices":[{"cards_removed":["Strike_G"],"damage_healed":0.0,"max_hp_gain":0.0,"max_hp_loss":0.0,"gold_gain":0.0,"event_name":"Bonfire Elementals","player_choice":"Offered Basic","floor":5.0,"gold_loss":0.0,"damage_taken":0.0},{"damage_healed":0.0,"max_hp_gain":0.0,"max_hp_loss":0.0,"gold_gain":0.0,"event_name":"Lab","player_choice":"Got Potions","floor":12.0,"gold_loss":0.0,"damage_taken":0.0},{"cards_removed":["Strike_G"],"damage_healed":0.0,"max_hp_gain":0.0,"max_hp_loss":0.0,"gold_gain":0.0,"event_name":"Beggar","player_choice":"Gave Gold","floor":20.0,"gold_loss":75.0,"damage_taken":0.0},{"damage_healed":0.0,"max_hp_gain":0.0,"max_hp_loss":0.0,"gold_gain":0.0,"event_name":"Cursed Tome","player_choice":"Ignored","floor":22.0,"gold_loss":0.0,"damage_taken":0.0},{"damage_healed":0.0,"max_hp_gain":0.0,"max_hp_loss":0.0,"gold_gain":0.0,"cards_transformed":["Defend_G","Defend_G"],"event_name":"Drug Dealer","player_choice":"Became Test Subject","floor":27.0,"gold_loss":0.0,"damage_taken":0.0,"cards_obtained":["Footwork","Cloak And Dagger"]},{"damage_healed":0.0,"max_hp_gain":0.0,"max_hp_loss":0.0,"gold_gain":0.0,"event_name":"Accursed Blacksmith","player_choice":"Forge","floor":31.0,"gold_loss":0.0,"damage_taken":0.0,"cards_upgraded":["Cloak And Dagger"]},{"damage_healed":0.0,"max_hp_gain":0.0,"max_hp_loss":0.0,"gold_gain":0.0,"event_name":"Mysterious Sphere","player_choice":"Ignored","floor":38.0,"gold_loss":0.0,"damage_taken":0.0},{"damage_healed":0.0,"max_hp_gain":0.0,"max_hp_loss":0.0,"gold_gain":0.0,"event_name":"SensoryStone","player_choice":"Memory 3","floor":45.0,"gold_loss":0.0,"damage_taken":10.0},{"cards_removed":["Terror"],"damage_healed":0.0,"max_hp_gain":0.0,"max_hp_loss":0.0,"gold_gain":0.0,"event_name":"Falling","player_choice":"Removed Skill","floor":47.0,"gold_loss":0.0,"damage_taken":0.0}],"is_beta":false,"boss_relics":[{"not_picked":["Black Star","Cursed Key"],"picked":"Astrolabe"},{"not_picked":["Philosopher\u0027s Stone","Sozu"],"picked":"Snecko Eye"}],"items_purged_floors":[46,48,54],"is_endless":false,"potions_floor_spawned":[3,7,10,14,16,24,39,42],"killed_by":"The Heart","ascension_level":20}}