{"host":"farxtl2u8hmkbdo2","time":1610909969,"event":{"mods":["A Magickal Journey","BaseMod","Challenge The Spire","Colored Map","Colored Powertips","Current Relic Mod","Energized Spire","Gremlin Mod","Hubris","Mimic Mod","Minty Spire (QoL Compilation)","Quick Restart","READ ME - Guardian Mod","READ ME - Snecko Mod","StSLib","The Bladedancer","The Bug Knight","The Disciple","The Elementalist","The Factory","The Necromancer","The Runesmith"],"gold_per_floor":[110,110,133,158,158,199,224,224,274,274,274,299,324,363,363,488,488,508,524,574,574,574,612,612,646,646,646,673,698,709,729,729,834,784,800,800,800,5,17,17,17,33,85,85,117,117,149,169,169,169],"floor_reached":51,"language":"SPA","playtime":3644,"items_purged":["HollowMod:PureNailStrike"],"score":798,"play_id":"15c9bc12-1207-450d-b911-e9d7acbb508f","local_time":"20210117155929","is_ascension_mode":false,"campfire_choices":[{"data":"HollowMod:MantisMark","floor":8,"key":"SMITH"},{"data":"HollowMod:CycloneSlash","floor":10,"key":"SMITH"},{"data":"HollowMod:GreatSlash","floor":15,"key":"SMITH"},{"floor":24,"key":"REST"},{"data":"HollowMod:ShadowDash","floor":32,"key":"SMITH"},{"data":"Discovery","floor":40,"key":"SMITH"},{"data":"HollowMod:VoidDash","floor":44,"key":"SMITH"},{"data":"Madness","floor":46,"key":"SMITH"},{"data":"HollowMod:MantisMark","floor":49,"key":"SMITH"}],"circlet_count":0,"master_deck":["HollowMod:GrimmsGift+1","HollowMod:NailStrikeStart","HollowMod:NailStrikeStart","HollowMod:NailStrikeStart","HollowMod:NailStrikeStart","HollowMod:QuickDashStart","HollowMod:QuickDashStart","HollowMod:QuickDashStart","HollowMod:QuickDashStart","HollowMod:FocusHealStart+1","HollowMod:PogoStrike+1","HollowMod:HuntersJournal+1","HollowMod:VengefulVoid","HollowMod:CycloneSlash+1","HollowMod:MantisMark+1","HollowMod:ShadowDash+1","HollowMod:FastStrike","HollowMod:GreatSlash+1","HollowMod:FastStrike","HollowMod:VoidDash+1","HollowMod:MantisMark+1","HollowMod:WraithStrike+1","HollowMod:BlackTendrils","HollowMod:VengefulVoid","HollowMod:DescendingDark","HollowMod:DashSlash+1","HollowMod:ElderbugsWisdom","HollowMod:NailStrikeStart","HollowMod:VengefulVoid+1","Madness+1","Madness+1","HollowMod:WraithStrike","HollowMod:SiblingsSouls","Discovery+1","HollowMod:PerfectDash+1","HollowMod:CrystalDash","HollowMod:VengefulVoid+1"],"relics":["HollowMod:VesselMask","Bloody Idol","Bronze Scales","Omamori","Bag of Marbles","Black Star","hubris:Icosahedron","Blood Vial","hubris:BottledRain","Art of War","Singing Bowl","Anchor","Potion Belt","Smiling Mask","CaptainsWheel","energizedSpire:HugeHouse","HollowMod:LifeEnderRelic","hubris:SphereOfDissonance","HollowMod:PaleOreRelic","Ginger","Oddly Smooth Stone","PreservedInsect","Gremlin Horn"],"acts_visited":["Exordium","TheCity","TheBeyond"],"potions_floor_usage":[6,6,6,14,14,19,23,25,25,29,31,45,45,48,48,50,50],"damage_taken":[{"damage":3,"enemies":"Jaw Worm","floor":1,"turns":4},{"damage":2,"enemies":"2 Louse","floor":3,"turns":4},{"damage":0,"enemies":"Small Slimes","floor":4,"turns":2},{"damage":40,"enemies":"Gremlin Nob","floor":6,"turns":4},{"damage":0,"enemies":"3 Louse","floor":7,"turns":2},{"damage":4,"enemies":"Large Slime","floor":9,"turns":7},{"damage":10,"enemies":"Large Slime","floor":12,"turns":4},{"damage":5,"enemies":"Looter","floor":13,"turns":2},{"damage":13,"enemies":"3 Sentries","floor":14,"turns":4},{"damage":9,"enemies":"Hexaghost","floor":16,"turns":7},{"damage":13,"enemies":"2 Thieves","floor":18,"turns":3},{"damage":0,"enemies":"Shell Parasite","floor":19,"turns":3},{"damage":17,"enemies":"Book of Stabbing","floor":23,"turns":3},{"damage":17,"enemies":"Gremlin Leader","floor":25,"turns":4},{"damage":15,"enemies":"Book of Stabbing","floor":29,"turns":3},{"damage":8,"enemies":"Snake Plant","floor":30,"turns":2},{"damage":0,"enemies":"Cultist and Chosen","floor":31,"turns":3},{"damage":57,"enemies":"Collector","floor":33,"turns":6},{"damage":5,"enemies":"3 Darklings","floor":35,"turns":3},{"damage":3,"enemies":"Orb Walker","floor":39,"turns":2},{"damage":27,"enemies":"Spire Growth","floor":42,"turns":4},{"damage":1,"enemies":"Nemesis","floor":45,"turns":3},{"damage":0,"enemies":"Reptomancer","floor":47,"turns":4},{"damage":0,"enemies":"Jaw Worm Horde","floor":48,"turns":2},{"damage":20,"enemies":"HollowMod:Radiance","floor":50,"turns":7}],"seed_played":"-5420316500016631900","potions_obtained":[{"floor":1,"key":"EntropicBrew"},{"floor":3,"key":"SteroidPotion"},{"floor":13,"key":"Energy Potion"},{"floor":16,"key":"DuplicationPotion"},{"floor":18,"key":"SkillPotion"},{"floor":23,"key":"Swift Potion"},{"floor":25,"key":"AttackPotion"},{"floor":30,"key":"Fire Potion"},{"floor":42,"key":"AttackPotion"},{"floor":47,"key":"EntropicBrew"},{"floor":48,"key":"Explosive Potion"}],"is_trial":false,"path_per_floor":["M","?","M","M","?","E","M","R","MIM","R","?","M","M","E","R","B",null,"M","M","?","?","?","E","R","E","T","?","T","E","M","M","R","B",null,"M","?","?","$","M","R","?","M","T","R","E","R","E","M","R","B",null],"character_chosen":"THE_BUGKNIGHT","items_purchased":["HollowMod:LifeEnderRelic","hubris:SphereOfDissonance","HollowMod:WraithStrike","HollowMod:SiblingsSouls","Discovery","SteroidPotion"],"campfire_rested":1,"item_purchase_floors":[38,38,38,38,38,38],"current_hp_per_floor":[72,54,58,58,58,24,30,30,38,38,23,19,20,13,13,14,75,62,62,62,16,16,5,27,18,18,18,23,26,31,48,48,8,72,72,63,63,63,70,70,70,52,57,57,74,74,76,76,76,62],"gold":169,"neow_bonus":"ONE_RANDOM_RARE_CARD","is_daily":false,"chose_seed":false,"campfire_upgraded":8,"win_rate":0.0,"timestamp":1610909969,"path_taken":["M","?","M","M","?","E","M","R","MIM","R","?","M","M","E","R","BOSS","M","M","?","?","?","E","R","E","T","?","?","E","M","M","R","BOSS","M","?","?","$","M","R","?","M","T","R","E","R","E","M","R","BOSS"],"items_purchased_type":["Relic","Relic","Card","Card","Card","Potion"],"build_version":"2020-12-22","purchased_purges":1,"victory":true,"max_hp_per_floor":[75,75,75,75,75,75,75,75,75,75,75,75,75,75,75,75,75,75,75,75,75,75,75,75,77,77,77,77,77,77,77,77,77,72,72,72,72,72,72,72,72,74,74,74,74,74,76,76,76,76],"card_choices":[{"not_picked":["HollowMod:QuirrelsAssistance","HollowMod:DoubleDash"],"picked":"HollowMod:HuntersJournal","floor":1},{"not_picked":["HollowMod:SoulStrike","HollowMod:LifebloodCocoon"],"picked":"HollowMod:VengefulVoid","floor":3},{"not_picked":["HollowMod:CoiledNail","HollowMod:SoulEater"],"picked":"HollowMod:CycloneSlash","floor":4},{"not_picked":["HollowMod:HowlingWraiths","HollowMod:CloakDash"],"picked":"HollowMod:MantisMark","floor":6},{"not_picked":["HollowMod:AbyssShriek","HollowMod:WraithStrike"],"picked":"HollowMod:ShadowDash","floor":7},{"not_picked":["HollowMod:SoulShaman","HollowMod:SoulStrike"],"picked":"HollowMod:FastStrike","floor":9},{"not_picked":["HollowMod:GoodIntentions","HollowMod:LifebloodCocoon"],"picked":"HollowMod:GreatSlash","floor":12},{"not_picked":["HollowMod:HeavyBlow","HollowMod:ChannelNail"],"picked":"HollowMod:NewLittleFool","floor":13},{"not_picked":["HollowMod:GoodIntentions","HollowMod:SoulStrike"],"picked":"HollowMod:FastStrike","floor":14},{"not_picked":["HollowMod:ElderbugsWisdom","HollowMod:SoulMaster"],"picked":"HollowMod:VoidDash","floor":16},{"not_picked":["HollowMod:BaldurShell+1","HollowMod:InfectionAssault+1"],"picked":"HollowMod:MantisMark","floor":18},{"not_picked":["HollowMod:PerfectDash","HollowMod:DashSlash+1"],"picked":"HollowMod:WraithStrike+1","floor":19},{"not_picked":["HollowMod:CornifersMapStart","HollowMod:SharpenedNail"],"picked":"HollowMod:BlackTendrils","floor":23},{"not_picked":["HollowMod:BaldurShell","HollowMod:NewGlowingWomb","HollowMod:MonarchWings"],"picked":"Singing Bowl","floor":25},{"not_picked":["HollowMod:InfectedCysts","HollowMod:NewLittleFool"],"picked":"HollowMod:VengefulVoid","floor":29},{"not_picked":["HollowMod:SharpenedShadows","HollowMod:NewGlowingWomb"],"picked":"HollowMod:DescendingDark","floor":30},{"not_picked":["HollowMod:CrystalDash","HollowMod:FallenFury+1"],"picked":"HollowMod:DashSlash+1","floor":31},{"not_picked":["HollowMod:ZotesMagnificence","HollowMod:AwokenDreamNail"],"picked":"HollowMod:ElderbugsWisdom","floor":33},{"not_picked":["HollowMod:ShapeofUnn","HollowMod:HeavyBlow"],"picked":"HollowMod:VengefulVoid+1","floor":35},{"not_picked":["HollowMod:GoodIntentions","HollowMod:HowlingWraiths+1"],"picked":"HollowMod:PerfectDash+1","floor":39},{"not_picked":["HollowMod:TaintedHusks","HollowMod:DoubleDash+1","HollowMod:GoodIntentions"],"picked":"Singing Bowl","floor":42},{"not_picked":["HollowMod:AbyssShriek","HollowMod:LifebloodCocoon+1"],"picked":"HollowMod:CrystalDash","floor":45},{"not_picked":["HollowMod:SoulMaster","HollowMod:GoodIntentions+1","HollowMod:InfectedCysts+1"],"picked":"Singing Bowl","floor":47},{"not_picked":["HollowMod:CycloneSlash+1","HollowMod:CornifersMapStart+1"],"picked":"HollowMod:VengefulVoid+1","floor":48}],"player_experience":1853771,"relics_obtained":[{"floor":6,"key":"Bronze Scales"},{"floor":9,"key":"Omamori"},{"floor":14,"key":"Bag of Marbles"},{"floor":23,"key":"Blood Vial"},{"floor":23,"key":"hubris:BottledRain"},{"floor":25,"key":"Art of War"},{"floor":25,"key":"Singing Bowl"},{"floor":26,"key":"Anchor"},{"floor":28,"key":"Potion Belt"},{"floor":29,"key":"Smiling Mask"},{"floor":29,"key":"CaptainsWheel"},{"floor":43,"key":"HollowMod:PaleOreRelic"},{"floor":45,"key":"Ginger"},{"floor":45,"key":"Oddly Smooth Stone"},{"floor":47,"key":"PreservedInsect"},{"floor":47,"key":"Gremlin Horn"}],"event_choices":[{"damage_healed":0,"gold_gain":0,"player_choice":"Take Damage","damage_taken":18,"relics_obtained":["Golden Idol"],"max_hp_gain":0,"max_hp_loss":0,"event_name":"Golden Idol","floor":2,"gold_loss":0},{"damage_healed":0,"gold_gain":0,"player_choice":"Entered Light","damage_taken":15,"max_hp_gain":0,"max_hp_loss":0,"event_name":"Shining Light","floor":11,"gold_loss":0,"cards_upgraded":["HollowMod:HuntersJournal","HollowMod:PogoStrike"]},{"damage_healed":0,"gold_gain":0,"player_choice":"Gave Idol","damage_taken":0,"relics_obtained":["Bloody Idol"],"max_hp_gain":0,"max_hp_loss":0,"event_name":"Forgotten Altar","floor":27,"relics_lost":["Golden Idol"],"gold_loss":0},{"damage_healed":0,"gold_gain":0,"player_choice":"Embrace Madness","damage_taken":9,"max_hp_gain":0,"max_hp_loss":0,"event_name":"Winding Halls","floor":36,"gold_loss":0,"cards_obtained":["Madness","Madness"]},{"damage_healed":0,"gold_gain":0,"player_choice":"Forge","damage_taken":0,"max_hp_gain":0,"max_hp_loss":0,"event_name":"Accursed Blacksmith","floor":41,"gold_loss":0,"cards_upgraded":["Madness"]}],"is_beta":false,"boss_relics":[{"not_picked":["Philosopher\u0027s Stone","Tiny House"],"picked":"Black Star"},{"not_picked":["Astrolabe","energizedSpire:StickyHand"],"picked":"energizedSpire:HugeHouse"}],"items_purged_floors":[38],"is_endless":false,"potions_floor_spawned":[1,3,13,16,18,23,25,30,42,47,48],"ascension_level":0}}