{"host":"o7j6aatxjwpw1421","time":1610863900,"event":{"mods":["2.2 Compatiblity","AchievementEnabler","BaseMod","Colored Map","DeckTracker","Highlight Path","Keyboard Shortcuts","Minty Spire (QoL Compilation)","Permanent Neow","Quick Restart","StSLib","SuperFastMode","everything is the same but u backflip on backflip"],"gold_per_floor":[119,133,133,148,223,223,234,249,249,249,174,192,192,207,207,311,311,311,311],"floor_reached":18,"language":"KOR","playtime":929,"items_purged":["Strike_P"],"score":216,"play_id":"86daae3f-2c91-484c-ab36-2f7e56d4eab1","local_time":"20210117151140","is_ascension_mode":true,"campfire_choices":[{"data":"Eruption","floor":6.0,"key":"SMITH"},{"data":"EmptyBody","floor":13.0,"key":"SMITH"},{"data":"Vigilance","floor":15.0,"key":"SMITH"}],"circlet_count":0,"master_deck":["Eruption+1","Vigilance+1","EmptyBody+1","ConjureBlade","Swivel","Judgement","Perseverance","Fasting2","Evaluate","LikeWater","JustLucky"],"relics":["PureWater","NeowsBlessing","Question Card","Pandora\u0027s Box"],"acts_visited":["Exordium","TheCity"],"potions_floor_usage":[16],"damage_taken":[{"damage":0.0,"enemies":"Cultist","floor":1.0,"turns":1.0},{"damage":0.0,"enemies":"Small Slimes","floor":2.0,"turns":1.0},{"damage":0.0,"enemies":"2 Louse","floor":4.0,"turns":1.0},{"damage":3.0,"enemies":"Blue Slaver","floor":7.0,"turns":3.0},{"damage":9.0,"enemies":"Gremlin Gang","floor":8.0,"turns":4.0},{"damage":8.0,"enemies":"Exordium Thugs","floor":12.0,"turns":3.0},{"damage":0.0,"enemies":"Blue Slaver","floor":14.0,"turns":3.0},{"damage":5,"enemies":"Hexaghost","floor":16,"turns":9},{"damage":0,"enemies":"Chosen","floor":18,"turns":5}],"seed_played":"-6073532120403916220","potions_obtained":[{"floor":2.0,"key":"CultistPotion"},{"floor":7.0,"key":"BottledMiracle"},{"floor":8.0,"key":"Explosive Potion"},{"floor":12.0,"key":"Swift Potion"}],"is_trial":false,"path_per_floor":["M","M","?","M","?","R","M","M","T","?","$","M","R","M","R","B",null,"M"],"character_chosen":"WATCHER","items_purchased":[],"campfire_rested":0,"item_purchase_floors":[],"current_hp_per_floor":[65,65,65,65,54,54,51,42,42,28,28,20,20,20,20,15,58,58,58],"gold":311,"neow_bonus":"THREE_ENEMY_KILL","is_daily":false,"chose_seed":false,"campfire_upgraded":3,"win_rate":0.0,"timestamp":1610863900,"path_taken":["M","?","?","?","?","R","M","M","T","?","?","M","R","M","R","BOSS","M"],"items_purchased_type":[],"build_version":"2020-12-22","purchased_purges":1,"victory":false,"max_hp_per_floor":[72,72,72,72,72,72,72,72,72,72,72,72,72,72,72,72,72,72,72],"card_choices":[{"not_picked":["Prostrate","JustLucky","Weave"],"picked":"SKIP","floor":1.0},{"not_picked":["ThirdEye","Pray","ForeignInfluence"],"picked":"SKIP","floor":2.0},{"not_picked":["Prostrate","FlyingSleeves","ForeignInfluence"],"picked":"SKIP","floor":4.0},{"not_picked":["BattleHymn","Crescendo","LikeWater"],"picked":"SKIP","floor":7.0},{"not_picked":["TalkToTheHand","CrushJoints","MasterReality"],"picked":"SKIP","floor":8.0},{"not_picked":["BattleHymn","Protect","Nirvana"],"picked":"EmptyBody","floor":12.0},{"not_picked":["BowlingBash","Sanctity","Nirvana","FlurryOfBlows"],"picked":"SKIP","floor":14.0},{"not_picked":["DevaForm","Blasphemy","Wish"],"picked":"ConjureBlade","floor":16}],"player_experience":548983,"relics_obtained":[{"floor":9.0,"key":"Question Card"}],"event_choices":[{"damage_healed":0.0,"max_hp_gain":0.0,"max_hp_loss":0.0,"gold_gain":0.0,"event_name":"The Woman in Blue","player_choice":"Bought 0 Potions","floor":3.0,"gold_loss":0.0,"damage_taken":0.0},{"damage_healed":0.0,"max_hp_gain":0.0,"max_hp_loss":0.0,"gold_gain":75.0,"event_name":"World of Goop","player_choice":"Gather Gold","floor":5.0,"gold_loss":0.0,"damage_taken":11.0},{"damage_healed":0.0,"max_hp_gain":0.0,"max_hp_loss":0.0,"gold_gain":0.0,"event_name":"Shining Light","player_choice":"Entered Light","floor":10.0,"gold_loss":0.0,"damage_taken":14.0,"cards_upgraded":["Strike_P","Strike_P"]}],"is_beta":false,"boss_relics":[{"not_picked":["Velvet Choker","Coffee Dripper"],"picked":"Pandora\u0027s Box"}],"items_purged_floors":[11],"is_endless":false,"potions_floor_spawned":[2,7,8,12],"killed_by":"Chosen","ascension_level":8}}