{"host":"fr3ip57hl52y255p","time":1610899622,"event":{"mods":["Act Like it!","BaseMod","Challenge The Spire","Colored Powertips","Downfall","Luminous","Mari Mod (Legacy)","Mari\u0027s V1 Patch","Minty Spire (QoL Compilation)","READ ME - Guardian Mod","Relic Stats","StSLib","The Hierophant","[GremlinLeader]The Maniac"],"gold_per_floor":[118,118,43,118,293,293,2,29,54,68,68,68,68,78,78,179,179,198,89,89,108,128,128,128,140,165,165,165,165,179,179,179,276,276,287,287,337,357,357,357,357],"floor_reached":40,"language":"ZHS","playtime":3648,"items_purged":["maniac:Defend"],"score":505,"play_id":"0251fa33-1f47-4281-a9e5-79e1bd1f0cd6","local_time":"20210118000702","is_ascension_mode":false,"campfire_choices":[{"data":"maniac:FoilArmor","floor":6.0,"key":"SMITH"},{"data":"maniac:BladeArtist","floor":13.0,"key":"SMITH"},{"data":"Dark Shackles","floor":15.0,"key":"SMITH"},{"data":"maniac:BladesInCloak","floor":23.0,"key":"SMITH"},{"floor":27.0,"key":"REST"},{"data":"maniac:BladesInCloak","floor":29.0,"key":"SMITH"},{"floor":32.0,"key":"REST"}],"circlet_count":0,"master_deck":["maniac:Strike+1","maniac:Strike+1","maniac:Strike+1","maniac:Strike","maniac:Defend","maniac:Defend","maniac:Defend+1","maniac:BurnBlood+1","maniac:AbyssShackle","maniac:FoilArmor+1","Dark Shackles+1","maniac:BladeArtist+1","maniac:BurnBlood+1","Doubt","maniac:Retrospect","maniac:ReconstructWounds+1","maniac:FindAShortcut","maniac:ShadowContact+1","maniac:Refine+1","maniac:BladesInCloak+1","Purity","maniac:SecretBackups+1","maniac:BladesInCloak+1","maniac:BladesInCloak+1","maniac:ShelteringEdge","maniac:ShelteringEdge","maniac:TimeForm","maniac:ExpectedMoves+1"],"relics":["maniac:EnchantedAnvil","maniac:BrokenHorn","Mummified Hand","InkBottle","PreservedInsect","Art of War","Black Star","Pocketwatch","maniac:MarkerPen"],"acts_visited":["Exordium","TheCity","TheBeyond"],"potions_floor_usage":[33,33,33],"damage_taken":[{"damage":3.0,"enemies":"Small Slimes","floor":1.0,"turns":2.0},{"damage":12.0,"enemies":"Lagavulin","floor":8.0,"turns":10.0},{"damage":3.0,"enemies":"Cultist","floor":10.0,"turns":4.0},{"damage":14.0,"enemies":"Jaw Worm","floor":14.0,"turns":6.0},{"damage":6.0,"enemies":"The Guardian","floor":16.0,"turns":6.0},{"damage":10.0,"enemies":"Spheric Guardian","floor":18.0,"turns":14.0},{"damage":18.0,"enemies":"3 Byrds","floor":21.0,"turns":7.0},{"damage":44.0,"enemies":"Snake Plant","floor":22.0,"turns":10.0},{"damage":17.0,"enemies":"Cultist and Chosen","floor":25.0,"turns":5.0},{"damage":12.0,"enemies":"Centurion and Healer","floor":30.0,"turns":5.0},{"damage":6,"enemies":"Automaton","floor":33,"turns":6},{"damage":24,"enemies":"3 Darklings","floor":35,"turns":7},{"damage":25,"enemies":"Mind Bloom Boss Battle","floor":37,"turns":7},{"damage":15,"enemies":"Orb Walker","floor":38,"turns":5},{"damage":29,"enemies":"Nemesis","floor":40,"turns":2}],"seed_played":"6316800234686532820","potions_obtained":[{"floor":8.0,"key":"Ancient Potion"},{"floor":10.0,"key":"AttackPotion"},{"floor":16.0,"key":"Block Potion"},{"floor":18.0,"key":"EntropicBrew"},{"floor":21.0,"key":"Guardian:BlockOnCardUsePotion"},{"floor":30.0,"key":"FearPotion"},{"floor":35,"key":"EssenceOfSteel"},{"floor":38,"key":"BlessingOfTheForge"}],"is_trial":false,"path_per_floor":["M","?","$","?","?","R","$","E","T","M","$","$","R","M","R","B",null,"M","$","?","M","M","R","?","M","T","R","?","R","M","?","R","B",null,"M","?","?","M","?","E"],"character_chosen":"THE_MANIAC","items_purchased":["Mummified Hand","maniac:Retrospect","maniac:BladesInCloak","Purity"],"campfire_rested":2,"item_purchase_floors":[7,7,19,19],"current_hp_per_floor":[77,77,77,66,66,66,66,54,54,63,63,63,63,57,57,55,80,73,73,58,52,20,20,20,11,11,36,36,36,28,28,53,47,85,61,61,36,21,21,0,0],"gold":357,"neow_bonus":"REMOVE_CARD","is_daily":false,"chose_seed":false,"campfire_upgraded":5,"win_rate":0.0,"timestamp":1610899622,"path_taken":["M","?","?","?","?","R","?","E","T","M","?","$","R","M","R","BOSS","M","?","?","M","M","R","?","M","T","R","?","R","M","?","R","BOSS","M","?","?","M","?","E"],"items_purchased_type":["Relic","Card","Card","Card"],"build_version":"2020-12-22","purchased_purges":1,"victory":false,"max_hp_per_floor":[80,80,80,80,80,80,80,80,80,80,80,80,80,80,80,80,80,80,80,85,85,85,85,85,85,85,85,85,85,85,85,85,85,85,85,85,85,85,85,85,85],"relic_stats":{"counters":[15,96],"Mummified Hand":[66],"PreservedInsect":47,"Art of War":[3],"Black Star":0,"obtain_stats":[{"maniac:MarkerPen":39,"maniac:DamagedAnvil":0,"maniac:BrokenHorn":0,"maniac:EnchantedAnvil":17,"Mummified Hand":7,"PreservedInsect":9,"Art of War":26,"Black Star":34,"InkBottle":8,"Pocketwatch":37},{"maniac:MarkerPen":14,"maniac:DamagedAnvil":0,"maniac:BrokenHorn":0,"maniac:EnchantedAnvil":5,"Mummified Hand":1,"PreservedInsect":2,"Art of War":9,"Black Star":11,"InkBottle":2,"Pocketwatch":13},{"maniac:MarkerPen":94,"maniac:DamagedAnvil":0,"maniac:BrokenHorn":0,"maniac:EnchantedAnvil":28,"Mummified Hand":2,"PreservedInsect":12,"Art of War":64,"Black Star":75,"InkBottle":12,"Pocketwatch":89}],"InkBottle":[38],"Pocketwatch":[3]},"card_choices":[{"not_picked":["maniac:SpectralKnives","maniac:Quickdraw"],"picked":"maniac:FoilArmor","floor":1.0},{"not_picked":["maniac:DashForward","maniac:Feint"],"picked":"maniac:ReconstructWounds","floor":8.0},{"not_picked":["maniac:MeleeStrike","maniac:Assassinate"],"picked":"maniac:FindAShortcut","floor":10.0},{"not_picked":["maniac:ListenToNone","maniac:UntravelledPath","maniac:WitnessTrueSorcery"],"picked":"SKIP","floor":14.0},{"not_picked":["maniac:UniversalPerception","maniac:Deal"],"picked":"maniac:ShadowContact","floor":16.0},{"not_picked":["maniac:FindAShortcut","maniac:AllOutAttack"],"picked":"maniac:Refine","floor":18.0},{"not_picked":["maniac:PanickyParry+1","maniac:Refine"],"picked":"maniac:SecretBackups+1","floor":21.0},{"not_picked":["maniac:MeleeStrike+1","maniac:Reforge+1"],"picked":"maniac:BladesInCloak","floor":22.0},{"not_picked":["maniac:BladeShoot+1","maniac:WardAndDefend"],"picked":"maniac:BladesInCloak+1","floor":25.0},{"not_picked":["maniac:BladeShoot+1","maniac:HammerStrike"],"picked":"maniac:ShelteringEdge","floor":30.0},{"not_picked":["maniac:Simulacrum","maniac:ExceedEnchantment"],"picked":"maniac:TimeForm","floor":33},{"not_picked":["maniac:Refine+1","maniac:Confront+1","maniac:MortalSteel"],"picked":"SKIP","floor":35},{"not_picked":["maniac:Refine","maniac:BladeShoot"],"picked":"maniac:ExpectedMoves+1","floor":37},{"not_picked":["maniac:AlleviatingSorcery","maniac:ObscuredAttack+1","maniac:ListenToNone"],"picked":"SKIP","floor":38}],"player_experience":119622,"relics_obtained":[{"floor":8.0,"key":"InkBottle"},{"floor":9.0,"key":"PreservedInsect"},{"floor":26.0,"key":"Art of War"},{"floor":37,"key":"Pocketwatch"}],"event_choices":[{"damage_healed":0.0,"max_hp_gain":0.0,"max_hp_loss":0.0,"gold_gain":0.0,"event_name":"Match and Keep!","player_choice":"3 cards matched","floor":2.0,"gold_loss":0.0,"damage_taken":0.0,"cards_obtained":["Dark Shackles","maniac:BladeArtist","maniac:BurnBlood"]},{"damage_healed":0.0,"max_hp_gain":0.0,"max_hp_loss":0.0,"gold_gain":75.0,"event_name":"World of Goop","player_choice":"Gather Gold","floor":4.0,"gold_loss":0.0,"damage_taken":11.0},{"damage_healed":0.0,"max_hp_gain":0.0,"max_hp_loss":0.0,"gold_gain":175.0,"event_name":"Liars Game","player_choice":"AGREE","floor":5.0,"gold_loss":0.0,"damage_taken":0.0,"cards_obtained":["Doubt"]},{"damage_healed":0.0,"max_hp_gain":5.0,"max_hp_loss":0.0,"gold_gain":0.0,"event_name":"Forgotten Altar","player_choice":"Shed Blood","floor":20.0,"gold_loss":0.0,"damage_taken":20.0},{"damage_healed":0.0,"max_hp_gain":0.0,"max_hp_loss":0.0,"gold_gain":0.0,"event_name":"The Library","player_choice":"Read","floor":28.0,"gold_loss":0.0,"damage_taken":0.0,"cards_obtained":["maniac:ShelteringEdge"]},{"damage_healed":0.0,"max_hp_gain":0.0,"max_hp_loss":0.0,"gold_gain":0.0,"event_name":"NoteForYourself","player_choice":"Ignored","floor":31.0,"gold_loss":0.0,"damage_taken":0.0},{"damage_healed":0,"gold_gain":0,"player_choice":"Ignored","damage_taken":0,"max_hp_gain":0,"max_hp_loss":0,"event_name":"Tomb of Lord Red Mask","floor":36,"gold_loss":0},{"damage_healed":0,"gold_gain":0,"player_choice":"Fight","damage_taken":0,"max_hp_gain":0,"max_hp_loss":0,"event_name":"MindBloom","floor":37,"gold_loss":0},{"damage_healed":0,"gold_gain":0,"player_choice":"Gave Potion","damage_taken":0,"relics_obtained":["maniac:MarkerPen"],"max_hp_gain":0,"max_hp_loss":0,"event_name":"WeMeetAgain","floor":39,"gold_loss":0}],"is_beta":false,"boss_relics":[{"not_picked":["Busted Crown","Fusion Hammer"],"picked":"maniac:EnchantedAnvil"},{"not_picked":["Tiny House","Velvet Choker"],"picked":"Black Star"}],"items_purged_floors":[3],"is_endless":false,"potions_floor_spawned":[8,10,16,18,21,30,35,38],"killed_by":"Nemesis","ascension_level":0}}