{"host":"h2zaclyrd1q1i31f","time":1610853678,"event":{"mods":["Act Like it!","BaseMod","Colored Map","Downfall","GifTheSpireLib","Hallownest","Hermit","Minty Spire (QoL Compilation)","Permanent Neow","StSLib","SuperFastMode","The Bug Knight","The Hierophant"],"gold_per_floor":[110,127,127,143,157,190,207,207,230,250,265,284,316,348,360,372,372],"floor_reached":16,"language":"ENG","playtime":761,"items_purged":[],"score":118,"play_id":"96108d8e-ae53-4741-8bfe-4af5fb863062","local_time":"20210116212118","is_ascension_mode":false,"campfire_choices":[{"data":"Bash","floor":8,"key":"SMITH"},{"data":"Perfected Strike","floor":15,"key":"SMITH"}],"circlet_count":0,"master_deck":["Strike_R","Strike_R","Strike_R","Strike_R","Strike_R","Defend_R","Defend_R","Defend_R","Defend_R","Bash+1","Madness","Carnage","Shrug It Off","Bloodletting","Perfected Strike+1","Shrug It Off","Metallicize","Perfected Strike","Ghostly Armor"],"relics":["Burning Blood","Pear","PreservedInsect","Nunchaku","MawBank"],"acts_visited":["Exordium"],"potions_floor_usage":[6,12,13,16],"damage_taken":[{"damage":8,"enemies":"Jaw Worm","floor":1,"turns":6},{"damage":5,"enemies":"Small Slimes","floor":2,"turns":3},{"damage":0,"enemies":"2 Louse","floor":4,"turns":3},{"damage":16,"enemies":"Exordium Thugs","floor":5,"turns":6},{"damage":6,"enemies":"Gremlin Nob","floor":6,"turns":3},{"damage":4,"enemies":"2 Fungi Beasts","floor":7,"turns":3},{"damage":3,"enemies":"Exordium Wildlife","floor":10,"turns":3},{"damage":5,"enemies":"Exordium Thugs","floor":11,"turns":4},{"damage":26,"enemies":"Gremlin Gang","floor":12,"turns":5},{"damage":22,"enemies":"Lagavulin","floor":13,"turns":4},{"damage":14,"enemies":"Large Slime","floor":14,"turns":4},{"damage":35,"enemies":"Hexaghost","floor":16,"turns":13}],"seed_played":"-3604443179986755892","potions_obtained":[{"floor":1,"key":"PowerPotion"},{"floor":5,"key":"PowerPotion"},{"floor":7,"key":"Ancient Potion"},{"floor":11,"key":"Swift Potion"},{"floor":14,"key":"Weak Potion"}],"is_trial":false,"path_per_floor":["M","M","?","M","M","E","M","R","T","M","M","M","E","M","R","B"],"character_chosen":"IRONCLAD","items_purchased":[],"campfire_rested":0,"item_purchase_floors":[],"current_hp_per_floor":[78,79,77,83,73,73,75,75,75,78,79,59,43,35,35,0,0],"gold":372,"neow_bonus":"RANDOM_COLORLESS","is_daily":false,"chose_seed":false,"campfire_upgraded":2,"win_rate":0.0,"timestamp":1610853678,"path_taken":["M","M","?","M","M","E","M","R","T","M","M","M","E","M","R","BOSS"],"items_purchased_type":[],"build_version":"2020-12-22","purchased_purges":0,"victory":false,"max_hp_per_floor":[80,80,90,90,90,90,90,90,90,90,90,90,90,90,90,90,90],"card_choices":[{"not_picked":["Purity","Dark Shackles"],"picked":"Madness","floor":0},{"not_picked":["Sword Boomerang","True Grit"],"picked":"Carnage","floor":1},{"not_picked":["Infernal Blade","Thunderclap"],"picked":"Shrug It Off","floor":2},{"not_picked":["Battle Trance","Twin Strike"],"picked":"Bloodletting","floor":4},{"not_picked":["Power Through","Dark Embrace"],"picked":"Perfected Strike","floor":5},{"not_picked":["Perfected Strike","Clothesline"],"picked":"Shrug It Off","floor":6},{"not_picked":["Sentinel","Clash","Armaments"],"picked":"SKIP","floor":7},{"not_picked":["Headbutt","Pommel Strike"],"picked":"Metallicize","floor":10},{"not_picked":["Clothesline","Armaments"],"picked":"Perfected Strike","floor":11},{"not_picked":["Fire Breathing","Iron Wave","Cleave"],"picked":"SKIP","floor":12},{"not_picked":["Shockwave","Combust"],"picked":"Ghostly Armor","floor":13},{"not_picked":["Whirlwind","Flex","Twin Strike"],"picked":"SKIP","floor":14}],"player_experience":155263,"relics_obtained":[{"floor":6,"key":"PreservedInsect"},{"floor":9,"key":"Nunchaku"},{"floor":13,"key":"MawBank"}],"event_choices":[{"damage_healed":0,"gold_gain":0,"player_choice":"Success","damage_taken":12,"relics_obtained":["Pear"],"max_hp_gain":0,"max_hp_loss":0,"event_name":"Scrap Ooze","floor":3,"gold_loss":0}],"is_beta":false,"boss_relics":[],"items_purged_floors":[],"is_endless":false,"potions_floor_spawned":[1,5,7,11,14],"killed_by":"Hexaghost","ascension_level":0}}