{"host":"jmdwsiegw2vwqzt1","time":1610842429,"event":{"mods":["2.2 Compatiblity","AchievementEnabler","BaseMod","Better Third Choice","Better Vampires","Colored Powertips","Custom Start","Dio Mod","Downfall","Hermit","Highlight Path","Jorbs\u0027s Wanderer Trilogy","Marisa????????","Minty Spire (QoL Compilation)","Permanent Neow","Quick Restart","Rare Cards Sparkle","Relic Stats","Spicy Shops","StSLib","SuperFastMode","The Bug Knight","The Cursed","The Disciple","The Hierophant","The Necromancer","The Servant 0.9.4","slay the spire mod where everything is the same but ironclad has a cowboy hat"],"gold_per_floor":[109,126,142,2,2,2,30,30,30,30,46,46,46,61,61,161,161,181,181,30,0,0,0,13,13,39,53,53,53,36,47,47,151,151,166,166,166,212,226,226,237,252,252,262,274,274,53,72,72,72],"floor_reached":51,"language":"ENG","playtime":2310,"items_purged":[],"score":672,"play_id":"c81f1db3-de88-4468-b0ed-da2fd6aec77c","local_time":"20210116191349","is_ascension_mode":false,"campfire_choices":[{"data":"Cloak And Dagger","floor":6,"key":"SMITH"},{"data":"Infinite Blades","floor":8,"key":"SMITH"},{"data":"Neutralize","floor":15,"key":"SMITH"},{"data":"J.A.X.","floor":23,"key":"SMITH"},{"data":"Cloak And Dagger","floor":25,"key":"SMITH"},{"data":"After Image","floor":32,"key":"SMITH"},{"data":"After Image","floor":40,"key":"SMITH"},{"floor":49,"key":"REST"}],"circlet_count":0,"master_deck":["Strike_G","Strike_G","Strike_G","Strike_G","Strike_G","Defend_G","Defend_G","Defend_G","Defend_G","Survivor+1","Neutralize+1","Deadly Poison","Acrobatics","Cloak And Dagger+1","Infinite Blades+1","Escape Plan+1","Deadly Poison","Die Die Die","Backflip","J.A.X.+1","Cloak And Dagger+1","After Image+1","Blade Dance","Noxious Fumes","Prepared+1","After Image+1","Accuracy+1","Cloak And Dagger+1","Blade Dance+1","Dodge and Roll","Noxious Fumes","Parasite"],"relics":["Ring of the Snake","Dead Branch","Blood Vial","Letter Opener","Sundial","Mercury Hourglass","bronze:MakeshiftBattery","Membership Card","War Paint","SlaversCollar","CatCart","StrikeDummy","Unceasing Top","Calipers"],"acts_visited":["Exordium","TheCity","TheBeyond"],"potions_floor_usage":[7,18,44,45,50,50,50,50],"damage_taken":[{"damage":7,"enemies":"2 Louse","floor":1,"turns":3},{"damage":0,"enemies":"Cultist","floor":2,"turns":4},{"damage":1,"enemies":"Jaw Worm","floor":3,"turns":5},{"damage":28,"enemies":"Lagavulin","floor":7,"turns":6},{"damage":6,"enemies":"Exordium Wildlife","floor":11,"turns":3},{"damage":11,"enemies":"Gremlin Gang","floor":14,"turns":3},{"damage":16,"enemies":"Hexaghost","floor":16,"turns":7},{"damage":2,"enemies":"Spheric Guardian","floor":18,"turns":3},{"damage":4,"enemies":"Chosen","floor":24,"turns":3},{"damage":19,"enemies":"Centurion and Healer","floor":27,"turns":4},{"damage":10,"enemies":"Shelled Parasite and Fungi","floor":31,"turns":3},{"damage":7,"enemies":"Automaton","floor":33,"turns":6},{"damage":8,"enemies":"3 Shapes","floor":35,"turns":3},{"damage":14,"enemies":"Orin","floor":38,"turns":8},{"damage":3,"enemies":"Orb Walker","floor":39,"turns":3},{"damage":15,"enemies":"Sphere and 2 Shapes","floor":41,"turns":2},{"damage":3,"enemies":"4 Shapes","floor":42,"turns":4},{"damage":15,"enemies":"3 Darklings","floor":44,"turns":4},{"damage":3,"enemies":"Jaw Worm Horde","floor":45,"turns":3},{"damage":9,"enemies":"Writhing Mass","floor":48,"turns":5},{"damage":18,"enemies":"Awakened One","floor":50,"turns":9}],"seed_played":"8500157169291566802","potions_obtained":[{"floor":1,"key":"Regen Potion"},{"floor":3,"key":"Explosive Potion"},{"floor":7,"key":"Regen Potion"},{"floor":27,"key":"Fire Potion"},{"floor":42,"key":"DistilledChaos"},{"floor":44,"key":"Fire Potion"}],"is_trial":false,"path_per_floor":["M","M","M","$","?","R","E","R","T","$","M","?","T","M","R","B",null,"M","?","$","?","$","R","M","R","T","M","?","?","$","M","R","B",null,"M","?","?","?","M","R","M","M","T","M","M","T","$","M","R","B",null],"character_chosen":"THE_SILENT","items_purchased":["Infinite Blades","Dead Branch","Membership Card","Noxious Fumes","Noxious Fumes","EntropicBrew","Calipers"],"campfire_rested":1,"item_purchase_floors":[4,4,20,30,47,47,47],"current_hp_per_floor":[63,63,62,62,62,62,45,45,45,45,41,64,64,55,55,41,70,68,68,68,68,68,68,66,66,66,49,49,49,49,41,41,36,70,62,62,62,50,49,49,36,35,35,34,33,33,33,26,45,29],"gold":72,"neow_bonus":"REMOVE_CARD","is_daily":false,"chose_seed":false,"campfire_upgraded":7,"win_rate":0.0,"timestamp":1610842429,"path_taken":["M","M","M","$","?","R","E","R","T","?","?","?","?","?","R","BOSS","M","?","$","?","$","R","M","R","T","M","?","?","?","?","R","BOSS","M","?","?","?","M","R","M","M","T","M","M","?","$","?","R","BOSS"],"items_purchased_type":["Card","Relic","Relic","Card","Card","Potion","Relic"],"build_version":"2020-12-22","purchased_purges":0,"victory":true,"max_hp_per_floor":[70,70,70,70,70,70,70,70,70,70,70,70,70,70,70,70,70,70,70,70,70,70,70,70,70,70,70,70,70,70,70,70,70,70,70,70,66,66,66,66,66,66,66,66,66,66,66,66,66,66],"relic_stats":{"Blood Vial":32,"counters":[21,91],"Sundial":[6],"Dead Branch":[218],"Letter Opener":[233],"War Paint":["Survivor","Escape Plan"],"obtain_stats":[{"Calipers":47,"Dead Branch":4,"Letter Opener":7,"War Paint":26,"Mercury Hourglass":13,"Blood Vial":5,"SlaversCollar":34,"Sundial":9,"Membership Card":20,"CatCart":38,"StrikeDummy":43,"bronze:MakeshiftBattery":17,"Unceasing Top":46,"Ring of the Snake":0},{"Calipers":19,"Dead Branch":3,"Letter Opener":4,"War Paint":9,"Mercury Hourglass":5,"Blood Vial":3,"SlaversCollar":12,"Sundial":4,"Membership Card":8,"CatCart":14,"StrikeDummy":17,"bronze:MakeshiftBattery":7,"Unceasing Top":19,"Ring of the Snake":0},{"Calipers":77,"Dead Branch":12,"Letter Opener":18,"War Paint":37,"Mercury Hourglass":21,"Blood Vial":12,"SlaversCollar":50,"Sundial":18,"Membership Card":34,"CatCart":61,"StrikeDummy":70,"bronze:MakeshiftBattery":31,"Unceasing Top":77,"Ring of the Snake":0}],"Unceasing Top":[0],"Ring of the Snake":[42],"Mercury Hourglass":[324]},"card_choices":[{"not_picked":["Eviscerate","Bane"],"picked":"Deadly Poison","floor":1},{"not_picked":["Setup","Catalyst"],"picked":"Acrobatics","floor":2},{"not_picked":["Quick Slash","Deadly Poison"],"picked":"Cloak And Dagger","floor":3},{"not_picked":["Dash","Slice","Setup"],"picked":"SKIP","floor":7},{"not_picked":["PiercingWail","Quick Slash"],"picked":"Escape Plan","floor":11},{"not_picked":["Dagger Throw","Distraction"],"picked":"Deadly Poison","floor":14},{"not_picked":["Glass Knife","Corpse Explosion"],"picked":"Die Die Die","floor":16},{"not_picked":["Sucker Punch","Flechettes"],"picked":"Backflip","floor":18},{"not_picked":["Slice","Underhanded Strike+1"],"picked":"Cloak And Dagger","floor":24},{"not_picked":["Prepared+1","Dodge and Roll+1"],"picked":"After Image","floor":27},{"not_picked":["Well Laid Plans","Dagger Throw"],"picked":"Prepared+1","floor":31},{"not_picked":["Night Terror","Wraith Form v2"],"picked":"After Image","floor":33},{"not_picked":["Bane+1","Noxious Fumes"],"picked":"Accuracy+1","floor":35},{"not_picked":["Sucker Punch+1","Dash"],"picked":"Cloak And Dagger+1","floor":38},{"not_picked":["Masterful Stab+1","Cloak And Dagger","Skewer"],"picked":"SKIP","floor":39},{"not_picked":["Backflip+1","Underhanded Strike+1","Deadly Poison"],"picked":"SKIP","floor":41},{"not_picked":["Predator+1","Crippling Poison+1","Slice+1"],"picked":"SKIP","floor":42},{"not_picked":["All Out Attack+1","Distraction"],"picked":"Blade Dance+1","floor":44},{"not_picked":["Poisoned Stab","Underhanded Strike"],"picked":"Dodge and Roll","floor":45},{"not_picked":["Dagger Spray","Choke+1","All Out Attack"],"picked":"SKIP","floor":48}],"player_experience":334694,"relics_obtained":[{"floor":5,"key":"Blood Vial"},{"floor":7,"key":"Letter Opener"},{"floor":9,"key":"Sundial"},{"floor":13,"key":"Mercury Hourglass"},{"floor":26,"key":"War Paint"},{"floor":38,"key":"CatCart"},{"floor":43,"key":"StrikeDummy"},{"floor":46,"key":"Unceasing Top"}],"event_choices":[{"damage_healed":0,"gold_gain":0,"player_choice":"Relic","damage_taken":0,"max_hp_gain":0,"max_hp_loss":0,"event_name":"Wheel of Change","floor":5,"gold_loss":0},{"damage_healed":23,"gold_gain":0,"player_choice":"Banana","damage_taken":0,"max_hp_gain":0,"max_hp_loss":0,"event_name":"Big Fish","floor":12,"gold_loss":0},{"damage_healed":0,"gold_gain":0,"player_choice":"Obtain J.A.X.","damage_taken":0,"max_hp_gain":0,"max_hp_loss":0,"event_name":"Drug Dealer","floor":19,"gold_loss":0,"cards_obtained":["J.A.X."]},{"damage_healed":0,"gold_gain":0,"player_choice":"Paid Fearfully","damage_taken":0,"max_hp_gain":0,"max_hp_loss":0,"event_name":"Masked Bandits","floor":21,"gold_loss":30},{"damage_healed":0,"gold_gain":0,"player_choice":"Read","damage_taken":0,"max_hp_gain":0,"max_hp_loss":0,"event_name":"The Library","floor":28,"gold_loss":0,"cards_obtained":["Blade Dance"]},{"damage_healed":0,"gold_gain":0,"player_choice":"Ignored","damage_taken":0,"max_hp_gain":0,"max_hp_loss":0,"event_name":"Cursed Tome","floor":29,"gold_loss":0},{"damage_healed":0,"gold_gain":0,"player_choice":"Ignored","damage_taken":0,"max_hp_gain":0,"max_hp_loss":0,"event_name":"Tomb of Lord Red Mask","floor":36,"gold_loss":0},{"damage_healed":0,"gold_gain":0,"player_choice":"Max HP","damage_taken":0,"max_hp_gain":0,"max_hp_loss":4,"event_name":"Winding Halls","floor":37,"gold_loss":0},{"damage_healed":0,"gold_gain":0,"player_choice":"Fight","damage_taken":0,"max_hp_gain":0,"max_hp_loss":0,"event_name":"OrinTheCat","floor":38,"gold_loss":0}],"is_beta":false,"boss_relics":[{"not_picked":["Pandora\u0027s Box","Velvet Choker"],"picked":"bronze:MakeshiftBattery"},{"not_picked":["Snecko Eye","Black Star"],"picked":"SlaversCollar"}],"items_purged_floors":[],"is_endless":false,"potions_floor_spawned":[1,3,7,27,31,39,42,44,48],"ascension_level":0}}