{"host":"soyfmymeou4emntr","time":1610910940,"event":{"mods":["BaseMod","Minty Spire (QoL Compilation)","Relic Sorter","Relic Stats","StSLib"],"gold_per_floor":[118,118,31,45,45,78,78,94,120,133,160,160,173,204,204,280,280,294,312,312,312,52,52,85,85,85,105,105,118,449,466,466,466,466],"floor_reached":33,"language":"ENG","playtime":2738,"items_purged":["Decay"],"score":710,"play_id":"af626ec2-4ad0-4217-a3e7-92a359a4edbc","local_time":"20210117121540","is_ascension_mode":true,"campfire_choices":[{"data":"Crippling Poison","floor":7.0,"key":"SMITH"},{"data":"Infinite Blades","floor":12.0,"key":"SMITH"},{"floor":15.0,"key":"REST"},{"data":"Envenom","floor":23.0,"key":"SMITH"},{"data":"After Image","floor":28,"key":"SMITH"},{"floor":32,"key":"REST"}],"circlet_count":0,"master_deck":["AscendersBane","Defend_G","Defend_G+1","Defend_G","Defend_G","Defend_G","Survivor","Neutralize","Infinite Blades+1","After Image+1","Crippling Poison+1","Finisher","PiercingWail","Quick Slash","Terror+1","Accuracy","Accuracy","Tools of the Trade","Dodge and Roll","Envenom+1","Escape Plan","Endless Agony+1","Bite","Bite","Bite","Bite","Bite","Dark Shackles","Well Laid Plans","Envenom","Cloak And Dagger","Backflip","Malaise","Cloak And Dagger","Prepared+1"],"relics":["Ring of the Snake","NeowsBlessing","Potion Belt","Dream Catcher","Oddly Smooth Stone","Art of War","Empty Cage","War Paint","FaceOfCleric","Darkstone Periapt","Old Coin"],"acts_visited":["TheCity"],"potions_floor_usage":[24,27,30,31],"damage_taken":[{"damage":0.0,"enemies":"2 Louse","floor":1.0,"turns":1.0},{"damage":0.0,"enemies":"Cultist","floor":4.0,"turns":1.0},{"damage":0.0,"enemies":"Gremlin Nob","floor":6.0,"turns":1.0},{"damage":1.0,"enemies":"Small Slimes","floor":8.0,"turns":3.0},{"damage":0.0,"enemies":"3 Louse","floor":10.0,"turns":3.0},{"damage":10.0,"enemies":"Lagavulin","floor":11.0,"turns":7.0},{"damage":14.0,"enemies":"Exordium Thugs","floor":13.0,"turns":4.0},{"damage":15.0,"enemies":"3 Sentries","floor":14.0,"turns":6.0},{"damage":32.0,"enemies":"The Guardian","floor":16.0,"turns":13.0},{"damage":9.0,"enemies":"Shell Parasite","floor":18.0,"turns":7.0},{"damage":17.0,"enemies":"Chosen","floor":19.0,"turns":7.0},{"damage":23,"enemies":"Book of Stabbing","floor":24,"turns":5},{"damage":5,"enemies":"Centurion and Healer","floor":27,"turns":12},{"damage":10,"enemies":"Snake Plant","floor":29,"turns":6},{"damage":29,"enemies":"Gremlin Leader","floor":30,"turns":12},{"damage":22,"enemies":"Snecko","floor":31,"turns":7},{"damage":49,"enemies":"Automaton","floor":33,"turns":6}],"seed_played":"6298295787610083381","potions_obtained":[{"floor":8.0,"key":"Poison Potion"},{"floor":10.0,"key":"SteroidPotion"},{"floor":11.0,"key":"PowerPotion"},{"floor":14.0,"key":"Regen Potion"},{"floor":16.0,"key":"Fruit Juice"},{"floor":24,"key":"AttackPotion"},{"floor":29,"key":"SpeedPotion"},{"floor":30,"key":"Weak Potion"},{"floor":31,"key":"Ancient Potion"}],"is_trial":false,"path_per_floor":["M","?","$","M","$","E","R","M","T","M","E","R","M","E","R","B",null,"M","M","?","?","$","R","E","?","T","M","R","M","E","M","R","B"],"character_chosen":"THE_SILENT","items_purchased":["Crippling Poison","Dark Shackles","Well Laid Plans"],"campfire_rested":2,"item_purchase_floors":[3,22,22],"current_hp_per_floor":[59,59,59,59,59,59,59,58,58,58,48,48,34,19,38,21,55,46,34,34,34,34,34,15,15,15,41,41,36,32,19,34,0,0],"gold":466,"neow_bonus":"THREE_ENEMY_KILL","is_daily":false,"chose_seed":false,"campfire_upgraded":4,"win_rate":0.0,"timestamp":1610910940,"path_taken":["M","?","?","M","$","E","R","M","T","M","E","R","M","E","R","BOSS","M","M","?","?","$","R","E","?","T","M","R","M","E","?","R","BOSS"],"items_purchased_type":["Card","Card","Card"],"build_version":"2020-12-22","purchased_purges":1,"victory":false,"max_hp_per_floor":[66,66,66,66,66,66,66,66,66,66,66,66,66,66,66,66,66,66,71,71,49,49,49,49,49,49,50,50,51,52,53,53,53,53],"relic_stats":{"Darkstone Periapt":0,"Dream Catcher":2,"FaceOfCleric":4,"counters":[17,101],"Art of War":[6],"War Paint":["Defend_G","Terror"],"obtain_stats":[{"Potion Belt":6,"Darkstone Periapt":26,"Dream Catcher":9,"NeowsBlessing":0,"FaceOfCleric":25,"Oddly Smooth Stone":11,"Art of War":14,"War Paint":24,"Empty Cage":17,"Ring of the Snake":0,"Old Coin":30},{"Potion Belt":3,"Darkstone Periapt":12,"Dream Catcher":4,"NeowsBlessing":0,"FaceOfCleric":12,"Oddly Smooth Stone":6,"Art of War":8,"War Paint":12,"Empty Cage":9,"Ring of the Snake":0,"Old Coin":15},{"Potion Belt":3,"Darkstone Periapt":58,"Dream Catcher":6,"NeowsBlessing":0,"FaceOfCleric":58,"Oddly Smooth Stone":16,"Art of War":26,"War Paint":58,"Empty Cage":39,"Ring of the Snake":0,"Old Coin":88}],"Ring of the Snake":[34]},"card_choices":[{"not_picked":["Prepared","Slice"],"picked":"Infinite Blades","floor":1.0},{"not_picked":["Choke","Bane"],"picked":"Finisher","floor":4.0},{"not_picked":["Deflect","Slice"],"picked":"PiercingWail","floor":6.0},{"not_picked":["Dodge and Roll","Sucker Punch"],"picked":"Quick Slash","floor":8.0},{"not_picked":["Deadly Poison","Acrobatics"],"picked":"Terror","floor":10.0},{"not_picked":["Catalyst","Endless Agony"],"picked":"Accuracy","floor":11.0},{"not_picked":["Outmaneuver","Backflip"],"picked":"Accuracy","floor":13.0},{"not_picked":["Eviscerate","Tactician"],"picked":"Tools of the Trade","floor":14.0},{"not_picked":["Underhanded Strike","All Out Attack"],"picked":"Dodge and Roll","floor":15.0},{"not_picked":["Doppelganger","Unload"],"picked":"Envenom","floor":16.0},{"not_picked":["Flying Knee","Endless Agony"],"picked":"Escape Plan","floor":18.0},{"not_picked":["Bane","Deadly Poison"],"picked":"Endless Agony+1","floor":19.0},{"not_picked":["Quick Slash","Flechettes"],"picked":"Envenom","floor":24},{"not_picked":["Sucker Punch+1","Outmaneuver"],"picked":"Cloak And Dagger","floor":27},{"not_picked":["Bane","Sucker Punch"],"picked":"Backflip","floor":29},{"not_picked":["Sucker Punch","Prepared"],"picked":"Malaise","floor":30},{"not_picked":["Choke","Crippling Poison+1"],"picked":"Cloak And Dagger","floor":31},{"not_picked":["Heel Hook","Deflect"],"picked":"Prepared+1","floor":32}],"player_experience":2824068,"relics_obtained":[{"floor":6.0,"key":"Potion Belt"},{"floor":9.0,"key":"Dream Catcher"},{"floor":11.0,"key":"Oddly Smooth Stone"},{"floor":14.0,"key":"Art of War"},{"floor":24,"key":"War Paint"},{"floor":26,"key":"Darkstone Periapt"},{"floor":30,"key":"Old Coin"}],"event_choices":[{"damage_healed":0.0,"max_hp_gain":0.0,"max_hp_loss":0.0,"gold_gain":0.0,"event_name":"Match and Keep!","player_choice":"1 cards matched","floor":2.0,"gold_loss":0.0,"damage_taken":0.0,"cards_obtained":["After Image"]},{"damage_healed":0.0,"max_hp_gain":0.0,"max_hp_loss":0.0,"gold_gain":0.0,"event_name":"Forgotten Altar","player_choice":"Smashed Altar","floor":20.0,"gold_loss":0.0,"damage_taken":0.0,"cards_obtained":["Decay"]},{"damage_healed":0.0,"max_hp_gain":0.0,"max_hp_loss":22.0,"gold_gain":0.0,"event_name":"Vampires","player_choice":"Became a vampire","floor":21.0,"gold_loss":0.0,"damage_taken":0.0,"cards_obtained":["Bite","Bite","Bite","Bite","Bite"]},{"damage_healed":0,"gold_gain":0,"player_choice":"Trade","damage_taken":0,"relics_obtained":["FaceOfCleric"],"max_hp_gain":0,"max_hp_loss":0,"event_name":"FaceTrader","floor":25,"gold_loss":0}],"is_beta":false,"boss_relics":[{"not_picked":["Ectoplasm","Runic Dome"],"picked":"Empty Cage"}],"items_purged_floors":[22],"is_endless":false,"potions_floor_spawned":[8,10,11,14,16,24,29,30,31],"killed_by":"Automaton","ascension_level":20}}