{"host":"x52zk6e1f2bye2h7","time":1610880473,"event":{"mods":["AchievementEnabler","BaseMod","Highlight Path","Minty Spire (QoL Compilation)","everything is the same but u backflip on backflip"],"gold_per_floor":[116,128,128,13,31,66,66,66,66],"floor_reached":8,"language":"ENG","playtime":632,"items_purged":[],"score":62,"play_id":"4666304d-77ed-473a-8487-e23980fdcd57","local_time":"20210117104753","is_ascension_mode":true,"campfire_choices":[{"data":"Corruption","floor":7,"key":"SMITH"}],"circlet_count":0,"master_deck":["Strike_R","Strike_R","Strike_R","Strike_R","Strike_R","Defend_R","Defend_R","Defend_R","Defend_R","Bash","Corruption+1","Havoc","Perfected Strike","Metallicize","Havoc","Body Slam"],"relics":["Burning Blood","The Courier"],"acts_visited":["Exordium"],"potions_floor_usage":[6],"damage_taken":[{"damage":5,"enemies":"2 Louse","floor":1,"turns":4},{"damage":8,"enemies":"Jaw Worm","floor":2,"turns":6},{"damage":3,"enemies":"Cultist","floor":5,"turns":4},{"damage":29,"enemies":"Gremlin Nob","floor":6,"turns":6},{"damage":75,"enemies":"Lagavulin","floor":8,"turns":9}],"seed_played":"5283674415677884216","potions_obtained":[{"floor":2,"key":"Weak Potion"},{"floor":5,"key":"Ancient Potion"}],"is_trial":false,"path_per_floor":["M","M","?","$","M","E","R","E"],"character_chosen":"IRONCLAD","items_purchased":["Metallicize","Havoc"],"campfire_rested":0,"item_purchase_floors":[4,4],"current_hp_per_floor":[80,78,83,83,85,62,62,0,0],"gold":66,"neow_bonus":"ONE_RANDOM_RARE_CARD","is_daily":false,"chose_seed":false,"campfire_upgraded":1,"win_rate":0.0,"timestamp":1610880473,"path_taken":["M","M","?","$","M","E","R","E"],"items_purchased_type":["Card","Card"],"build_version":"2020-12-22","purchased_purges":0,"victory":false,"max_hp_per_floor":[80,80,85,85,85,85,85,85,85],"card_choices":[{"not_picked":["Thunderclap","Clash"],"picked":"Havoc","floor":1},{"not_picked":["Heavy Blade","Shrug It Off"],"picked":"Perfected Strike","floor":2},{"not_picked":["Cleave","Iron Wave"],"picked":"Body Slam","floor":5},{"not_picked":["Thunderclap","Wild Strike","Perfected Strike"],"picked":"SKIP","floor":6}],"player_experience":104794,"relics_obtained":[{"floor":6,"key":"The Courier"}],"event_choices":[{"damage_healed":0,"gold_gain":0,"player_choice":"Donut","damage_taken":0,"max_hp_gain":5,"max_hp_loss":0,"event_name":"Big Fish","floor":3,"gold_loss":0}],"is_beta":false,"boss_relics":[],"items_purged_floors":[],"is_endless":false,"potions_floor_spawned":[2,5],"killed_by":"Lagavulin","ascension_level":2}}