{"host":"wha9hktbkslqvblg","time":1610849775,"event":{"mods":["BaseMod","Colored Map","Minty Spire (QoL Compilation)","Relic Stats","SuperFastMode","everything is the same but u backflip on backflip"],"gold_per_floor":[109,109,34,184,26,26,40,71,71,105,105,105,123,140,140,239,239,257,274,274,324,249,249,249,284,284,319,319,213,232,559,559,637,637,653,603,650,650,61,61,89,109,132,132,82,95,95,120,120,120,120,120,120,70,97,97],"floor_reached":57,"language":"KOR","playtime":1813,"items_purged":["Strike_R","Doubt","Strike_R","Clothesline","Exhume","Uppercut","Immolate"],"score":2955,"play_id":"fdbbe897-26f6-4ac6-9beb-a5efdc6cea01","local_time":"20210117111615","is_ascension_mode":true,"campfire_choices":[{"data":"Body Slam","floor":6.0,"key":"SMITH"},{"data":"Burning Pact","floor":11.0,"key":"SMITH"},{"data":"Bloodletting","floor":15.0,"key":"SMITH"},{"data":"Berserk","floor":23.0,"key":"SMITH"},{"floor":28.0,"key":"REST"},{"data":"Second Wind","floor":32.0,"key":"SMITH"},{"floor":40.0,"key":"REST"},{"data":"Entrench","floor":47.0,"key":"SMITH"},{"floor":49.0,"key":"RECALL"},{"data":"Burning Pact","floor":53.0,"key":"SMITH"}],"circlet_count":0,"master_deck":["AscendersBane","Bash","Body Slam+1","Flame Barrier","Burning Pact+1","Bloodletting+1","Second Wind+1","Berserk+1","Shrug It Off","Entrench+1","Shockwave","Double Tap","Barricade+1","Burning Pact+1","Master of Strategy","Feel No Pain+1"],"relics":["Burning Blood","NeowsBlessing","Paper Frog","Thread and Needle","Smiling Mask","Runic Pyramid","Blue Candle","Mercury Hourglass","White Beast Statue","Old Coin","Pandora\u0027s Box","Turnip","Potion Belt","Frozen Egg 2","Regal Pillow","CaptainsWheel","Self Forming Clay"],"acts_visited":["Exordium","TheCity","TheBeyond","TheEnding"],"potions_floor_usage":[56,56,56],"damage_taken":[{"damage":0.0,"enemies":"Jaw Worm","floor":1.0,"turns":1.0},{"damage":0.0,"enemies":"2 Louse","floor":7.0,"turns":2.0},{"damage":0.0,"enemies":"Gremlin Nob","floor":8.0,"turns":1.0},{"damage":42.0,"enemies":"3 Sentries","floor":10.0,"turns":15.0},{"damage":6.0,"enemies":"Small Slimes","floor":13.0,"turns":4.0},{"damage":3.0,"enemies":"Looter","floor":14.0,"turns":3.0},{"damage":10.0,"enemies":"Hexaghost","floor":16.0,"turns":7.0},{"damage":8.0,"enemies":"Shell Parasite","floor":18.0,"turns":5.0},{"damage":3.0,"enemies":"Chosen","floor":19.0,"turns":5.0},{"damage":11.0,"enemies":"Book of Stabbing","floor":25.0,"turns":4.0},{"damage":15.0,"enemies":"Gremlin Leader","floor":27.0,"turns":6.0},{"damage":10.0,"enemies":"Sentry and Sphere","floor":30.0,"turns":4.0},{"damage":8.0,"enemies":"Slavers","floor":31.0,"turns":6.0},{"damage":33.0,"enemies":"Collector","floor":33.0,"turns":5.0},{"damage":8.0,"enemies":"3 Shapes","floor":35.0,"turns":5.0},{"damage":46.0,"enemies":"2 Orb Walkers","floor":37.0,"turns":4.0},{"damage":9.0,"enemies":"Reptomancer","floor":41.0,"turns":4.0},{"damage":6.0,"enemies":"3 Darklings","floor":42.0,"turns":3.0},{"damage":9.0,"enemies":"4 Shapes","floor":46.0,"turns":8.0},{"damage":6.0,"enemies":"Mind Bloom Boss Battle","floor":48.0,"turns":3.0},{"damage":18.0,"enemies":"Time Eater","floor":50.0,"turns":4.0},{"damage":24.0,"enemies":"Donu and Deca","floor":51.0,"turns":3.0},{"damage":9,"enemies":"Shield and Spear","floor":55,"turns":2},{"damage":24,"enemies":"The Heart","floor":56,"turns":5}],"seed_played":"-3559785230099438482","potions_obtained":[{"floor":1.0,"key":"LiquidMemories"},{"floor":8.0,"key":"Swift Potion"},{"floor":13.0,"key":"ColorlessPotion"},{"floor":16.0,"key":"Strength Potion"},{"floor":18.0,"key":"ColorlessPotion"},{"floor":24.0,"key":"Fruit Juice"},{"floor":24.0,"key":"Weak Potion"},{"floor":27.0,"key":"Energy Potion"},{"floor":30.0,"key":"ColorlessPotion"},{"floor":31.0,"key":"Explosive Potion"},{"floor":33.0,"key":"Weak Potion"},{"floor":35.0,"key":"Block Potion"},{"floor":37.0,"key":"Explosive Potion"},{"floor":41.0,"key":"Fire Potion"},{"floor":42.0,"key":"Regen Potion"},{"floor":46.0,"key":"EssenceOfSteel"},{"floor":48.0,"key":"PowerPotion"},{"floor":55,"key":"GamblersBrew"}],"is_trial":false,"path_per_floor":["M","?","$","?","$","R","M","E","T","E","R","?","M","M","R","B",null,"M","M","?","?","?","R","?","E","T","E","R","$","M","E","R","B",null,"M","$","?","?","$","R","E","M","T","?","$","M","R","?","R","B","B",null,"R","$","E","B",null],"character_chosen":"IRONCLAD","items_purchased":["Body Slam","Swift Potion","Potion Belt","EntropicBrew","Frozen Egg 2"],"campfire_rested":2,"item_purchase_floors":[5,29,39,39,39],"current_hp_per_floor":[74,51,51,51,51,51,57,63,63,27,27,27,27,30,30,26,63,61,64,43,43,43,43,48,43,43,34,59,59,55,53,53,26,70,68,68,28,28,28,53,50,50,50,40,40,52,52,52,52,52,34,72,72,72,69,51],"gold":97,"neow_bonus":"THREE_ENEMY_KILL","is_daily":false,"chose_seed":false,"campfire_upgraded":7,"win_rate":0.0,"timestamp":1610849775,"path_taken":["M","?","$","?","$","R","M","E","T","E","R","?","M","?","R","BOSS","M","M","?","?","?","R","?","E","T","E","R","$","M","E","R","BOSS","M","?","?","?","$","R","E","M","T","?","$","M","R","?","R","BOSS","BOSS","R","$","E","BOSS"],"items_purchased_type":["Card","Potion","Relic","Potion","Relic"],"build_version":"2020-12-22","purchased_purges":7,"victory":true,"max_hp_per_floor":[75,75,75,75,75,75,75,75,75,75,75,75,75,75,75,75,75,75,75,80,80,80,80,85,85,85,85,85,85,85,85,85,85,85,85,85,85,85,85,85,85,85,85,85,85,85,85,85,85,85,85,85,85,85,85,85],"relic_stats":{"Regal Pillow":0,"counters":[24,108],"Self Forming Clay":[30],"Blue Candle":[2],"Pandora\u0027s Box":["Exhume","Entrench","Uppercut","Shockwave","Double Tap"],"Turnip":[3],"Smiling Mask":625,"obtain_stats":[{"Potion Belt":39,"Regal Pillow":41,"NeowsBlessing":0,"Self Forming Clay":55,"Blue Candle":25,"Thread and Needle":9,"Frozen Egg 2":39,"Smiling Mask":10,"Burning Blood":0,"White Beast Statue":27,"Mercury Hourglass":26,"Old Coin":31,"CaptainsWheel":48,"Pandora\u0027s Box":34,"Turnip":37,"Paper Frog":8,"Runic Pyramid":17},{"Potion Belt":16,"Regal Pillow":17,"NeowsBlessing":0,"Self Forming Clay":23,"Blue Candle":10,"Thread and Needle":3,"Frozen Egg 2":16,"Smiling Mask":4,"Burning Blood":0,"White Beast Statue":11,"Mercury Hourglass":10,"Old Coin":13,"CaptainsWheel":20,"Pandora\u0027s Box":14,"Turnip":16,"Paper Frog":3,"Runic Pyramid":7},{"Potion Belt":76,"Regal Pillow":80,"NeowsBlessing":0,"Self Forming Clay":103,"Blue Candle":47,"Thread and Needle":4,"Frozen Egg 2":76,"Smiling Mask":19,"Burning Blood":0,"White Beast Statue":53,"Mercury Hourglass":47,"Old Coin":63,"CaptainsWheel":94,"Pandora\u0027s Box":68,"Turnip":76,"Paper Frog":4,"Runic Pyramid":33}],"Burning Blood":144,"Mercury Hourglass":[325]},"card_choices":[{"not_picked":["Twin Strike","Warcry","Anger"],"picked":"SKIP","floor":1.0},{"not_picked":["Intimidate","Armaments"],"picked":"Flame Barrier","floor":7.0},{"not_picked":["Spot Weakness","Wild Strike"],"picked":"Burning Pact","floor":8.0},{"not_picked":["Armaments","Uppercut"],"picked":"Bloodletting","floor":10.0},{"not_picked":["Dropkick","Headbutt","Perfected Strike"],"picked":"SKIP","floor":13.0},{"not_picked":["Rampage","Brutality"],"picked":"Second Wind","floor":14.0},{"not_picked":["Reaper","Demon Form"],"picked":"Berserk","floor":16.0},{"not_picked":["Sword Boomerang","Whirlwind+1","Twin Strike"],"picked":"SKIP","floor":18.0},{"not_picked":["Reckless Charge","Warcry","Flex"],"picked":"SKIP","floor":19.0},{"not_picked":["Sword Boomerang","Twin Strike","Cleave"],"picked":"SKIP","floor":25.0},{"not_picked":["Shockwave","True Grit","Wild Strike"],"picked":"SKIP","floor":27.0},{"not_picked":["Havoc","Flex","Whirlwind"],"picked":"SKIP","floor":30.0},{"not_picked":["Brutality","Dropkick"],"picked":"Shrug It Off","floor":31.0},{"not_picked":["Juggernaut","Fiend Fire"],"picked":"Immolate","floor":33.0},{"not_picked":["Sever Soul","Clothesline+1","Dropkick"],"picked":"SKIP","floor":35.0},{"not_picked":["Sword Boomerang","Anger"],"picked":"Barricade+1","floor":41.0},{"not_picked":["Armaments","Heavy Blade"],"picked":"Burning Pact","floor":42.0},{"not_picked":["Madness","Bandage Up"],"picked":"Master of Strategy","floor":44.0},{"not_picked":["Twin Strike","Whirlwind"],"picked":"Feel No Pain+1","floor":46.0},{"not_picked":["Flex","Sword Boomerang","True Grit+1"],"picked":"SKIP","floor":55}],"player_experience":976150,"relics_obtained":[{"floor":8.0,"key":"Paper Frog"},{"floor":9.0,"key":"Thread and Needle"},{"floor":10.0,"key":"Smiling Mask"},{"floor":25.0,"key":"Blue Candle"},{"floor":26.0,"key":"Mercury Hourglass"},{"floor":27.0,"key":"White Beast Statue"},{"floor":31.0,"key":"Old Coin"},{"floor":37.0,"key":"Turnip"},{"floor":41.0,"key":"Regal Pillow"},{"floor":48.0,"key":"CaptainsWheel"},{"floor":55,"key":"Self Forming Clay"}],"event_choices":[{"damage_healed":0.0,"max_hp_gain":0.0,"max_hp_loss":0.0,"gold_gain":0.0,"event_name":"Shining Light","player_choice":"Entered Light","floor":2.0,"gold_loss":0.0,"damage_taken":23.0,"cards_upgraded":["Defend_R","Strike_R"]},{"damage_healed":0.0,"max_hp_gain":0.0,"max_hp_loss":0.0,"gold_gain":150.0,"event_name":"Liars Game","player_choice":"AGREE","floor":4.0,"gold_loss":0.0,"damage_taken":0.0,"cards_obtained":["Doubt"]},{"damage_healed":0.0,"max_hp_gain":0.0,"max_hp_loss":0.0,"gold_gain":0.0,"cards_transformed":["Strike_R"],"event_name":"Transmorgrifier","player_choice":"Transformed","floor":12.0,"gold_loss":0.0,"damage_taken":0.0,"cards_obtained":["Clothesline"]},{"damage_healed":0.0,"max_hp_gain":5.0,"max_hp_loss":0.0,"gold_gain":0.0,"event_name":"Forgotten Altar","player_choice":"Shed Blood","floor":20.0,"gold_loss":0.0,"damage_taken":26.0},{"damage_healed":0.0,"max_hp_gain":0.0,"max_hp_loss":0.0,"gold_gain":50.0,"event_name":"Nest","player_choice":"Stole From Cult","floor":21.0,"gold_loss":0.0,"damage_taken":0.0},{"cards_removed":["Strike_R"],"damage_healed":0.0,"max_hp_gain":0.0,"max_hp_loss":0.0,"gold_gain":0.0,"event_name":"Beggar","player_choice":"Gave Gold","floor":22.0,"gold_loss":75.0,"damage_taken":0.0},{"damage_healed":0.0,"max_hp_gain":0.0,"max_hp_loss":0.0,"gold_gain":0.0,"event_name":"Lab","player_choice":"Got Potions","floor":24.0,"gold_loss":0.0,"damage_taken":0.0},{"damage_healed":0.0,"max_hp_gain":0.0,"max_hp_loss":0.0,"gold_gain":0.0,"event_name":"Mysterious Sphere","player_choice":"Fight","floor":37.0,"gold_loss":0.0,"damage_taken":0.0},{"damage_healed":0.0,"max_hp_gain":0.0,"max_hp_loss":0.0,"gold_gain":0.0,"event_name":"Tomb of Lord Red Mask","player_choice":"Ignored","floor":38.0,"gold_loss":0.0,"damage_taken":0.0},{"damage_healed":0.0,"max_hp_gain":0.0,"max_hp_loss":0.0,"gold_gain":0.0,"event_name":"SensoryStone","player_choice":"Memory 3","floor":44.0,"gold_loss":0.0,"damage_taken":10.0},{"damage_healed":0.0,"max_hp_gain":0.0,"max_hp_loss":0.0,"gold_gain":0.0,"event_name":"MindBloom","player_choice":"Fight","floor":48.0,"gold_loss":0.0,"damage_taken":0.0}],"is_beta":false,"boss_relics":[{"not_picked":["Coffee Dripper","Cursed Key"],"picked":"Runic Pyramid"},{"not_picked":["Tiny House","Runic Cube"],"picked":"Pandora\u0027s Box"}],"items_purged_floors":[3,5,29,36,39,45,54],"is_endless":false,"potions_floor_spawned":[1,8,13,16,18,27,30,31,33,35,37,41,42,46,48,55],"ascension_level":20}}