{"host":"9v3x998ddbx8o276","time":1610885059,"event":{"mods":["AchievementEnabler","BaseMod","Colored Map","Colored Powertips","Highlight Path","Minty Spire (QoL Compilation)","Quick Restart","Rare Cards Sparkle"],"gold_per_floor":[114,125,139,139,139,139,18,57,138,177,193,193,193,2,2,126,126,139,139,139,139,158,158,172,192,244,257,257,271,27,42,42,172,172,196,106,120,453,467,467,502,502,526,526,538,46,76,88,88,88],"floor_reached":51,"language":"ENG","playtime":1831,"items_purged":["Strike_R"],"score":1000,"play_id":"d347288c-10a1-4a7b-af6a-5301fcaf6196","local_time":"20210117223419","is_ascension_mode":true,"campfire_choices":[{"data":"Pommel Strike","floor":6.0,"key":"SMITH"},{"floor":13.0,"key":"REST"},{"floor":15.0,"key":"REST"},{"data":"Seeing Red","floor":23.0,"key":"SMITH"},{"floor":32.0,"key":"REST"},{"floor":40.0,"key":"REST"},{"data":"Whirlwind","floor":44.0,"key":"SMITH"},{"floor":49,"key":"REST"}],"circlet_count":0,"master_deck":["Strike_R","Strike_R","Defend_R","Defend_R","Defend_R","Defend_R","Bash+1","Pommel Strike+1","Cleave","Rampage","Ghostly Armor+1","Shockwave+1","Flex","Battle Trance","Shrug It Off","Whirlwind+1","Juggernaut","Rage","Finesse+1","Seeing Red+1","Hemokinesis","Flame Barrier+1","True Grit+1","Clothesline+1","Second Wind+1","Demon Form+1","CurseOfTheBell","Body Slam+1","Spot Weakness+1","Armaments+1","Sword Boomerang+1","Flame Barrier+1","Feel No Pain+1","Mayhem+1","Fiend Fire","Dark Embrace+1"],"relics":["Burning Blood","Gambling Chip","Vajra","Letter Opener","Anchor","Ornamental Fan","Velvet Choker","Frozen Egg 2","PreservedInsect","Self Forming Clay","Calling Bell","Centennial Puzzle","Kunai","Champion Belt","Akabeko","Mango","War Paint","HornCleat","Juzu Bracelet"],"acts_visited":["Exordium","TheCity","TheBeyond"],"potions_floor_usage":[50,50],"damage_taken":[{"damage":10.0,"enemies":"2 Louse","floor":1.0,"turns":3.0},{"damage":4.0,"enemies":"Jaw Worm","floor":2.0,"turns":4.0},{"damage":4.0,"enemies":"Small Slimes","floor":3.0,"turns":3.0},{"damage":35.0,"enemies":"3 Sentries","floor":8.0,"turns":7.0},{"damage":32.0,"enemies":"Gremlin Nob","floor":10.0,"turns":4.0},{"damage":0.0,"enemies":"2 Fungi Beasts","floor":11.0,"turns":3.0},{"damage":31.0,"enemies":"Hexaghost","floor":16.0,"turns":9.0},{"damage":0.0,"enemies":"Spheric Guardian","floor":18.0,"turns":3.0},{"damage":6.0,"enemies":"Shell Parasite","floor":22.0,"turns":4.0},{"damage":1.0,"enemies":"Snecko","floor":24.0,"turns":4.0},{"damage":5.0,"enemies":"Centurion and Healer","floor":25.0,"turns":4.0},{"damage":20.0,"enemies":"3 Cultists","floor":27.0,"turns":3.0},{"damage":19.0,"enemies":"Snake Plant","floor":29.0,"turns":3.0},{"damage":17.0,"enemies":"Snecko","floor":31.0,"turns":5.0},{"damage":37.0,"enemies":"Champ","floor":33.0,"turns":10.0},{"damage":6.0,"enemies":"Orb Walker","floor":35.0,"turns":5.0},{"damage":2.0,"enemies":"3 Darklings","floor":37.0,"turns":4.0},{"damage":21.0,"enemies":"4 Shapes","floor":39.0,"turns":4.0},{"damage":21.0,"enemies":"Giant Head","floor":41.0,"turns":7.0},{"damage":33.0,"enemies":"Maw","floor":45.0,"turns":8.0},{"damage":8.0,"enemies":"Reptomancer","floor":47.0,"turns":4.0},{"damage":0,"enemies":"3 Darklings","floor":48,"turns":1},{"damage":46,"enemies":"Time Eater","floor":50,"turns":10}],"seed_played":"2251480980724833891","potions_obtained":[{"floor":1.0,"key":"DistilledChaos"},{"floor":8.0,"key":"Dexterity Potion"},{"floor":10.0,"key":"Energy Potion"},{"floor":16.0,"key":"Weak Potion"},{"floor":22.0,"key":"SneckoOil"},{"floor":31.0,"key":"LiquidBronze"},{"floor":33.0,"key":"SkillPotion"},{"floor":35.0,"key":"Explosive Potion"},{"floor":39.0,"key":"Fire Potion"}],"is_trial":false,"path_per_floor":["M","M","M","?","?","R","$","E","T","E","M","?","R","$","R","B",null,"M","?","?","?","M","R","M","M","T","M","?","M","$","M","R","B",null,"M","?","M","?","M","R","E","T","T","R","M","$","E","M","R","B",null],"character_chosen":"IRONCLAD","items_purchased":["Fire Potion","Ghostly Armor","Shrug It Off","Whirlwind","Self Forming Clay","HornCleat","Feel No Pain+1","Mayhem+1"],"campfire_rested":5,"item_purchase_floors":[7,7,14,14,30,46,46,46],"current_hp_per_floor":[68,70,72,72,67,67,67,38,38,12,18,6,26,26,46,21,56,62,62,62,50,50,50,55,56,56,42,42,29,29,18,38,7,52,52,52,56,56,41,61,46,60,60,60,33,33,31,37,61,21],"gold":88,"neow_bonus":"ONE_RARE_RELIC","is_daily":false,"chose_seed":false,"campfire_upgraded":3,"win_rate":0.0,"timestamp":1610885059,"path_taken":["M","M","M","?","?","R","?","E","T","E","M","?","R","$","R","BOSS","M","?","?","?","M","R","M","?","T","M","?","?","$","M","R","BOSS","M","?","?","?","M","R","E","?","T","R","M","$","E","M","R","BOSS"],"items_purchased_type":["Potion","Card","Card","Card","Relic","Relic","Card","Card"],"build_version":"2020-12-22","purchased_purges":1,"victory":true,"max_hp_per_floor":[72,72,72,72,67,67,67,67,67,67,67,67,67,67,67,67,67,67,67,67,67,67,67,67,67,67,67,67,67,67,67,67,67,67,67,67,67,67,67,67,67,81,81,81,81,81,81,81,81,81],"card_choices":[{"not_picked":["Rupture","Thunderclap"],"picked":"Pommel Strike","floor":1.0},{"not_picked":["Disarm","Infernal Blade"],"picked":"Cleave","floor":2.0},{"not_picked":["Uppercut","Carnage"],"picked":"Rampage","floor":3.0},{"not_picked":["Twin Strike","Havoc"],"picked":"Shockwave","floor":8.0},{"not_picked":["Cleave","Carnage"],"picked":"Flex","floor":10.0},{"not_picked":["Thunderclap","Carnage"],"picked":"Battle Trance","floor":11.0},{"not_picked":["Limit Break","Reaper"],"picked":"Juggernaut","floor":16.0},{"not_picked":["Reckless Charge","Seeing Red"],"picked":"Rage","floor":18.0},{"not_picked":["Cleave+1","Combust+1"],"picked":"Seeing Red","floor":22.0},{"not_picked":["Heavy Blade","Clothesline"],"picked":"Hemokinesis","floor":24.0},{"not_picked":["Pummel+1","Burning Pact"],"picked":"Flame Barrier+1","floor":25.0},{"not_picked":["Reckless Charge","Havoc+1"],"picked":"True Grit+1","floor":27.0},{"not_picked":["Heavy Blade","Thunderclap"],"picked":"Clothesline+1","floor":29.0},{"not_picked":["Armaments","Warcry"],"picked":"Second Wind+1","floor":31.0},{"not_picked":["Exhume","Immolate"],"picked":"Demon Form+1","floor":33.0},{"not_picked":["Headbutt+1","Heavy Blade"],"picked":"Body Slam+1","floor":35.0},{"not_picked":["Thunderclap","Cleave+1"],"picked":"Spot Weakness+1","floor":37.0},{"not_picked":["Clothesline+1","Clash"],"picked":"Armaments+1","floor":39.0},{"not_picked":["Pommel Strike","Wild Strike+1"],"picked":"Sword Boomerang+1","floor":41.0},{"not_picked":["Armaments","Feed"],"picked":"Flame Barrier+1","floor":45.0},{"not_picked":["Armaments+1","Havoc"],"picked":"Fiend Fire","floor":47.0},{"not_picked":["Havoc","Sword Boomerang"],"picked":"Dark Embrace+1","floor":48}],"player_experience":1669751,"relics_obtained":[{"floor":8.0,"key":"Vajra"},{"floor":9.0,"key":"Letter Opener"},{"floor":10.0,"key":"Anchor"},{"floor":26.0,"key":"PreservedInsect"},{"floor":34.0,"key":"Centennial Puzzle"},{"floor":34.0,"key":"Kunai"},{"floor":34.0,"key":"Champion Belt"},{"floor":41.0,"key":"Akabeko"},{"floor":42.0,"key":"Mango"},{"floor":43.0,"key":"War Paint"},{"floor":47.0,"key":"Juzu Bracelet"}],"event_choices":[{"damage_healed":0.0,"max_hp_gain":0.0,"max_hp_loss":0.0,"gold_gain":0.0,"event_name":"Living Wall","player_choice":"Grow","floor":4.0,"gold_loss":0.0,"damage_taken":0.0,"cards_upgraded":["Bash"]},{"damage_healed":0.0,"max_hp_gain":0.0,"max_hp_loss":5.0,"gold_gain":0.0,"event_name":"Golden Idol","player_choice":"Lose Max HP","floor":5.0,"gold_loss":0.0,"damage_taken":0.0,"relics_obtained":["Golden Idol"]},{"damage_healed":0.0,"max_hp_gain":0.0,"max_hp_loss":0.0,"gold_gain":0.0,"event_name":"Scrap Ooze","player_choice":"Success","floor":12.0,"gold_loss":0.0,"damage_taken":12.0,"relics_obtained":["Ornamental Fan"]},{"damage_healed":0.0,"max_hp_gain":0.0,"max_hp_loss":0.0,"gold_gain":0.0,"event_name":"The Mausoleum","player_choice":"Opened","floor":19.0,"gold_loss":0.0,"damage_taken":0.0,"relics_obtained":["Frozen Egg 2"]},{"damage_healed":0.0,"max_hp_gain":0.0,"max_hp_loss":0.0,"gold_gain":0.0,"event_name":"Ghosts","player_choice":"Ignored","floor":20.0,"gold_loss":0.0,"damage_taken":0.0},{"damage_healed":0.0,"max_hp_gain":0.0,"max_hp_loss":0.0,"gold_gain":0.0,"event_name":"Knowing Skull","player_choice":"CARD ","floor":21.0,"potions_obtained":[],"gold_loss":0.0,"damage_taken":12.0,"cards_obtained":["Finesse"]},{"cards_removed":["Strike_R"],"damage_healed":0.0,"max_hp_gain":0.0,"max_hp_loss":0.0,"gold_gain":0.0,"event_name":"Purifier","player_choice":"Purged","floor":28.0,"gold_loss":0.0,"damage_taken":0.0},{"cards_removed":["Strike_R"],"damage_healed":0.0,"max_hp_gain":0.0,"max_hp_loss":0.0,"gold_gain":0.0,"event_name":"Designer","player_choice":"Upgrade and Remove","floor":36.0,"gold_loss":90.0,"damage_taken":0.0,"cards_upgraded":["Ghostly Armor"]},{"damage_healed":0.0,"max_hp_gain":0.0,"max_hp_loss":0.0,"gold_gain":333.0,"event_name":"The Moai Head","player_choice":"Gave Idol","floor":38.0,"relics_lost":["Golden Idol"],"gold_loss":0.0,"damage_taken":0.0}],"is_beta":false,"boss_relics":[{"not_picked":["SacredBark","Ectoplasm"],"picked":"Velvet Choker"},{"not_picked":["Fusion Hammer","Sozu"],"picked":"Calling Bell"}],"items_purged_floors":[14],"is_endless":false,"potions_floor_spawned":[1,8,10,16,22,24,31,33,35,39],"ascension_level":7}}