{"host":"qj49eghpaxba70kv","time":1610918362,"event":{"mods":["ATMod(°¢èªMod)","Act Like it!","Arknights The Spire","Aspiration","BaseMod","Dota2Spire","Energized Spire","Gensokyo","GungeonMod","Hermit","Hunter ÁÔÈË","KinomotoSakuraMod(Ä¾Ö®±¾Ó£)","Koishi","Luminous","Minty Spire (QoL Compilation)","Pale of the Ancients","Permanent Neow","Prisma Mod","Quick Restart","Replay The Spire","Robot Space Explorer","StSLib","The Administrix","The Alterego","The Bug Knight","The Construct","The Hierophant","The Marked","The Senshi","UnlockEverythingMod","[GremlinLeader]The Maniac","vexMod","¡¾¹¦ÄÜMod¡¿»ìãçÖ®»·ÐÞ¸´²¹¶¡","¡¾ÒÅÎï¿¨ÅÆ¡¿REMEMod","óô»ðÖ¸ÄÏ"],"gold_per_floor":[115,127,57,69,85,116,116,116,116,116,135,172,172,147,147,270,270,300,300,313,330,349,422,451,48,71,170,197,42,42,52,52,196,196,212,236,236,287,325,412,412,440,440,486,526,540,540],"floor_reached":46,"language":"ZHS","playtime":2788,"items_purged":["Clumsy"],"score":541,"play_id":"e0f22fc0-0d00-4ffb-8213-27e140b7f260","local_time":"20210117151922","is_ascension_mode":false,"campfire_choices":[{"data":"AT_EssenceShift","floor":8,"key":"SMITH"},{"data":"PrismaMod:ChloeGaeBolg","floor":10,"key":"SMITH"},{"data":"PrismaMod:ChloeEyeOfTheEuryale","floor":13,"key":"SMITH"},{"data":"PrismaMod:ChloeDemonicTutor","floor":15,"key":"SMITH"},{"data":"PrismaMod:ChloeDoubleRelicSpeed","floor":30,"key":"SMITH"},{"data":"PrismaMod:ChloeGreatTracePools","floor":32,"key":"SMITH"}],"circlet_count":0,"master_deck":["PrismaMod:ChloeCommonAttack+1","PrismaMod:ChloeCommonAttack+1","PrismaMod:ChloeCommonAttack+1","PrismaMod:ChloeCommonAttack+1","PrismaMod:ChloeCommonAttack+1","PrismaMod:ChloeCommonDefend+1","PrismaMod:ChloeCommonDefend+1","PrismaMod:ChloeCommonDefend+1","PrismaMod:ChloeCommonDefend+1","PrismaMod:ChloeCommonDefend+1","PrismaMod:ChloeCheapAttack","PrismaMod:ChloeCheapDefend","PrismaMod:ChloeCommonAOEAttack","PrismaMod:ChloeGaeBolg+1","PrismaMod:ChloeEyeOfTheEuryale+1","PrismaMod:ChloeCheapAttackTwo","AT_EssenceShift+1","PrismaMod:ChloeDemonicTutor+1","PrismaMod:ChloeCarnivalAttack","PrismaMod:ChloeGreatTracePools+1","PrismaMod:ChloeExcalibur","PrismaMod:ChloeGaeBolg+1","AT_TearsDenial","PrismaMod:ChloeDoubleRelicSpeed+1","PrismaMod:ChloeDoubleRelicSpeed","PrismaMod:ChloeAnySkillTrace","PrismaMod:ChloeRhongomyniad","AT_CelerityRune","PrismaMod:ChloeGaeBolg+1","PrismaMod:ChloeRuleBreaker","Sickly","PrismaMod:ChloeChristmas+1"],"relics":["PrismaMod:PrismaTraceOn","AT_ATBox","REME_ComplimentaryCards","aspiration:Nostalgia","RobotSpaceExplorer:RoboCore","Blue Doll","Gensokyo:NagashiBinaDoll","vexMod:ConsolationPrize","Mercury Hourglass","Coffee Dripper","Kunai","Dota2Spire:ShadowBlade","Dota2Spire:MaskOfMadness","Cursed Key","The Courier","Molten Egg 2","Pear"],"acts_visited":["Exordium","TheCity","TheBeyond"],"potions_floor_usage":[12,16,23,33],"damage_taken":[{"damage":0,"enemies":"Gensokyo:Python","floor":1,"turns":3},{"damage":0,"enemies":"Gensokyo:3_Fairies","floor":2,"turns":4},{"damage":0,"enemies":"Gensokyo:2_Kodama","floor":4,"turns":3},{"damage":2,"enemies":"Gensokyo:5_Fairies","floor":5,"turns":5},{"damage":20,"enemies":"Gensokyo:Cirno","floor":6,"turns":5},{"damage":1,"enemies":"Gensokyo:CorruptedTreant","floor":11,"turns":5},{"damage":2,"enemies":"Gensokyo:Mamizou","floor":12,"turns":8},{"damage":22,"enemies":"Gensokyo:Reimu","floor":16,"turns":9},{"damage":10,"enemies":"Chosen","floor":18,"turns":2},{"damage":0,"enemies":"3 Byrds","floor":20,"turns":3},{"damage":1,"enemies":"Snake Plant","floor":21,"turns":4},{"damage":4,"enemies":"Snecko","floor":22,"turns":4},{"damage":46,"enemies":"Slavers","floor":23,"turns":5},{"damage":9,"enemies":"3 Cultists","floor":24,"turns":5},{"damage":9,"enemies":"Cultist and Chosen","floor":28,"turns":6},{"damage":0,"enemies":"Snake Plant","floor":31,"turns":2},{"damage":40,"enemies":"Collector","floor":33,"turns":5},{"damage":2,"enemies":"3 Shapes","floor":35,"turns":3},{"damage":9,"enemies":"3 Darklings","floor":36,"turns":4},{"damage":31,"enemies":"Transient","floor":38,"turns":5},{"damage":21,"enemies":"Sphere and 2 Shapes","floor":39,"turns":4},{"damage":59,"enemies":"Nemesis","floor":40,"turns":7},{"damage":16,"enemies":"Spire Growth","floor":42,"turns":5},{"damage":32,"enemies":"Maw","floor":44,"turns":9},{"damage":15,"enemies":"Giant Head","floor":45,"turns":7},{"damage":23,"enemies":"3 Darklings","floor":46,"turns":2}],"seed_played":"1737092992750663669","potions_obtained":[{"floor":1,"key":"Adrenaline Potion"},{"floor":2,"key":"Swift Potion"},{"floor":16,"key":"LiquidMemories"},{"floor":21,"key":"SkillPotion"},{"floor":23,"key":"Cursed Concoction"},{"floor":28,"key":"Adrenaline Potion"},{"floor":33,"key":"Elixir"}],"is_trial":false,"path_per_floor":["M","M","?","M","M","E","?","R","T","R","M","E","R","?","R","B",null,"M","?","M","M","M","E","M","R","T","?","M","$","R","M","R","B",null,"M","M","?","M","M","E","?","M","T","M","E","M"],"character_chosen":"CHLOE","items_purchased":["PrismaMod:ChloeGaeBolg+1","AT_TearsDenial","PrismaMod:ChloeDoubleRelicSpeed","Dota2Spire:MaskOfMadness"],"campfire_rested":0,"item_purchase_floors":[25,25,25,29],"current_hp_per_floor":[75,75,75,75,73,53,53,53,53,53,52,50,50,50,50,28,75,65,65,65,64,63,17,8,8,8,8,11,11,11,23,23,6,78,76,67,67,57,36,11,11,11,11,11,21,0,0],"gold":540,"neow_bonus":"NOSTALGIA","is_daily":false,"chose_seed":false,"campfire_upgraded":6,"win_rate":0.0,"timestamp":1610918362,"path_taken":["M","M","?","M","M","E","?","R","T","R","M","E","R","?","R","BOSS","M","?","M","M","M","E","M","R","T","?","M","$","R","M","R","BOSS","M","M","?","M","M","E","?","M","T","?","E","M"],"items_purchased_type":["Card","Card","Card","Relic"],"build_version":"2020-12-22","purchased_purges":1,"victory":false,"max_hp_per_floor":[75,75,75,75,75,75,75,75,75,75,75,75,75,75,75,75,75,75,75,75,75,78,78,78,78,78,78,78,78,78,78,78,78,78,78,78,78,78,78,78,78,78,78,78,88,88,88],"card_choices":[{"not_picked":["PrismaMod:ChloeExcalibur","PrismaMod:ChloeDiscardRecovery"],"picked":"PrismaMod:ChloeCommonAOEAttack","floor":1},{"not_picked":["PrismaMod:ChloeExhaustOne","PrismaMod:ChloeRitsuka"],"picked":"PrismaMod:ChloeGaeBolg","floor":2},{"not_picked":["PrismaMod:ChloeCommonAOEAttack","PrismaMod:ChloeExhaustOne"],"picked":"PrismaMod:ChloeEyeOfTheEuryale","floor":4},{"not_picked":["PrismaMod:ChloeCheapDefendTwo","PrismaMod:ChloeDiscardRecovery"],"picked":"PrismaMod:ChloeCheapAttackTwo","floor":5},{"not_picked":["PrismaMod:ChloeCheapDefend","PrismaMod:ChloeCheapAttackTwo"],"picked":"PrismaMod:ChloeDemonicTutor","floor":6},{"not_picked":["PrismaMod:ChloeDiscardRecovery","PrismaMod:ChloeCheapDefendTwo","PrismaMod:ChloeCheapAttackTwo"],"picked":"SKIP","floor":11},{"not_picked":["PrismaMod:ChloeCommonAOEAttack","PrismaMod:ChloeMordred"],"picked":"PrismaMod:ChloeCarnivalAttack","floor":12},{"not_picked":["PrismaMod:ChloeUnlimitedBladeWorks","PrismaMod:ChloeCarnivalAOEAttack"],"picked":"PrismaMod:ChloeGreatTracePools","floor":16},{"not_picked":["PrismaMod:ChloeMaid","PrismaMod:ChloeRhongomyniad"],"picked":"PrismaMod:ChloeExcalibur","floor":18},{"not_picked":["PrismaMod:ChloeCheapDefendTwo+1","PrismaMod:ChloeMaid","PrismaMod:ChloeCheapAttackTwo"],"picked":"SKIP","floor":20},{"not_picked":["PrismaMod:ChloeExhaustOne","PrismaMod:ChloeDiscardRecovery","PrismaMod:ChloeCommonAOEAttack"],"picked":"SKIP","floor":21},{"not_picked":["PrismaMod:ChloeCommonAOEAttack","PrismaMod:ChloeCheapAttackTwo","PrismaMod:ChloeCheapDefend"],"picked":"SKIP","floor":22},{"not_picked":["PrismaMod:ChloeCommonAOEAttack","PrismaMod:ChloeDiscardRecovery+1","PrismaMod:ChloeCheapAttackTwo+1"],"picked":"SKIP","floor":23},{"not_picked":["PrismaMod:ChloeUncommonDefend","PrismaMod:ChloeExhaustOne","PrismaMod:ChloeMordred"],"picked":"SKIP","floor":24},{"not_picked":["PrismaMod:ChloeExhaustOne","PrismaMod:ChloeCheapDefendTwo","PrismaMod:ChloeUncommonAOEAttack"],"picked":"SKIP","floor":28},{"not_picked":["PrismaMod:ChloeCheapDefendTwo","PrismaMod:ChloeDemonicTutor","PrismaMod:ChloeCheapDefend"],"picked":"SKIP","floor":31},{"not_picked":["PrismaMod:ChloeExhaustThree","PrismaMod:ChloeCarnivalDefend"],"picked":"PrismaMod:ChloeAnySkillTrace","floor":33},{"not_picked":["PrismaMod:ChloeCheapDefendTwo","PrismaMod:ChloeCheapDefend"],"picked":"PrismaMod:ChloeRhongomyniad","floor":35},{"not_picked":["PrismaMod:ChloeCheapAttackTwo","PrismaMod:ChloeDiscardRecovery","PrismaMod:ChloeUncommonAttack"],"picked":"SKIP","floor":36},{"not_picked":["REME_MagicPocketWatch","DemoMod:Spice"],"picked":"AT_CelerityRune","floor":37},{"not_picked":["PrismaMod:ChloeCommonAOEAttack+1","PrismaMod:ChloeMaid"],"picked":"PrismaMod:ChloeGaeBolg+1","floor":38},{"not_picked":["PrismaMod:ChloeDiscardRecovery","PrismaMod:ChloeCommonAOEAttack+1"],"picked":"PrismaMod:ChloeRuleBreaker","floor":39},{"not_picked":["PrismaMod:ChloeDiscardRecovery+1","PrismaMod:ChloeExhaustTwo","PrismaMod:ChloeCommonAOEAttack"],"picked":"SKIP","floor":40},{"not_picked":["PrismaMod:ChloeCheapAttackTwo","PrismaMod:ChloeCheapAttack","PrismaMod:ChloeGaeBolg+1"],"picked":"SKIP","floor":42},{"not_picked":["PrismaMod:ChloeGaeBolg+1","PrismaMod:ChloeCheapAttack+1"],"picked":"PrismaMod:ChloeChristmas+1","floor":44},{"not_picked":["PrismaMod:ChloeUncommonAttack+1","PrismaMod:ChloeCommonAOEAttack+1","PrismaMod:ChloeRuleBreaker+1"],"picked":"SKIP","floor":45}],"player_experience":39692,"relics_obtained":[{"floor":6,"key":"Blue Doll"},{"floor":9,"key":"vexMod:ConsolationPrize"},{"floor":12,"key":"Mercury Hourglass"},{"floor":23,"key":"Kunai"},{"floor":26,"key":"Dota2Spire:ShadowBlade"},{"floor":40,"key":"The Courier"},{"floor":43,"key":"Molten Egg 2"},{"floor":45,"key":"Pear"}],"event_choices":[{"damage_healed":0,"gold_gain":0,"player_choice":"Simplicity","damage_taken":0,"max_hp_gain":0,"max_hp_loss":0,"event_name":"Back to Basics","floor":19,"gold_loss":0,"cards_upgraded":["PrismaMod:ChloeCommonAttack","PrismaMod:ChloeCommonAttack","PrismaMod:ChloeCommonAttack","PrismaMod:ChloeCommonAttack","PrismaMod:ChloeCommonDefend","PrismaMod:ChloeCommonDefend","PrismaMod:ChloeCommonDefend","PrismaMod:ChloeCommonDefend"]},{"damage_healed":0,"gold_gain":99,"player_choice":"Stole From Cult","damage_taken":0,"max_hp_gain":0,"max_hp_loss":0,"event_name":"Nest","floor":27,"gold_loss":0},{"damage_healed":0,"gold_gain":0,"player_choice":"Memory 1","damage_taken":0,"max_hp_gain":0,"max_hp_loss":0,"event_name":"SensoryStone","floor":37,"gold_loss":0},{"damage_healed":0,"gold_gain":0,"player_choice":"0 cards matched","damage_taken":0,"max_hp_gain":0,"max_hp_loss":0,"event_name":"Match and Keep!","floor":41,"gold_loss":0,"cards_obtained":[]}],"is_beta":false,"boss_relics":[{"not_picked":["Replay:Wanted Poster","vexMod:EndlessSickness"],"picked":"Coffee Dripper"},{"not_picked":["aspiration:WatcherSkillbook","Fusion Hammer"],"picked":"Cursed Key"}],"items_purged_floors":[25],"is_endless":false,"potions_floor_spawned":[1,2,16,21,23,28,31,33,35,36,39],"killed_by":"3 Darklings","ascension_level":0}}