{"host":"KYO","time":1610869177,"event":{"mods":["ATMod(°¢èªMod)","BaseMod","Minty Spire (QoL Compilation)","Shop Mod","StSLib","SuperFastMode","[IsaacMod]ÒÔÈö¼âËþ","¡¾ÒÅÎï¿¨ÅÆ¡¿REMEMod"],"gold_per_floor":[119,119,129,170,190,190,216,216,216,250,11,45,60,75,240,319,319,358,273,388,403,417,444,444,473,473,473,398,398,398],"floor_reached":29,"language":"ZHS","playtime":1423,"items_purged":["Defend_G"],"score":620,"play_id":"1e5405b5-d5c5-4339-9b81-1853f61149e0","local_time":"20210117153937","is_ascension_mode":true,"campfire_choices":[{"data":"AT_KingSlayer","floor":6.0,"key":"SMITH"},{"data":"Prepared","floor":8.0,"key":"SMITH"},{"data":"Reflex","floor":15.0,"key":"SMITH"},{"data":"Concentrate","floor":24.0,"key":"SMITH"},{"data":"Envenom","floor":27.0,"key":"SMITH"}],"circlet_count":0,"master_deck":["AscendersBane","Strike_G","Strike_G","Strike_G","Strike_G","Defend_G","Defend_G","Defend_G","Defend_G","Survivor","Neutralize","EpicFetus","AT_KingSlayer+1","Prepared+1","A Thousand Cuts","Backflip","Concentrate+1","Reflex+1","Envenom+1","Defend_G"],"relics":["HushsDoor","AT_ATBox","REME_ComplimentaryCards","BloodDonationMachine","MagicMushroom","TuHaoJin","REME_LimitBreaker","YumHeart","MerchantsRug","D6","Coffee Dripper","Vajra","REME_PuzzleBoxRelic","Art of War","Blood Vial"],"acts_visited":["Exordium","TheCity"],"potions_floor_usage":[29],"damage_taken":[{"damage":0.0,"enemies":"Cultist","floor":1.0,"turns":3.0},{"damage":10.0,"enemies":"Jaw Worm","floor":3.0,"turns":3.0},{"damage":0.0,"enemies":"Small Slimes","floor":4.0,"turns":3.0},{"damage":7.0,"enemies":"3 Louse","floor":5.0,"turns":4.0},{"damage":9.0,"enemies":"Gremlin Nob","floor":7.0,"turns":4.0},{"damage":10.0,"enemies":"3 Sentries","floor":10.0,"turns":5.0},{"damage":0.0,"enemies":"Gremlin Nob","floor":12.0,"turns":4.0},{"damage":0.0,"enemies":"Looter","floor":13.0,"turns":3.0},{"damage":1.0,"enemies":"Exordium Wildlife","floor":14.0,"turns":3.0},{"damage":9.0,"enemies":"The Guardian","floor":16.0,"turns":12.0},{"damage":0.0,"enemies":"Chosen","floor":18.0,"turns":4.0},{"damage":9.0,"enemies":"Shell Parasite","floor":20.0,"turns":4.0},{"damage":11.0,"enemies":"3 Cultists","floor":21.0,"turns":4.0},{"damage":5.0,"enemies":"Snecko","floor":22.0,"turns":5.0},{"damage":20.0,"enemies":"Gremlin Leader","floor":23.0,"turns":6.0},{"damage":14.0,"enemies":"REME_1_Revenger","floor":25.0,"turns":5.0},{"damage":0,"enemies":"Cultist and Chosen","floor":29,"turns":3}],"seed_played":"-7856884946107553637","potions_obtained":[{"floor":2.0,"key":"REME_GoldPotion"},{"floor":2.0,"key":"ColorlessPotion"},{"floor":13.0,"key":"GamblersBrew"},{"floor":14.0,"key":"Weak Potion"},{"floor":16.0,"key":"REME_GoldPotion"},{"floor":21.0,"key":"Weak Potion"},{"floor":23.0,"key":"DistilledChaos"}],"is_trial":false,"path_per_floor":["M","?","M","M","M","R","E","R","T","E","$","E","M","M","R","B",null,"M","?","M","M","M","E","R","E","T","R","?","M"],"character_chosen":"THE_SILENT","items_purchased":["MerchantsRug"],"campfire_rested":0,"item_purchase_floors":[11],"current_hp_per_floor":[67,67,58,59,53,53,45,45,45,36,36,37,38,38,40,32,63,60,60,42,57,53,34,34,21,21,21,21,24,24],"gold":398,"neow_bonus":"BOSS_RELIC","is_daily":false,"chose_seed":false,"campfire_upgraded":5,"win_rate":0.0,"timestamp":1610869177,"path_taken":["M","?","M","M","M","R","E","R","T","E","$","E","M","?","R","BOSS","M","?","M","M","M","E","R","E","T","R","?","M"],"items_purchased_type":["Relic"],"build_version":"2020-12-18","purchased_purges":1,"victory":false,"max_hp_per_floor":[73,73,73,73,73,73,73,73,73,73,73,73,73,73,73,73,73,73,73,73,73,73,73,73,73,73,73,73,73,73],"card_choices":[{"not_picked":[],"picked":"EpicFetus","floor":0.0},{"not_picked":["Flying Knee","PiercingWail"],"picked":"Prepared","floor":1.0},{"not_picked":["Leg Sweep","Flechettes","Riddle With Holes"],"picked":"SKIP","floor":3.0},{"not_picked":["Expertise","Choke"],"picked":"A Thousand Cuts","floor":4.0},{"not_picked":["Leg Sweep","Dagger Throw","Flying Knee"],"picked":"SKIP","floor":5.0},{"not_picked":["Poisoned Stab","Caltrops"],"picked":"Backflip","floor":7.0},{"not_picked":["Eviscerate","Dagger Throw","Masterful Stab"],"picked":"SKIP","floor":10.0},{"not_picked":["Sucker Punch","AT_WindFlip","All Out Attack"],"picked":"SKIP","floor":12.0},{"not_picked":["Caltrops","Slice"],"picked":"Concentrate","floor":13.0},{"not_picked":["Poisoned Stab","Sucker Punch"],"picked":"Reflex","floor":14.0},{"not_picked":["Unload","REME_LeechingPoison"],"picked":"Envenom","floor":16.0},{"not_picked":["AT_TinkerSharpsword","Dagger Throw","Reflex"],"picked":"SKIP","floor":18.0},{"not_picked":["Dagger Spray","AT_TinkerSharpsword","All Out Attack"],"picked":"SKIP","floor":20.0},{"not_picked":["Concentrate","Backstab","Outmaneuver+1"],"picked":"SKIP","floor":21.0},{"not_picked":["Dagger Throw","Skewer","Blur"],"picked":"SKIP","floor":22.0},{"not_picked":["Escape Plan","Distraction","Choke"],"picked":"SKIP","floor":23.0},{"not_picked":["Accuracy","Backflip","Night Terror"],"picked":"SKIP","floor":25.0}],"player_experience":612351,"relics_obtained":[{"floor":7.0,"key":"TuHaoJin"},{"floor":9.0,"key":"REME_LimitBreaker"},{"floor":10.0,"key":"YumHeart"},{"floor":12.0,"key":"D6"},{"floor":23.0,"key":"REME_PuzzleBoxRelic"},{"floor":25.0,"key":"Art of War"},{"floor":26.0,"key":"Blood Vial"}],"event_choices":[{"damage_healed":0.0,"max_hp_gain":0.0,"max_hp_loss":0.0,"gold_gain":0.0,"event_name":"Lab","player_choice":"Got Potions","floor":2.0,"gold_loss":0.0,"damage_taken":0.0},{"damage_healed":0.0,"max_hp_gain":0.0,"max_hp_loss":0.0,"gold_gain":0.0,"event_name":"Addict","player_choice":"Obtained Relic","floor":19.0,"gold_loss":85.0,"damage_taken":0.0,"relics_obtained":["Vajra"]},{"cards_removed":["Strike_G"],"damage_healed":0.0,"max_hp_gain":0.0,"max_hp_loss":0.0,"gold_gain":0.0,"event_name":"Beggar","player_choice":"Gave Gold","floor":28.0,"gold_loss":75.0,"damage_taken":0.0}],"is_beta":true,"boss_relics":[{"not_picked":["Calling Bell","Busted Crown"],"picked":"Coffee Dripper"},{"not_picked":[]}],"items_purged_floors":[11],"is_endless":false,"potions_floor_spawned":[3,13,14,16,18,21,23],"killed_by":"Cultist and Chosen","ascension_level":20}}