{"host":"gvmmh8a4dbuurnvz","time":1610848919,"event":{"mods":["AchievementEnabler","Aspiration","BaseMod","Better Vampires","BetterRewards","Colored Powertips","Highlight Path","Minty Spire (QoL Compilation)","Spicy Shops","StSLib","¡¾ÒÅÎï¿¨ÅÆ¡¿REMEMod"],"gold_per_floor":[117,117,134,134,53,53,70,80,80,115,115,115,2,22,22,125,125,145,70,70,20,20,46,46,56,56,73,73,10,20,20,20,124,124,138,138,63,73,83,108,108,125,149,149,164,195,214,84,84,84],"floor_reached":51,"language":"ZHS","playtime":1318,"items_purged":["Riddle With Holes","Defend_R","Bullet Time","Strike_R"],"score":1075,"play_id":"ce50b441-671b-4e4f-a1f0-5c5830720f1c","local_time":"20210117100159","is_ascension_mode":false,"campfire_choices":[{"data":"Dark Embrace","floor":6.0,"key":"SMITH"},{"data":"Evolve","floor":11.0,"key":"SMITH"},{"data":"Spot Weakness","floor":15.0,"key":"SMITH"},{"data":"Blade Dance","floor":24.0,"key":"SMITH"},{"data":"Grand Finale","floor":32.0,"key":"SMITH"},{"data":"REME_FearOfPain","floor":41,"key":"SMITH"},{"floor":44,"key":"RECALL"}],"circlet_count":0,"master_deck":["Strike_R","Defend_R","Bash","Dark Embrace+1","Evolve+1","Grand Finale+1","Blade Dance+1","Spot Weakness+1","REME_FearOfPain+1"],"relics":["Burning Blood","REME_ComplimentaryCards","NeowsBlessing","Pear","Sundial","aspiration:StickyExplosives_weak","Membership Card","REME_DuelDisc","Gremlin Horn","Ornamental Fan","Art of War","Toxic Egg 2","SacredBark","REME_HourglassOfDeath","Mercury Hourglass","InkBottle"],"acts_visited":["TheCity","TheBeyond"],"potions_floor_usage":[35,47,50,50],"damage_taken":[{"damage":0.0,"enemies":"2 Louse","floor":1.0,"turns":1.0},{"damage":0.0,"enemies":"Small Slimes","floor":3.0,"turns":1.0},{"damage":0.0,"enemies":"Jaw Worm","floor":7.0,"turns":1.0},{"damage":11.0,"enemies":"2 Fungi Beasts","floor":8.0,"turns":4.0},{"damage":17.0,"enemies":"3 Sentries","floor":10.0,"turns":8.0},{"damage":11.0,"enemies":"Exordium Wildlife","floor":14.0,"turns":4.0},{"damage":41.0,"enemies":"The Guardian","floor":16.0,"turns":6.0},{"damage":10.0,"enemies":"Shell Parasite","floor":18.0,"turns":2.0},{"damage":0.0,"enemies":"Slavers","floor":23.0,"turns":1.0},{"damage":6.0,"enemies":"Chosen","floor":25.0,"turns":2.0},{"damage":20.0,"enemies":"Snake Plant","floor":27.0,"turns":4.0},{"damage":0.0,"enemies":"3 Cultists","floor":30.0,"turns":1.0},{"damage":0.0,"enemies":"Champ","floor":33.0,"turns":1.0},{"damage":0,"enemies":"Orb Walker","floor":35,"turns":1},{"damage":0,"enemies":"3 Darklings","floor":38,"turns":1},{"damage":0,"enemies":"Writhing Mass","floor":39,"turns":1},{"damage":0,"enemies":"Giant Head","floor":40,"turns":1},{"damage":3,"enemies":"Sphere and 2 Shapes","floor":42,"turns":1},{"damage":0,"enemies":"Transient","floor":45,"turns":1},{"damage":0,"enemies":"Reptomancer","floor":46,"turns":1},{"damage":0,"enemies":"Spire Growth","floor":47,"turns":1},{"damage":0,"enemies":"Donu and Deca","floor":50,"turns":1}],"seed_played":"8579661855602441177","potions_obtained":[{"floor":3.0,"key":"FairyPotion"},{"floor":8.0,"key":"Swift Potion"},{"floor":14.0,"key":"GamblersBrew"},{"floor":25.0,"key":"BlessingOfTheForge"},{"floor":27.0,"key":"PowerPotion"},{"floor":30.0,"key":"AttackPotion"},{"floor":33.0,"key":"REME_GoldPotion"},{"floor":35,"key":"Strength Potion"},{"floor":40,"key":"SteroidPotion"},{"floor":47,"key":"Fruit Juice"}],"is_trial":false,"path_per_floor":["M","?","M","?","$","R","M","M","T","E","R","?","$","M","R","B",null,"M","?","T","$","?","E","R","M","T","M","?","$","M","?","R","B",null,"M","?","$","M","M","E","R","M","T","R","M","E","M","$","R","B",null],"character_chosen":"IRONCLAD","items_purchased":["Evolve","Membership Card","InkBottle"],"campfire_rested":0,"item_purchase_floors":[5,13,48],"current_hp_per_floor":[80,87,90,90,90,90,90,85,85,74,74,74,74,69,69,34,90,86,86,86,86,86,90,90,90,90,76,76,76,82,82,82,88,90,90,90,90,90,90,90,90,90,90,90,90,90,100,100,100,100],"gold":84,"neow_bonus":"THREE_ENEMY_KILL","is_daily":false,"chose_seed":false,"campfire_upgraded":6,"win_rate":0.0,"timestamp":1610848919,"path_taken":["M","?","M","?","$","R","M","M","T","E","R","?","?","M","R","BOSS","M","?","?","$","?","E","R","M","T","M","?","$","?","?","R","BOSS","M","?","$","M","M","E","R","M","T","R","M","E","M","$","R","BOSS"],"items_purchased_type":["Card","Relic","Relic"],"build_version":"2020-12-22","purchased_purges":4,"victory":true,"max_hp_per_floor":[80,90,90,90,90,90,90,90,90,90,90,90,90,90,90,90,90,90,90,90,90,90,90,90,90,90,90,90,90,90,90,90,90,90,90,90,90,90,90,90,90,90,90,90,90,90,100,100,100,100],"card_choices":[{"not_picked":["Clash","Sword Boomerang","True Grit"],"picked":"SKIP","floor":1.0},{"not_picked":["Armaments","Spot Weakness"],"picked":"Dark Embrace","floor":3.0},{"not_picked":["Cleave","Sever Soul","Thunderclap"],"picked":"SKIP","floor":7.0},{"not_picked":["Sword Boomerang","Blood for Blood","Armaments"],"picked":"SKIP","floor":8.0},{"not_picked":["True Grit","Pummel","Evolve"],"picked":"SKIP","floor":10.0},{"not_picked":["True Grit","Pummel","Evolve"],"picked":"SKIP","floor":10.0},{"not_picked":["Blood for Blood","Flame Barrier"],"picked":"Spot Weakness","floor":14.0},{"not_picked":["Heavy Blade","Havoc+1"],"picked":"REME_FearOfPain","floor":18.0},{"not_picked":["Sentinel","REME_Scribble+1","Battle Trance"],"picked":"SKIP","floor":23.0},{"not_picked":["Hemokinesis","True Grit+1","Wild Strike"],"picked":"SKIP","floor":25.0},{"not_picked":["Clothesline+1","Whirlwind","Warcry+1"],"picked":"SKIP","floor":27.0},{"not_picked":["Reckless Charge","Dropkick","Shrug It Off+1"],"picked":"SKIP","floor":30.0},{"not_picked":["Reckless Charge+1","True Grit+1","Warcry+1"],"picked":"SKIP","floor":35},{"not_picked":["Warcry+1","Anger+1","Body Slam"],"picked":"SKIP","floor":38},{"not_picked":["Dropkick","Hemokinesis+1","Body Slam+1"],"picked":"SKIP","floor":39},{"not_picked":["Dual Wield+1","Thunderclap","Warcry+1"],"picked":"SKIP","floor":40},{"not_picked":["Uppercut+1","Anger","Flex+1"],"picked":"SKIP","floor":42},{"not_picked":["Perfected Strike+1","Combust","Warcry+1"],"picked":"SKIP","floor":45},{"not_picked":["Warcry+1","Wild Strike+1","Anger+1"],"picked":"SKIP","floor":46},{"not_picked":["Corruption","Searing Blow+1","Anger"],"picked":"SKIP","floor":47}],"player_experience":271140,"relics_obtained":[{"floor":9.0,"key":"Sundial"},{"floor":10.0,"key":"aspiration:StickyExplosives_weak"},{"floor":20.0,"key":"Gremlin Horn"},{"floor":23.0,"key":"Art of War"},{"floor":26.0,"key":"Toxic Egg 2"},{"floor":40,"key":"REME_HourglassOfDeath"},{"floor":46,"key":"Mercury Hourglass"}],"event_choices":[{"damage_healed":0.0,"max_hp_gain":0.0,"max_hp_loss":0.0,"gold_gain":0.0,"event_name":"Scrap Ooze","player_choice":"Success","floor":2.0,"gold_loss":0.0,"damage_taken":3.0,"relics_obtained":["Pear"]},{"cards_removed":["Defend_R"],"damage_healed":0.0,"max_hp_gain":0.0,"max_hp_loss":0.0,"gold_gain":0.0,"event_name":"Living Wall","player_choice":"Forget","floor":4.0,"gold_loss":0.0,"damage_taken":0.0},{"cards_removed":["Strike_R"],"damage_healed":0.0,"max_hp_gain":0.0,"max_hp_loss":0.0,"gold_gain":0.0,"event_name":"Beggar","player_choice":"Gave Gold","floor":19.0,"gold_loss":75.0,"damage_taken":0.0},{"damage_healed":0.0,"max_hp_gain":0.0,"max_hp_loss":0.0,"gold_gain":0.0,"event_name":"Addict","player_choice":"Stole Relic","floor":22.0,"gold_loss":0.0,"damage_taken":0.0,"relics_obtained":["Ornamental Fan"],"cards_obtained":["Shame"]},{"cards_removed":["Shame"],"damage_healed":0.0,"max_hp_gain":0.0,"max_hp_loss":0.0,"gold_gain":0.0,"event_name":"Purifier","player_choice":"Purged","floor":28.0,"gold_loss":0.0,"damage_taken":0.0},{"damage_healed":0.0,"max_hp_gain":0.0,"max_hp_loss":0.0,"gold_gain":0.0,"event_name":"Ghosts","player_choice":"Ignored","floor":31.0,"gold_loss":0.0,"damage_taken":0.0},{"damage_healed":0,"gold_gain":0,"player_choice":"Memory 1","damage_taken":0,"max_hp_gain":0,"max_hp_loss":0,"event_name":"SensoryStone","floor":36,"gold_loss":0}],"is_beta":false,"boss_relics":[{"not_picked":["Coffee Dripper","Pandora\u0027s Box"],"picked":"REME_DuelDisc"},{"not_picked":["Astrolabe","aspiration:RitualDagger"],"picked":"SacredBark"}],"items_purged_floors":[13,21,29,37],"is_endless":false,"potions_floor_spawned":[3,8,14,25,27,30,33,35,40,47],"ascension_level":0}}