{"host":"4rvakrj1idbgia3f","time":1610882498,"event":{"mods":["BaseMod","Colored Map","Colored Powertips","DeckTracker","Highlight Path","Minty Spire (QoL Compilation)","Random Character Button","StSLib"],"gold_per_floor":[119,119,200,200,213,246,262,262,286,286,304,304,38,50,50,126,126,138,138,138,63,74,74,74,74],"floor_reached":24,"language":"JPN","playtime":1028,"items_purged":["Defend_G"],"score":438,"play_id":"cf9df0ff-e268-4769-9bed-1f26de2d13d1","local_time":"20210117202138","is_ascension_mode":true,"campfire_choices":[{"data":"Dagger Throw","floor":8,"key":"SMITH"},{"data":"Malaise","floor":10,"key":"SMITH"},{"data":"Neutralize","floor":12,"key":"SMITH"},{"data":"Crippling Poison","floor":15,"key":"SMITH"},{"data":"Adrenaline","floor":23,"key":"SMITH"}],"circlet_count":0,"master_deck":["AscendersBane","Strike_G","Strike_G","Strike_G","Strike_G","Defend_G","Defend_G","Defend_G","Defend_G","Survivor","Neutralize+1","Dagger Throw+1","Malaise+1","Burst","Terror","Crippling Poison+1","Caltrops","Adrenaline+1","PiercingWail","Ghostly","Ghostly","Ghostly"],"relics":["Ring of the Snake","NeowsBlessing","Mercury Hourglass","Boot","StoneCalendar","Bag of Marbles","Membership Card","Sozu"],"acts_visited":["Exordium","TheCity"],"potions_floor_usage":[],"damage_taken":[{"damage":0,"enemies":"Jaw Worm","floor":1,"turns":1},{"damage":0,"enemies":"Small Slimes","floor":5,"turns":1},{"damage":0,"enemies":"3 Sentries","floor":6,"turns":1},{"damage":4,"enemies":"2 Louse","floor":7,"turns":2},{"damage":1,"enemies":"Looter","floor":11,"turns":3},{"damage":10,"enemies":"Red Slaver","floor":14,"turns":2},{"damage":21,"enemies":"The Guardian","floor":16,"turns":10},{"damage":19,"enemies":"3 Byrds","floor":18,"turns":4},{"damage":5,"enemies":"Shell Parasite","floor":22,"turns":7},{"damage":9,"enemies":"Slavers","floor":24,"turns":6}],"seed_played":"8590287615947622943","potions_obtained":[{"floor":1,"key":"GhostInAJar"},{"floor":6,"key":"SteroidPotion"}],"is_trial":false,"path_per_floor":["M","?","T","?","M","E","M","R","T","R","M","R","$","M","R","B",null,"M","?","?","?","M","R","E"],"character_chosen":"THE_SILENT","items_purchased":["Membership Card","Crippling Poison","Caltrops"],"campfire_rested":0,"item_purchase_floors":[13,13,13],"current_hp_per_floor":[59,59,59,41,41,41,37,37,37,37,36,36,36,26,26,5,51,32,32,32,32,27,27,18,18],"gold":74,"neow_bonus":"THREE_ENEMY_KILL","is_daily":false,"chose_seed":false,"campfire_upgraded":5,"win_rate":0.0,"timestamp":1610882498,"path_taken":["M","?","?","?","M","E","M","R","T","R","M","R","$","M","R","BOSS","M","?","?","?","M","R","E"],"items_purchased_type":["Relic","Card","Card"],"build_version":"2020-12-22","purchased_purges":1,"victory":false,"max_hp_per_floor":[66,66,66,66,66,66,66,66,66,66,66,66,66,66,66,66,66,66,66,33,33,33,33,33,33],"card_choices":[{"not_picked":["Leg Sweep","Reflex"],"picked":"Dagger Throw","floor":1},{"not_picked":["Dagger Throw","Outmaneuver","Slice"],"picked":"SKIP","floor":5},{"not_picked":["Tools of the Trade","Poisoned Stab"],"picked":"Malaise","floor":6},{"not_picked":["Bane","Sucker Punch"],"picked":"Burst","floor":7},{"not_picked":["Bane","Deflect"],"picked":"Terror","floor":11},{"not_picked":["Dagger Throw","Tactician","Choke"],"picked":"SKIP","floor":14},{"not_picked":["A Thousand Cuts","Malaise"],"picked":"Adrenaline","floor":16},{"not_picked":["Outmaneuver","Concentrate"],"picked":"PiercingWail","floor":18},{"not_picked":["Dagger Throw","Deflect","Bane"],"picked":"SKIP","floor":22}],"player_experience":2049238,"relics_obtained":[{"floor":3,"key":"Mercury Hourglass"},{"floor":6,"key":"StoneCalendar"},{"floor":9,"key":"Bag of Marbles"}],"event_choices":[{"damage_healed":0,"gold_gain":0,"player_choice":"Ignored","damage_taken":0,"max_hp_gain":0,"max_hp_loss":0,"event_name":"Shining Light","floor":2,"gold_loss":0},{"damage_healed":0,"gold_gain":0,"player_choice":"Success","damage_taken":18,"relics_obtained":["Boot"],"max_hp_gain":0,"max_hp_loss":0,"event_name":"Scrap Ooze","floor":4,"gold_loss":0},{"damage_healed":0,"gold_gain":0,"player_choice":"Ignored","damage_taken":0,"max_hp_gain":0,"max_hp_loss":0,"event_name":"The Mausoleum","floor":19,"gold_loss":0},{"damage_healed":0,"gold_gain":0,"player_choice":"Became a Ghost","damage_taken":0,"max_hp_gain":0,"max_hp_loss":33,"event_name":"Ghosts","floor":20,"gold_loss":0,"cards_obtained":["Ghostly","Ghostly","Ghostly"]},{"cards_removed":["Strike_G"],"damage_healed":0,"gold_gain":0,"player_choice":"Gave Gold","damage_taken":0,"max_hp_gain":0,"max_hp_loss":0,"event_name":"Beggar","floor":21,"gold_loss":75}],"is_beta":false,"boss_relics":[{"not_picked":["SacredBark","Pandora\u0027s Box"],"picked":"Sozu"}],"items_purged_floors":[13],"is_endless":false,"potions_floor_spawned":[1,6,7,18],"killed_by":"Slavers","ascension_level":20}}