{"host":"axuns55dzq466eei","time":1610895097,"event":{"mods":["BaseMod","Colored Map","Keyboard Shortcuts","Minty Spire (QoL Compilation)","StSLib","SuperFastMode"],"gold_per_floor":[109,34,47,67,67,94,94,144,144,144,44,61,61,75,75,153,203,216,167,167,42,42,42],"floor_reached":22,"language":"KOR","playtime":338,"items_purged":["Strike_B","Strike_B","Strike_B"],"score":368,"play_id":"e452da0d-b477-4754-9856-01593fefc21d","local_time":"20210117235137","is_ascension_mode":true,"campfire_choices":[{"data":"Defragment","floor":7.0,"key":"SMITH"},{"data":"Zap","floor":10.0,"key":"SMITH"},{"data":"Ball Lightning","floor":15.0,"key":"SMITH"}],"circlet_count":0,"master_deck":["AscendersBane","Defend_B","Defend_B","Defend_B","Defend_B","Zap+1","Dualcast","Ball Lightning+1","Streamline+1","Defragment+1","BootSequence","Recycle","Capacitor","Amplify","Conserve Battery","Glacier","Cold Snap"],"relics":["Cracked Core","StoneCalendar","White Beast Statue","Blue Candle","Tiny House"],"acts_visited":["Exordium","TheCity"],"potions_floor_usage":[],"damage_taken":[{"damage":5.0,"enemies":"2 Louse","floor":1.0,"turns":3.0},{"damage":0.0,"enemies":"Cultist","floor":3.0,"turns":2.0},{"damage":12.0,"enemies":"Small Slimes","floor":4.0,"turns":2.0},{"damage":20.0,"enemies":"Lagavulin","floor":6.0,"turns":7.0},{"damage":0.0,"enemies":"Red Slaver","floor":12.0,"turns":3.0},{"damage":3.0,"enemies":"Blue Slaver","floor":14.0,"turns":3.0},{"damage":25.0,"enemies":"Slime Boss","floor":16.0,"turns":7.0},{"damage":34.0,"enemies":"3 Byrds","floor":18.0,"turns":4.0},{"damage":16.0,"enemies":"2 Thieves","floor":19.0,"turns":5.0},{"damage":19,"enemies":"Cultist and Chosen","floor":22,"turns":3}],"seed_played":"-3404864847667586998","potions_obtained":[{"floor":12.0,"key":"SkillPotion"},{"floor":14.0,"key":"BlessingOfTheForge"},{"floor":16.0,"key":"Dexterity Potion"},{"floor":17.0,"key":"Strength Potion"}],"is_trial":false,"path_per_floor":["M","$","M","M","?","E","R","?","T","R","$","M","?","M","R","B",null,"M","M","?","$","M"],"character_chosen":"DEFECT","items_purchased":[],"campfire_rested":0,"item_purchase_floors":[],"current_hp_per_floor":[59,59,59,47,40,20,20,14,14,14,14,14,64,61,61,36,62,28,12,12,12,0,0],"gold":42,"neow_bonus":"ONE_RARE_RELIC","is_daily":false,"chose_seed":false,"campfire_upgraded":3,"win_rate":0.0,"timestamp":1610895097,"path_taken":["M","$","M","M","?","E","R","?","T","R","$","?","?","M","R","BOSS","M","M","?","$","M"],"items_purchased_type":[],"build_version":"2020-12-22","purchased_purges":3,"victory":false,"max_hp_per_floor":[64,64,64,64,64,64,64,64,64,64,64,64,64,64,64,64,69,69,69,69,69,69,69],"card_choices":[{"not_picked":["Hologram","Beam Cell"],"picked":"Ball Lightning","floor":1.0},{"not_picked":["Conserve Battery","Redo"],"picked":"Streamline","floor":3.0},{"not_picked":["Steam","Hologram"],"picked":"Defragment","floor":4.0},{"not_picked":["Double Energy","Go for the Eyes"],"picked":"BootSequence","floor":6.0},{"not_picked":["Stack","Reboot"],"picked":"Recycle","floor":12.0},{"not_picked":["Turbo","FTL"],"picked":"Capacitor","floor":14.0},{"not_picked":["Meteor Strike","Machine Learning"],"picked":"Amplify","floor":16.0},{"not_picked":["Blizzard","Rebound"],"picked":"Conserve Battery","floor":17.0},{"not_picked":["Chaos","Loop+1"],"picked":"Glacier","floor":18.0},{"not_picked":["Conserve Battery","Steam"],"picked":"Cold Snap","floor":19}],"player_experience":1081815,"relics_obtained":[{"floor":6.0,"key":"White Beast Statue"},{"floor":9.0,"key":"Blue Candle"}],"event_choices":[{"cards_removed":["Strike_B"],"damage_healed":0.0,"max_hp_gain":0.0,"max_hp_loss":0.0,"gold_gain":0.0,"event_name":"Golden Wing","player_choice":"Card Removal","floor":5.0,"gold_loss":0.0,"damage_taken":7.0},{"damage_healed":0.0,"max_hp_gain":0.0,"max_hp_loss":0.0,"gold_gain":50.0,"event_name":"FaceTrader","player_choice":"Touch","floor":8.0,"gold_loss":0.0,"damage_taken":6.0},{"damage_healed":50.0,"max_hp_gain":0.0,"max_hp_loss":0.0,"gold_gain":0.0,"event_name":"Wheel of Change","player_choice":"Full Heal","floor":13.0,"gold_loss":0.0,"damage_taken":0.0},{"damage_healed":0,"gold_gain":0,"player_choice":"Got Potions","damage_taken":0,"max_hp_gain":0,"max_hp_loss":0,"event_name":"Lab","floor":20,"gold_loss":0}],"is_beta":false,"boss_relics":[{"not_picked":["Snecko Eye","Ectoplasm"],"picked":"Tiny House"}],"items_purged_floors":[2,11,21],"is_endless":false,"potions_floor_spawned":[12,14,16,18,19],"killed_by":"Cultist and Chosen","ascension_level":20}}