{"host":"h23hlq20ir8sps7h","time":1610877899,"event":{"mods":["Act Like it!","Aspiration","BaseMod","BetterRewards","Colored Map","Conspire","Energized Spire","Friendly Minions","GifTheSpireLib","Halation","Hubris","Ironclad Rager","Minty Spire (QoL Compilation)","Permanent Neow","Prisma Mod","Quarter Circle Forward PUNCH!","Quick Restart","Railgun Mod","Remilia??????","Replay The Spire","SCP261 Mod","Shop Mod","Spikes Relics","StSLib","Stuff the Spire","The Animator","The Hierophant","The Problem Sleuth","The Runesmith","The Sage","Trackpad","Wandering Minibosses","vexMod"],"gold_per_floor":[116,116,57,67,78,78,108,39,62,53,53,66,72,72,72,170,170,190,190,136,136,56,77,77,83,109,109,109,109,114,114],"floor_reached":30,"language":"ENG","playtime":1677,"items_purged":[],"score":248,"play_id":"d1c305da-5246-4d62-adb6-7cfde797a63c","local_time":"20210117020459","is_ascension_mode":false,"campfire_choices":[{"floor":6,"key":"RECALL"},{"data":"Runesmith:Grindstone","floor":11,"key":"SMITH"},{"data":"Runesmith:DoubleUp","floor":15,"key":"SMITH"},{"data":"Runesmith:MetallurgicalResearch","floor":24,"key":"SMITH"},{"data":"Runesmith:PoweredAnvil","floor":28,"key":"SMITH"}],"circlet_count":0,"master_deck":["Runesmith:Strike_RS","Runesmith:Strike_RS","Runesmith:Strike_RS","Runesmith:Strike_RS","Runesmith:Defend_RS","Runesmith:Defend_RS","Runesmith:Defend_RS","Runesmith:Defend_RS","Runesmith:CraftFirestone","Runesmith:Fortify","Runesmith:Grindstone+1","Runesmith:FrozenChisel","Runesmith:ArcReactor","Runesmith:EnergizedChisel","Runesmith:PoweredAnvil+1","Runesmith:HeatedChisel","Runesmith:DoubleUp+1","Runesmith:HammerThrow","Runesmith:MetallurgicalResearch+1","Runesmith:ChiselStab+1","Voices","Runesmith:PerfectChisel","Runesmith:FrozenChisel","Runesmith:FieryHammer","Runesmith:HammerTime","Runesmith:CraftVitae","hubris:Disease"],"relics":["Runesmith:BrokenRuby","aspiration:Nostalgia","animator:PurgingStone","hubris:Icosahedron","Dream Catcher","Mercury Hourglass","energizedSpire:DeadBattery","MutagenicStrength","Mirror","trackpad:WritersBlock","hubris:BottledRain","halation:IllGainedPizza"],"acts_visited":["Exordium","TheCity"],"potions_floor_usage":[],"damage_taken":[{"damage":0,"enemies":"Small Slimes","floor":1,"turns":4},{"damage":0,"enemies":"Jaw Worm","floor":4,"turns":4},{"damage":0,"enemies":"Cultist","floor":5,"turns":4},{"damage":14,"enemies":"Lagavulin","floor":7,"turns":8},{"damage":2,"enemies":"Red Slaver","floor":10,"turns":5},{"damage":7,"enemies":"3 Louse","floor":12,"turns":2},{"damage":9,"enemies":"Gremlin Gang","floor":13,"turns":5},{"damage":6,"enemies":"Hexaghost","floor":16,"turns":10},{"damage":6,"enemies":"Shell Parasite","floor":18,"turns":6},{"damage":15,"enemies":"2 Thieves","floor":20,"turns":6},{"damage":45,"enemies":"Slavers","floor":23,"turns":5},{"damage":2,"enemies":"Snake Plant","floor":25,"turns":5},{"damage":3,"enemies":"Shelled Parasite and Fungi","floor":30,"turns":2}],"seed_played":"-5705335833797373822","potions_obtained":[{"floor":5,"key":"Dexterity Potion"},{"floor":12,"key":"SkillPotion"},{"floor":16,"key":"DistilledChaos"}],"is_trial":false,"path_per_floor":["M","?","?","M","M","R","E","$","T","M","R","M","M","$","R","B",null,"M","?","M","?","$","E","R","M","T","T","R","?","M"],"character_chosen":"RUNESMITH_CLASS","items_purchased":["Runesmith:PoweredAnvil","Runesmith:FieryHammer"],"campfire_rested":0,"item_purchase_floors":[8,22],"current_hp_per_floor":[70,70,70,70,70,70,56,56,56,54,54,47,38,38,38,32,70,64,64,49,49,49,4,4,2,2,2,2,2,0,0],"gold":114,"neow_bonus":"NOSTALGIA","is_daily":false,"chose_seed":false,"campfire_upgraded":4,"win_rate":0.0,"timestamp":1610877899,"path_taken":["M","?","?","M","M","R","E","$","T","?","R","M","M","?","R","BOSS","M","?","?","?","$","E","R","M","T","?","R","?","M"],"items_purchased_type":["Card","Card"],"build_version":"2020-12-22","purchased_purges":0,"victory":false,"max_hp_per_floor":[70,70,70,70,70,70,70,70,70,70,70,70,70,70,70,70,70,70,70,70,70,70,70,70,70,70,70,70,70,70,70],"card_choices":[{"not_picked":["Runesmith:Overpower","Runesmith:Firewall"],"picked":"Runesmith:Grindstone","floor":1},{"not_picked":["Runesmith:Grindstone","Runesmith:EnergizedChisel"],"picked":"Runesmith:FrozenChisel","floor":4},{"not_picked":["Runesmith:CraftMagma","Runesmith:Overpower"],"picked":"Runesmith:ArcReactor","floor":5},{"not_picked":["Runesmith:RuneHurl","Runesmith:CraftMagma"],"picked":"Runesmith:EnergizedChisel","floor":7},{"not_picked":["Runesmith:ChaoticBlast","Runesmith:CraftIncendium"],"picked":"Runesmith:HeatedChisel","floor":10},{"not_picked":["Runesmith:ArcReactor","Runesmith:PerfectChisel"],"picked":"Runesmith:DoubleUp","floor":12},{"not_picked":["Runesmith:Repurpose","Runesmith:Overpower"],"picked":"Runesmith:HammerThrow","floor":13},{"not_picked":["Runesmith:DuctTape","Runesmith:LastStand"],"picked":"Runesmith:MetallurgicalResearch","floor":16},{"not_picked":["Runesmith:CraftMagma","Runesmith:HeatedChisel"],"picked":"Runesmith:ChiselStab+1","floor":18},{"not_picked":["Runesmith:CraftReservo","Runesmith:UnstableHammer"],"picked":"Runesmith:FrozenChisel","floor":20},{"not_picked":["Runesmith:UnlimitedPower","Runesmith:CraftIndustria"],"picked":"Runesmith:HammerTime","floor":23},{"not_picked":["Runesmith:BackupBattery","Runesmith:Refine"],"picked":"Runesmith:CraftVitae","floor":25}],"player_experience":303569,"relics_obtained":[{"floor":7,"key":"Mercury Hourglass"},{"floor":23,"key":"Mirror"},{"floor":26,"key":"trackpad:WritersBlock"},{"floor":27,"key":"hubris:BottledRain"}],"event_choices":[{"damage_healed":0,"gold_gain":0,"player_choice":"Paid Gold","damage_taken":0,"relics_obtained":["Dream Catcher"],"max_hp_gain":0,"max_hp_loss":0,"event_name":"WeMeetAgain","floor":3,"gold_loss":59},{"damage_healed":0,"gold_gain":0,"player_choice":"2 cards matched","damage_taken":0,"max_hp_gain":0,"max_hp_loss":0,"event_name":"Match and Keep!","floor":19,"gold_loss":0,"cards_obtained":["Voices","Runesmith:PerfectChisel"]},{"damage_healed":0,"gold_gain":0,"player_choice":"Inject Mutagens","damage_taken":0,"relics_obtained":["MutagenicStrength"],"max_hp_gain":0,"max_hp_loss":0,"event_name":"Drug Dealer","floor":21,"gold_loss":0}],"is_beta":false,"boss_relics":[{"not_picked":["Abe\u0027s Treasure","Replay:Ancient Bell"],"picked":"energizedSpire:DeadBattery"}],"items_purged_floors":[],"is_endless":false,"potions_floor_spawned":[5,12,16,23],"killed_by":"Shelled Parasite and Fungi","ascension_level":0}}