{"host":"x6165drukuu8ns9f","time":1610924490,"event":{"mods":["2.2 Compatiblity","Act Like it!","Arknights The Spire","Aspiration","BaseMod","CapriCore","Colored Map","Colored Powertips","Conspire","Ekko","Elementarium","GifTheSpireLib","Hallownest","Hubris","Luminous","Minty Spire (QoL Compilation)","Pale of the Ancients","Spicy Shops","Spire Birthday Party","StSLib","SuperFastMode","The Blue Laboratory","The Marked","The Runesmith","vexMod","??????REMEMod"],"gold_per_floor":[153,198,255,30,81,81,159,234,312,312,354,354,429,483,483,483,483],"floor_reached":16,"language":"ENG","playtime":502,"items_purged":[],"score":122,"play_id":"43259027-7ddf-4052-86a1-112e801345d2","local_time":"20210118000130","daily_mods":["Vintage","Flight","DeadlyEvents","Midas"],"is_ascension_mode":false,"campfire_choices":[{"floor":6,"key":"REST"},{"floor":10,"key":"REST"},{"floor":15,"key":"REST"}],"circlet_count":0,"master_deck":["theMarked:Strike","theMarked:Strike","theMarked:Strike","theMarked:Strike","theMarked:Strike","theMarked:Defend","theMarked:Defend","theMarked:Defend","theMarked:Defend","theMarked:SoldierOfQuellstein","Combust","theMarked:GodGivenPower","theMarked:HeritageOfTheMarked","theMarked:ElementalBlade","theMarked:EternalStudent"],"relics":["theMarked:ArtifactOfAir","REME_ComplimentaryCards","Smiling Mask","Toy Ornithopter","Tiny Chest","REME_PuzzleBoxRelic","Potion Belt","REME_HandOfSuture","hubris:TenFootPole","hubris:MysteriousPyramids","vexMod:FocusSash","Hallownest:DreamNailRelic","Mercury Hourglass","vexMod:CardConverter"],"acts_visited":["Hallownest:Greenpath"],"potions_floor_usage":[7,13,14],"damage_taken":[{"damage":2,"enemies":"Hallownest:2_Baldur","floor":1,"turns":3},{"damage":7,"enemies":"Hallownest:monsterHuskGuard","floor":2,"turns":3},{"damage":5,"enemies":"Hallownest:2_MossCreeps","floor":3,"turns":5},{"damage":14,"enemies":"Hallownest:MossCreep_and_Mosskin","floor":5,"turns":3},{"damage":23,"enemies":"Hallownest:eliteCrystalGuardian","floor":7,"turns":4},{"damage":25,"enemies":"Hallownest:eliteMossKnight","floor":8,"turns":5},{"damage":2,"enemies":"Hallownest:monsterMossCharger","floor":11,"turns":3},{"damage":10,"enemies":"Hallownest:eliteVengeflyKing","floor":13,"turns":4},{"damage":11,"enemies":"Hallownest:monsterFoolEater","floor":14,"turns":2},{"damage":63,"enemies":"Hallownest:BossFalseKnight","floor":16,"turns":7}],"seed_played":"9149774145980580529","potions_obtained":[{"floor":3,"key":"Regen Potion"},{"floor":7,"key":"blueLaboratory:FruitPunch"},{"floor":11,"key":"SmokeBomb"},{"floor":13,"key":"Fruit Juice"}],"is_trial":true,"path_per_floor":["M","M","M","$","M","R","E","E","T","R","M","?","E","M","R","B"],"character_chosen":"THE_DEFAULT","items_purchased":["theMarked:GodGivenPower","REME_PuzzleBoxRelic"],"campfire_rested":3,"item_purchase_floors":[4,4],"current_hp_per_floor":[68,61,56,56,42,63,50,25,25,46,44,44,41,40,63,0,0],"gold":483,"neow_bonus":"","is_daily":false,"chose_seed":false,"campfire_upgraded":0,"win_rate":0.0,"timestamp":1610924490,"path_taken":["M","M","M","$","M","R","E","E","T","R","?","?","?","M","R","BOSS"],"items_purchased_type":["Card","Relic"],"build_version":"2020-12-22","purchased_purges":0,"victory":false,"max_hp_per_floor":[70,70,70,70,70,70,70,70,70,70,70,70,72,77,77,77,77],"card_choices":[{"not_picked":["theMarked:ResourceFulStrike","theMarked:StartUp"],"picked":"theMarked:HeritageOfTheMarked","floor":7},{"not_picked":["theMarked:SwordAndMagic","theMarked:ResourceFulStrike"],"picked":"theMarked:ElementalBlade","floor":8},{"not_picked":["theMarked:Electrify","theMarked:ParalyzingBlade"],"picked":"theMarked:EternalStudent","floor":13}],"player_experience":101015,"relics_obtained":[{"floor":1,"key":"Smiling Mask"},{"floor":2,"key":"Toy Ornithopter"},{"floor":3,"key":"Tiny Chest"},{"floor":5,"key":"Potion Belt"},{"floor":7,"key":"REME_HandOfSuture"},{"floor":8,"key":"hubris:TenFootPole"},{"floor":9,"key":"hubris:MysteriousPyramids"},{"floor":11,"key":"vexMod:FocusSash"},{"floor":13,"key":"Mercury Hourglass"},{"floor":14,"key":"vexMod:CardConverter"}],"event_choices":[],"is_beta":false,"boss_relics":[],"items_purged_floors":[],"is_endless":false,"potions_floor_spawned":[3,7,11,13],"killed_by":"Hallownest:BossFalseKnight","ascension_level":0}}