{"host":"u9h06qdlnp3wgzsw","time":1610920648,"event":{"mods":["BaseMod","Downfall","Hermit","Minty Spire (QoL Compilation)","Rare Cards Sparkle","Shop Mod","StSLib","The Hierophant"],"gold_per_floor":[117,36,47,64,76,76,76,137,209,209,209,209,223,244,244,336,336,288,67,32,31,52,27,33,33,33,33,113,113,117,175,175,207,207,287,257,385,405,168,168,316,490,560,560,600,600,813,986,986,940,940,940,36,181,79],"floor_reached":56,"language":"ENG","playtime":3999,"items_purged":["hierophant:PassingBell"],"score":1933,"play_id":"13bb533b-1a7c-4106-a743-5628a0275075","local_time":"20210117165728","is_ascension_mode":false,"campfire_choices":[{"data":"hierophant:ChurchCoffers","floor":6,"key":"SMITH"},{"data":"hierophant:Punish","floor":10,"key":"SMITH"},{"data":"hierophant:Defend_Hierophant","floor":12,"key":"SMITH"},{"data":"Finesse","floor":15,"key":"SMITH"},{"floor":25,"key":"REST"},{"data":"hierophant:RecallFunds","floor":27,"key":"SMITH"},{"data":"hierophant:CursedGold","floor":32,"key":"SMITH"},{"floor":40,"key":"REST"},{"floor":44,"key":"RECALL"},{"floor":46,"key":"REST"},{"floor":49,"key":"REST"},{"floor":52,"key":"REST"}],"circlet_count":0,"master_deck":["hierophant:Punish+1","hierophant:ChurchCoffers+1","Finesse+1","hierophant:Doubloon+1","hierophant:Charity","hierophant:Doubloon+1","hierophant:ConvertCurrency","hierophant:Invocation","hierophant:Determination","hierophant:Repentance","hierophant:Purify","hierophant:EyeForCoin","hierophant:RecallFunds+1","hierophant:Doubloon","hierophant:Doubloon","hierophant:RustyCrate+1","hierophant:Doubloon+1","hierophant:Doubloon+1","hierophant:Charity","hierophant:Doubloon+1","hierophant:CoinFling","hierophant:Doubloon","hierophant:Doubloon+1","hierophant:Doubloon+1","hierophant:Doubloon","hierophant:Doubloon","hierophant:CoinFling+1","hierophant:Doubloon+1","hierophant:Doubloon+1","hierophant:Doubloon+1","hierophant:Doubloon+1","hierophant:CursedGold+1","hierophant:Doubloon+1","hierophant:Doubloon","hierophant:SecretStash+1","hierophant:Doubloon+1","hierophant:MintersHammer","hierophant:Doubloon","hierophant:Doubloon","hierophant:Remorse+1","hierophant:Doubloon","hierophant:Charity","hierophant:Doubloon+1","hierophant:Purify","hierophant:MirrorShield","hierophant:Repentance","hierophant:Doubloon","hierophant:Doubloon","hierophant:Charity+1","hierophant:Doubloon","hierophant:RecallFunds+1","hierophant:Doubloon","hierophant:Doubloon","hierophant:Remorse+1","hierophant:Doubloon","hierophant:Doubloon","hierophant:Charity+1","hierophant:CursedGold","hierophant:Doubloon","hierophant:Doubloon+1"],"relics":["hierophant:PropheticMaskRelic","Happy Flower","Pantograph","The Courier","Bag of Marbles","hexamod:CandleOfCauterizing","Meat on the Bone","Ginger","Calipers","MerchantsRug","Nunchaku","Letter Opener","Sling","Vajra","Pear","Art of War"],"acts_visited":["Exordium","TheCity","TheBeyond","TheEnding"],"potions_floor_usage":[7,8,16,20,23,23,23,23,33,33,37,37,38,42,42,50],"damage_taken":[{"damage":0,"enemies":"Small Slimes","floor":1,"turns":3},{"damage":4,"enemies":"Cultist","floor":3,"turns":3},{"damage":0,"enemies":"Jaw Worm","floor":4,"turns":3},{"damage":3,"enemies":"3 Louse","floor":5,"turns":2},{"damage":0,"enemies":"Lagavulin","floor":7,"turns":1},{"damage":13,"enemies":"3 Sentries","floor":8,"turns":6},{"damage":3,"enemies":"Gremlin Gang","floor":13,"turns":3},{"damage":16,"enemies":"Gremlin Nob","floor":14,"turns":4},{"damage":26,"enemies":"Hexaghost","floor":16,"turns":9},{"damage":0,"enemies":"Shell Parasite","floor":18,"turns":1},{"damage":20,"enemies":"2 Thieves","floor":20,"turns":2},{"damage":59,"enemies":"Snake Plant","floor":21,"turns":5},{"damage":12,"enemies":"Centurion and Healer","floor":22,"turns":2},{"damage":11,"enemies":"Gremlin Leader","floor":23,"turns":7},{"damage":40,"enemies":"Shelled Parasite and Fungi","floor":24,"turns":5},{"damage":0,"enemies":"3 Cultists","floor":28,"turns":2},{"damage":36,"enemies":"Cultist and Chosen","floor":30,"turns":6},{"damage":29,"enemies":"Slavers","floor":31,"turns":3},{"damage":94,"enemies":"Collector","floor":33,"turns":9},{"damage":0,"enemies":"3 Shapes","floor":35,"turns":2},{"damage":0,"enemies":"3 Darklings","floor":37,"turns":1},{"damage":29,"enemies":"Transient","floor":38,"turns":5},{"damage":10,"enemies":"Jaw Worm Horde","floor":41,"turns":2},{"damage":18,"enemies":"Nemesis","floor":42,"turns":3},{"damage":64,"enemies":"Spire Growth","floor":45,"turns":4},{"damage":0,"enemies":"3 Darklings","floor":47,"turns":1},{"damage":32,"enemies":"Writhing Mass","floor":48,"turns":2},{"damage":46,"enemies":"Donu and Deca","floor":50,"turns":3},{"damage":10,"enemies":"Shield and Spear","floor":54,"turns":2},{"damage":147,"enemies":"The Heart","floor":55,"turns":5}],"seed_played":"8266178880966106161","potions_obtained":[{"floor":4,"key":"Explosive Potion"},{"floor":5,"key":"SmokeBomb"},{"floor":14,"key":"Swift Potion"},{"floor":18,"key":"LiquidMemories"},{"floor":22,"key":"EntropicBrew"},{"floor":28,"key":"Strength Potion"},{"floor":31,"key":"SteroidPotion"},{"floor":36,"key":"SkillPotion"},{"floor":36,"key":"Explosive Potion"},{"floor":37,"key":"Block Potion"},{"floor":38,"key":"SteroidPotion"},{"floor":42,"key":"FairyPotion"},{"floor":45,"key":"FearPotion"}],"is_trial":false,"path_per_floor":["M","$","M","M","M","R","E","?","T","R","?","R","M","E","R","B",null,"M","$","M","M","M","E","M","R","T","R","M","?","M","E","R","B",null,"M","?","M","M","$","R","M","E","T","R","M","R","M","M","R","B",null,"R","$","E","B",null],"character_chosen":"HIEROPHANT","items_purchased":["Finesse","hierophant:Charity","hierophant:CoinFling","Dexterity Potion","hierophant:Charity","hierophant:Purify","hierophant:MirrorShield","hierophant:Repentance","DuplicationPotion","hierophant:CursedGold","Calipers","MerchantsRug","Nunchaku","Letter Opener","Sling","Vajra","Pear"],"campfire_rested":5,"item_purchase_floors":[2,19,19,19,39,39,39,39,39,53,53,53,53,53,53,53,53],"current_hp_per_floor":[82,82,78,78,75,75,75,62,62,62,62,62,59,43,43,42,82,82,82,80,27,37,68,46,70,70,70,82,82,73,74,74,53,82,82,82,82,53,53,77,82,64,64,64,37,61,61,73,82,82,82,82,92,92,92],"gold":79,"neow_bonus":"TEN_PERCENT_HP_BONUS","is_daily":false,"chose_seed":false,"campfire_upgraded":6,"win_rate":0.0,"timestamp":1610920648,"path_taken":["M","$","M","M","M","R","E","?","T","R","?","R","M","E","R","BOSS","M","$","M","?","M","E","M","R","T","R","M","?","M","E","R","BOSS","M","?","M","M","$","R","M","E","T","R","?","R","?","M","R","BOSS","R","$","E","BOSS"],"items_purchased_type":["Card","Card","Card","Potion","Card","Card","Card","Card","Potion","Card","Relic","Relic","Relic","Relic","Relic","Relic","Relic"],"build_version":"2020-12-22","purchased_purges":1,"victory":true,"max_hp_per_floor":[82,82,82,82,82,82,82,82,82,82,82,82,82,82,82,82,82,82,82,82,82,82,82,82,82,82,82,82,82,82,82,82,82,82,82,82,82,82,82,82,82,82,82,82,82,82,82,82,82,82,82,82,92,92,92],"card_choices":[{"not_picked":["hierophant:AuricBeam","hierophant:Community","hierophant:RustyCrate"],"picked":"SKIP","floor":1},{"not_picked":["hierophant:Upheaval","hierophant:PassingBell","hierophant:Blessing"],"picked":"SKIP","floor":3},{"not_picked":["hierophant:Glossolalia","hierophant:SealAway","hierophant:TollTheBells"],"picked":"SKIP","floor":4},{"not_picked":["hierophant:Dazzle","hierophant:MorningPrayer","hierophant:OrnateBuckler"],"picked":"SKIP","floor":5},{"not_picked":["hierophant:Shelter","hierophant:Encroach"],"picked":"hierophant:Charity","floor":13},{"not_picked":["hierophant:Patience","hierophant:Zeal"],"picked":"hierophant:ConvertCurrency","floor":14},{"not_picked":["hierophant:BulkyChest","hierophant:LocustPlague"],"picked":"hierophant:Invocation","floor":16},{"not_picked":["hierophant:Encroach","hierophant:FlamingChariot"],"picked":"hierophant:RustyCrate+1","floor":18},{"not_picked":["hierophant:HammerAndAnvil","hierophant:DisplayOfPower+1","hierophant:Exaltation"],"picked":"SKIP","floor":20},{"not_picked":["hierophant:SealAway","hierophant:FlamingChariot","hierophant:Chorus"],"picked":"SKIP","floor":21},{"not_picked":["hierophant:SealAway","hierophant:WrathOfGod"],"picked":"hierophant:CoinFling+1","floor":22},{"not_picked":["hierophant:Encroach","hierophant:Community","hierophant:Blessing+1"],"picked":"SKIP","floor":23},{"not_picked":["hierophant:SecretStash+1","hierophant:PassingBell","hierophant:HammerAndAnvil"],"picked":"SKIP","floor":24},{"not_picked":["hierophant:Patience","hierophant:FlamingChariot+1"],"picked":"hierophant:CursedGold","floor":28},{"not_picked":["hierophant:FlamingChariot","hierophant:SealAway","hierophant:Batter"],"picked":"SKIP","floor":30},{"not_picked":["hierophant:Encroach+1","hierophant:FlamingChariot"],"picked":"hierophant:SecretStash+1","floor":31},{"not_picked":["hierophant:Determination","hierophant:Anathema"],"picked":"hierophant:MintersHammer","floor":33},{"not_picked":["hierophant:Mercenaries","hierophant:Encroach+1"],"picked":"hierophant:Remorse+1","floor":35},{"not_picked":["hierophant:SolarFlare+1","hierophant:Flagellation+1","hierophant:AuricForm"],"picked":"SKIP","floor":37},{"not_picked":["hierophant:Martyrdom+1","hierophant:Blessing","hierophant:Shelter+1"],"picked":"SKIP","floor":38},{"not_picked":["hierophant:ThreeLashes","hierophant:AuricBeam"],"picked":"hierophant:Charity+1","floor":41},{"not_picked":["hierophant:Zeal","hierophant:Determination"],"picked":"hierophant:RecallFunds+1","floor":42},{"not_picked":["hierophant:Endure+1","hierophant:SecretStash+1"],"picked":"hierophant:Remorse+1","floor":45},{"not_picked":["hierophant:RepressedViolence+1","hierophant:Purify","hierophant:OrnateJavelin"],"picked":"SKIP","floor":47},{"not_picked":["hierophant:HolyVerse+1","hierophant:AuricBeam+1"],"picked":"hierophant:Charity+1","floor":48},{"not_picked":["hierophant:Alms+1","hierophant:ThreeLashes+1"],"picked":"hierophant:Doubloon+1","floor":54}],"player_experience":798164,"relics_obtained":[{"floor":9,"key":"Pantograph"},{"floor":14,"key":"The Courier"},{"floor":23,"key":"Bag of Marbles"},{"floor":26,"key":"hexamod:CandleOfCauterizing"},{"floor":31,"key":"Meat on the Bone"},{"floor":42,"key":"Ginger"},{"floor":54,"key":"Art of War"}],"event_choices":[{"damage_healed":0,"gold_gain":0,"player_choice":"Searched \u00272\u0027 times","damage_taken":0,"relics_obtained":["Happy Flower"],"max_hp_gain":0,"max_hp_loss":0,"event_name":"Dead Adventurer","floor":8,"gold_loss":0},{"cards_removed":["hierophant:Strike_Hierophant"],"damage_healed":0,"gold_gain":0,"player_choice":"Offered Basic","damage_taken":0,"max_hp_gain":0,"max_hp_loss":0,"event_name":"Bonfire Elementals","floor":11,"gold_loss":0},{"cards_removed":["hierophant:Mercenaries"],"damage_healed":0,"gold_gain":0,"player_choice":"Elegance","damage_taken":0,"max_hp_gain":0,"max_hp_loss":0,"event_name":"Back to Basics","floor":29,"gold_loss":0},{"damage_healed":0,"gold_gain":0,"player_choice":"Bought 2 Potions","damage_taken":0,"max_hp_gain":0,"max_hp_loss":0,"event_name":"The Woman in Blue","floor":36,"gold_loss":0}],"is_beta":false,"boss_relics":[{"not_picked":["Busted Crown","Empty Cage"],"picked":"Pandora\u0027s Box"},{"not_picked":["Cursed Key","Runic Dome"],"picked":"Fusion Hammer"}],"items_purged_floors":[19],"is_endless":false,"potions_floor_spawned":[4,5,7,14,18,22,28,31,37,38,41,42,45],"ascension_level":0}}