{"host":"5yoj846f700ld8qy","time":1610918714,"event":{"mods":["AchievementEnabler","Aspiration","BaseMod","Better Altar","Better Match","Better Note","Better Sensory Stone","Better Skull","Better Third Choice","Colored Map","Colored Powertips","Minty Spire (QoL Compilation)","StSLib"],"gold_per_floor":[115,14,32,32,0,0,29,29,29,56,72,72,83,48,48,122,122,139,139,139,139,158,158,187,205,250,270,270,599,614,629,629,629,629],"floor_reached":33,"language":"ENG","playtime":1206,"items_purged":[],"score":663,"play_id":"8d79b65b-b784-41ff-bea3-9b1b334658f0","local_time":"20210117232514","is_ascension_mode":true,"campfire_choices":[{"data":"Enlightenment","floor":6,"key":"SMITH"},{"floor":8,"key":"REST"},{"data":"Pommel Strike","floor":15,"key":"SMITH"},{"data":"Infernal Blade","floor":23,"key":"SMITH"},{"floor":28,"key":"REST"},{"floor":32,"key":"REST"}],"circlet_count":0,"master_deck":["AscendersBane","Defend_R","Defend_R","Defend_R","Defend_R","Bash","Clothesline+1","Dramatic Entrance","Armaments+1","Enlightenment+1","Pommel Strike+1","Havoc+1","Dropkick","Bludgeon","Shrug It Off+1","Bite","Bite","Bite","Bite","Bite","Ghostly","Ghostly","Ghostly","Infernal Blade+1","Flex+1","Feel No Pain","Bloodletting"],"relics":["Black Star","Centennial Puzzle","Ginger","aspiration:FetidBarrel","Pantograph","Dead Branch","Runic Pyramid","MutagenicStrength","HornCleat","Turnip","Strawberry","Old Coin","Ornamental Fan"],"acts_visited":["Exordium","TheCity"],"potions_floor_usage":[13,24,27,31,33],"damage_taken":[{"damage":1,"enemies":"Cultist","floor":1,"turns":3},{"damage":1,"enemies":"2 Louse","floor":3,"turns":2},{"damage":26,"enemies":"Gremlin Nob","floor":7,"turns":5},{"damage":30,"enemies":"Lagavulin","floor":10,"turns":6},{"damage":0,"enemies":"Small Slimes","floor":11,"turns":1},{"damage":0,"enemies":"3 Louse","floor":13,"turns":2},{"damage":3,"enemies":"Slime Boss","floor":16,"turns":3},{"damage":0,"enemies":"Chosen","floor":18,"turns":2},{"damage":1,"enemies":"2 Thieves","floor":22,"turns":3},{"damage":12,"enemies":"Book of Stabbing","floor":24,"turns":5},{"damage":0,"enemies":"Snake Plant","floor":25,"turns":3},{"damage":28,"enemies":"Snecko","floor":27,"turns":7},{"damage":23,"enemies":"Slavers","floor":29,"turns":5},{"damage":0,"enemies":"Sentry and Sphere","floor":30,"turns":5},{"damage":1,"enemies":"Centurion and Healer","floor":31,"turns":4},{"damage":52,"enemies":"Champ","floor":33,"turns":7}],"seed_played":"-9156536103957145355","potions_obtained":[{"floor":1,"key":"Ancient Potion"},{"floor":10,"key":"Energy Potion"},{"floor":22,"key":"BlessingOfTheForge"},{"floor":29,"key":"Fire Potion"},{"floor":30,"key":"Energy Potion"}],"is_trial":false,"path_per_floor":["M","$","M","?","?","R","E","R","T","E","M","?","M","?","R","B",null,"M","?","?","?","M","R","E","M","T","M","R","E","M","M","R","B"],"character_chosen":"IRONCLAD","items_purchased":["Dramatic Entrance"],"campfire_rested":3,"item_purchase_floors":[2],"current_hp_per_floor":[67,67,66,66,72,72,46,70,70,40,40,16,16,36,36,58,75,75,56,28,28,27,27,19,25,32,12,22,9,14,17,27,0,0],"gold":629,"neow_bonus":"BOSS_RELIC","is_daily":false,"chose_seed":false,"campfire_upgraded":3,"win_rate":0.0,"timestamp":1610918714,"path_taken":["M","$","?","?","?","R","E","R","T","E","M","?","?","?","R","BOSS","M","?","?","?","M","R","E","M","T","M","R","E","M","M","R","BOSS"],"items_purchased_type":["Card"],"build_version":"2020-12-22","purchased_purges":0,"victory":false,"max_hp_per_floor":[75,75,75,75,81,81,81,81,81,81,81,81,81,81,81,81,81,81,56,28,28,28,28,28,28,35,35,35,35,35,35,35,35,35],"card_choices":[{"not_picked":["Sentinel","Anger"],"picked":"Clothesline","floor":1},{"not_picked":["Thunderclap","Havoc"],"picked":"Armaments","floor":3},{"not_picked":["Body Slam","Wild Strike"],"picked":"Pommel Strike","floor":7},{"not_picked":["Feel No Pain","Clothesline"],"picked":"Havoc","floor":10},{"not_picked":["Pommel Strike","Sword Boomerang","Wild Strike"],"picked":"SKIP","floor":11},{"not_picked":["Body Slam","Clash"],"picked":"Dropkick","floor":13},{"not_picked":["Feed","Brutality"],"picked":"Bludgeon","floor":16},{"not_picked":["Clash+1","Reckless Charge"],"picked":"Shrug It Off+1","floor":18},{"not_picked":["Sever Soul","Rampage"],"picked":"Infernal Blade","floor":22},{"not_picked":["Inflame+1","Berserk"],"picked":"Flex+1","floor":24},{"not_picked":["Rage","Clothesline+1","Sword Boomerang"],"picked":"SKIP","floor":25},{"not_picked":["Second Wind","Ghostly Armor","Burning Pact"],"picked":"SKIP","floor":27},{"not_picked":["Bloodletting","Anger"],"picked":"Feel No Pain","floor":29},{"not_picked":["Cleave+1","Flex","Armaments"],"picked":"SKIP","floor":30},{"not_picked":["Cleave","Shrug It Off"],"picked":"Bloodletting","floor":31}],"player_experience":405592,"relics_obtained":[{"floor":7,"key":"Centennial Puzzle"},{"floor":7,"key":"Ginger"},{"floor":9,"key":"aspiration:FetidBarrel"},{"floor":10,"key":"Pantograph"},{"floor":10,"key":"Dead Branch"},{"floor":24,"key":"HornCleat"},{"floor":24,"key":"Turnip"},{"floor":26,"key":"Strawberry"},{"floor":29,"key":"Old Coin"},{"floor":29,"key":"Ornamental Fan"}],"event_choices":[{"damage_healed":0,"gold_gain":0,"player_choice":"Grow","damage_taken":0,"max_hp_gain":0,"max_hp_loss":0,"event_name":"Living Wall","floor":4,"gold_loss":0,"cards_upgraded":["Armaments"]},{"damage_healed":0,"gold_gain":0,"player_choice":"RENOUNCE","damage_taken":32,"max_hp_gain":0,"max_hp_loss":0,"event_name":"betterThird:BetterSerpent","floor":5,"gold_loss":32,"cards_obtained":["Enlightenment"]},{"damage_healed":40,"gold_gain":0,"player_choice":"Upgrade","damage_taken":24,"max_hp_gain":0,"max_hp_loss":81,"event_name":"betterThird:BetterShining","floor":12,"gold_loss":0,"cards_upgraded":["Havoc","Clothesline"]},{"damage_healed":20,"gold_gain":0,"player_choice":"Healed","damage_taken":0,"max_hp_gain":0,"max_hp_loss":0,"event_name":"The Cleric","floor":14,"gold_loss":35},{"damage_healed":0,"gold_gain":0,"player_choice":"Became a vampire","damage_taken":0,"max_hp_gain":0,"max_hp_loss":25,"event_name":"Vampires","floor":19,"gold_loss":0,"cards_obtained":["Bite","Bite","Bite","Bite","Bite"]},{"damage_healed":0,"gold_gain":0,"player_choice":"Became a Ghost","damage_taken":0,"max_hp_gain":0,"max_hp_loss":28,"event_name":"Ghosts","floor":20,"gold_loss":0,"cards_obtained":["Ghostly","Ghostly","Ghostly"]},{"damage_healed":0,"gold_gain":0,"player_choice":"Inject Mutagens","damage_taken":0,"relics_obtained":["MutagenicStrength"],"max_hp_gain":0,"max_hp_loss":0,"event_name":"Drug Dealer","floor":21,"gold_loss":0}],"is_beta":false,"boss_relics":[{"not_picked":["Astrolabe","Calling Bell"],"picked":"Runic Pyramid"}],"items_purged_floors":[],"is_endless":false,"potions_floor_spawned":[1,10,22,29,30],"killed_by":"Champ","ascension_level":17}}