{"host":"2se5dq1do2gp0x9k","time":1610857404,"event":{"mods":["AchievementEnabler","BaseMod","Block Reminder","Colored Map","Colored Powertips","Minty Spire (QoL Compilation)","Relic Stats","StSLib","SuperFastMode"],"gold_per_floor":[210,268,23,23,23,23,51,51,51,51,16,16,50,68,68,146,146,162,180,12,39,39,39,39,39,39,69,29,48,48,62,62,136,136,150,160,177,202,250,250,250,277,277,310,310,320,542,562,562,562,562,562,562,137,166,166,166],"floor_reached":56,"language":"ENG","playtime":2562,"items_purged":["Strike_B+1"],"score":1979,"play_id":"fd1f30e6-5ea0-4517-b620-26d1d4c12a7b","local_time":"20210116202324","is_ascension_mode":true,"campfire_choices":[{"data":"Defragment","floor":6.0,"key":"SMITH"},{"data":"Sweeping Beam","floor":8.0,"key":"SMITH"},{"data":"Zap","floor":10.0,"key":"SMITH"},{"data":"Dualcast","floor":15.0,"key":"SMITH"},{"data":"Capacitor","floor":23.0,"key":"SMITH"},{"floor":25.0,"key":"REST"},{"floor":30.0,"key":"REST"},{"floor":32.0,"key":"REST"},{"floor":40.0,"key":"REST"},{"floor":45,"key":"REST"},{"floor":49,"key":"RECALL"},{"floor":53,"key":"REST"}],"circlet_count":0,"master_deck":["AscendersBane","Strike_B+1","Strike_B+1","Strike_B+1","Defend_B+1","Defend_B+1","Defend_B+1","Defend_B+1","Zap+1","Dualcast+1","Sunder+1","Defragment+1","Sweeping Beam+1","Coolheaded+1","Leap+1","Electrodynamics","Coolheaded+1","White Noise+1","Capacitor+1","Glacier+1","Coolheaded+1","Storm","Biased Cognition","Hologram+1","Turbo+1","Seek+1","Heatsinks+1","Capacitor+1","Hologram+1","Chill+1","Self Repair+1","Consume+1","Barrage","Stack+1","Chaos+1","Storm+1","Stack+1"],"relics":["Cracked Core","OrangePellets","Orichalcum","Bag of Marbles","Toxic Egg 2","Nuclear Battery","Red Mask","Dream Catcher","Pen Nib","Black Star","Ginger","Turnip","Blood Vial","Frozen Egg 2","Symbiotic Virus","Bottled Lightning","HandDrill","Lantern","Bronze Scales"],"acts_visited":["Exordium","TheCity","TheBeyond","TheEnding"],"potions_floor_usage":[50,55,55],"damage_taken":[{"damage":2.0,"enemies":"Jaw Worm","floor":1.0,"turns":3.0},{"damage":35.0,"enemies":"Lagavulin","floor":7.0,"turns":6.0},{"damage":25.0,"enemies":"3 Sentries","floor":13.0,"turns":6.0},{"damage":0.0,"enemies":"2 Louse","floor":14.0,"turns":1.0},{"damage":15.0,"enemies":"Hexaghost","floor":16.0,"turns":9.0},{"damage":25.0,"enemies":"Shell Parasite","floor":18.0,"turns":4.0},{"damage":0.0,"enemies":"Spheric Guardian","floor":19.0,"turns":1.0},{"damage":15.0,"enemies":"Masked Bandits","floor":21.0,"turns":4.0},{"damage":32.0,"enemies":"Book of Stabbing","floor":27.0,"turns":8.0},{"damage":7.0,"enemies":"Shelled Parasite and Fungi","floor":29.0,"turns":6.0},{"damage":0.0,"enemies":"Snecko","floor":31.0,"turns":4.0},{"damage":0.0,"enemies":"Automaton","floor":33.0,"turns":6.0},{"damage":0.0,"enemies":"3 Shapes","floor":35.0,"turns":3.0},{"damage":11.0,"enemies":"3 Darklings","floor":36.0,"turns":3.0},{"damage":0.0,"enemies":"Sphere and 2 Shapes","floor":37.0,"turns":3.0},{"damage":2.0,"enemies":"Mind Bloom Boss Battle","floor":38.0,"turns":6.0},{"damage":24.0,"enemies":"2 Orb Walkers","floor":39.0,"turns":4.0},{"damage":45.0,"enemies":"Reptomancer","floor":42.0,"turns":7.0},{"damage":0.0,"enemies":"Nemesis","floor":44.0,"turns":7.0},{"damage":0,"enemies":"Writhing Mass","floor":46,"turns":5},{"damage":0,"enemies":"Spire Growth","floor":48,"turns":6},{"damage":18,"enemies":"Time Eater","floor":50,"turns":11},{"damage":56,"enemies":"Awakened One","floor":51,"turns":22},{"damage":65,"enemies":"Shield and Spear","floor":55,"turns":8},{"damage":19,"enemies":"The Heart","floor":56,"turns":3}],"seed_played":"6540951873749234868","potions_obtained":[{"floor":7.0,"key":"SpeedPotion"},{"floor":16.0,"key":"Regen Potion"},{"floor":21.0,"key":"Block Potion"},{"floor":28.0,"key":"PotionOfCapacity"},{"floor":28.0,"key":"SpeedPotion"},{"floor":29.0,"key":"FocusPotion"},{"floor":33.0,"key":"Strength Potion"},{"floor":37.0,"key":"ColorlessPotion"},{"floor":42.0,"key":"Dexterity Potion"},{"floor":44,"key":"Fruit Juice"}],"is_trial":false,"path_per_floor":["M","?","$","?","$","R","E","R","T","R","?","?","E","M","R","B",null,"M","M","$","?","?","R","?","R","T","E","?","M","R","M","R","B",null,"M","M","M","?","?","R","?","E","T","E","R","M","?","M","R","B","B",null,"R","$","E","B"],"character_chosen":"DEFECT","items_purchased":["Defragment","OrangePellets","Capacitor","Glacier+1","Storm+1","FocusPotion","SkillPotion","HandDrill"],"campfire_rested":6,"item_purchase_floors":[3,3,20,20,54,54,54,54],"current_hp_per_floor":[62,62,62,62,62,62,27,27,27,27,44,44,19,19,19,4,54,29,29,29,14,14,14,14,35,35,15,15,8,29,29,50,50,66,66,55,55,53,29,50,50,5,5,17,37,49,49,61,61,60,16,58,72,72,17,0,0],"gold":166,"neow_bonus":"HUNDRED_GOLD","is_daily":false,"chose_seed":false,"campfire_upgraded":5,"win_rate":0.0,"timestamp":1610857404,"path_taken":["M","?","$","?","$","R","E","R","T","R","?","?","E","M","R","BOSS","M","M","$","?","?","R","?","R","T","E","?","M","R","M","R","BOSS","M","M","?","?","?","R","?","E","T","E","R","M","?","M","R","BOSS","BOSS","R","$","E","BOSS"],"items_purchased_type":["Card","Relic","Card","Card","Card","Potion","Potion","Relic"],"build_version":"2020-12-22","purchased_purges":1,"victory":false,"max_hp_per_floor":[71,71,71,71,71,71,71,71,71,71,71,71,71,71,71,71,71,71,71,71,71,71,71,71,71,71,71,71,71,71,71,71,71,71,71,71,71,71,71,71,67,67,67,67,67,67,67,67,67,72,72,72,72,72,72,72,72],"relic_stats":{"Blood Vial":12,"OrangePellets":[23],"Dream Catcher":5,"counters":[25,146],"Bronze Scales":[45],"Pen Nib":[7],"Turnip":[4],"Black Star":3,"HandDrill":[4],"Ginger":[7],"Orichalcum":[252],"obtain_stats":[{"Lantern":55,"Pen Nib":27,"Ginger":38,"Orichalcum":7,"Frozen Egg 2":42,"Nuclear Battery":17,"Blood Vial":42,"OrangePellets":3,"Dream Catcher":26,"Bronze Scales":55,"Turnip":39,"Bag of Marbles":9,"Red Mask":21,"Black Star":34,"HandDrill":54,"Bottled Lightning":44,"Toxic Egg 2":13,"Cracked Core":0,"Symbiotic Virus":44},{"Lantern":24,"Pen Nib":9,"Ginger":16,"Orichalcum":2,"Frozen Egg 2":18,"Nuclear Battery":5,"Blood Vial":18,"OrangePellets":1,"Dream Catcher":8,"Bronze Scales":24,"Turnip":17,"Bag of Marbles":2,"Red Mask":8,"Black Star":12,"HandDrill":23,"Bottled Lightning":19,"Toxic Egg 2":3,"Cracked Core":0,"Symbiotic Virus":19},{"Lantern":143,"Pen Nib":42,"Ginger":73,"Orichalcum":9,"Frozen Egg 2":84,"Nuclear Battery":25,"Blood Vial":84,"OrangePellets":3,"Dream Catcher":34,"Bronze Scales":143,"Turnip":77,"Bag of Marbles":9,"Red Mask":34,"Black Star":58,"HandDrill":135,"Bottled Lightning":91,"Toxic Egg 2":15,"Cracked Core":0,"Symbiotic Virus":91}]},"card_choices":[{"not_picked":["Gash","Self Repair"],"picked":"Sunder","floor":1.0},{"not_picked":["Heatsinks","FTL"],"picked":"Sweeping Beam","floor":7.0},{"not_picked":["Cold Snap","Go for the Eyes"],"picked":"Coolheaded+1","floor":13.0},{"not_picked":["Self Repair","Ball Lightning"],"picked":"Leap+1","floor":14.0},{"not_picked":["Creative AI","Buffer"],"picked":"Electrodynamics","floor":16.0},{"not_picked":["Steam+1","Barrage"],"picked":"Coolheaded+1","floor":18.0},{"not_picked":["Gash","Rebound"],"picked":"White Noise+1","floor":19.0},{"not_picked":["Loop","Beam Cell"],"picked":"Coolheaded+1","floor":21.0},{"not_picked":["Streamline+1","Ball Lightning"],"picked":"Storm","floor":27.0},{"not_picked":["Darkness+1","Genetic Algorithm+1"],"picked":"Biased Cognition","floor":29.0},{"not_picked":["Gash","Chill+1"],"picked":"Hologram+1","floor":30.0},{"not_picked":["Scrape","Leap+1","Beam Cell"],"picked":"SKIP","floor":31.0},{"not_picked":["Leap+1","Go for the Eyes+1"],"picked":"Turbo+1","floor":32.0},{"not_picked":["Thunder Strike","Machine Learning"],"picked":"Seek+1","floor":33.0},{"not_picked":["Rip and Tear","Coolheaded+1"],"picked":"Heatsinks+1","floor":35.0},{"not_picked":["Hologram+1","Stack+1"],"picked":"Capacitor+1","floor":36.0},{"not_picked":["Go for the Eyes","Electrodynamics","Doom and Gloom+1"],"picked":"SKIP","floor":37.0},{"not_picked":["Rebound+1","Compile Driver+1"],"picked":"Hologram+1","floor":38.0},{"not_picked":["Barrage","Rebound"],"picked":"Chill+1","floor":39.0},{"not_picked":["Reinforced Body+1","Rebound"],"picked":"Self Repair+1","floor":42.0},{"not_picked":["Hologram+1","Force Field+1"],"picked":"Consume+1","floor":44},{"not_picked":["Sweeping Beam","Gash+1"],"picked":"Barrage","floor":45},{"not_picked":["Sunder","Gash"],"picked":"Stack+1","floor":46},{"not_picked":["Go for the Eyes","Sweeping Beam","Beam Cell"],"picked":"SKIP","floor":48},{"not_picked":["Meteor Strike","Sweeping Beam"],"picked":"Chaos+1","floor":53},{"not_picked":["Auto Shields+1","Cold Snap"],"picked":"Stack+1","floor":55}],"player_experience":3876335,"relics_obtained":[{"floor":7.0,"key":"Orichalcum"},{"floor":9.0,"key":"Bag of Marbles"},{"floor":13.0,"key":"Toxic Egg 2"},{"floor":21.0,"key":"Red Mask"},{"floor":26.0,"key":"Dream Catcher"},{"floor":27.0,"key":"Pen Nib"},{"floor":38.0,"key":"Ginger"},{"floor":39.0,"key":"Turnip"},{"floor":42.0,"key":"Blood Vial"},{"floor":42.0,"key":"Frozen Egg 2"},{"floor":44,"key":"Symbiotic Virus"},{"floor":44,"key":"Bottled Lightning"},{"floor":55,"key":"Lantern"},{"floor":55,"key":"Bronze Scales"}],"event_choices":[{"damage_healed":0.0,"max_hp_gain":0.0,"max_hp_loss":0.0,"gold_gain":58.0,"event_name":"Golden Wing","player_choice":"Gained Gold","floor":2.0,"gold_loss":0.0,"damage_taken":0.0},{"damage_healed":0.0,"max_hp_gain":0.0,"max_hp_loss":0.0,"gold_gain":0.0,"event_name":"Living Wall","player_choice":"Grow","floor":4.0,"gold_loss":0.0,"damage_taken":0.0,"cards_upgraded":["Sunder"]},{"damage_healed":17.0,"max_hp_gain":0.0,"max_hp_loss":0.0,"gold_gain":0.0,"event_name":"The Cleric","player_choice":"Healed","floor":11.0,"gold_loss":35.0,"damage_taken":0.0},{"damage_healed":0.0,"max_hp_gain":0.0,"max_hp_loss":0.0,"gold_gain":0.0,"event_name":"Liars Game","player_choice":"Ignored","floor":12.0,"gold_loss":0.0,"damage_taken":0.0},{"damage_healed":0.0,"max_hp_gain":0.0,"max_hp_loss":0.0,"gold_gain":0.0,"event_name":"Masked Bandits","player_choice":"Fought Bandits","floor":21.0,"gold_loss":0.0,"damage_taken":0.0},{"damage_healed":0.0,"max_hp_gain":0.0,"max_hp_loss":0.0,"gold_gain":0.0,"event_name":"Back to Basics","player_choice":"Simplicity","floor":22.0,"gold_loss":0.0,"damage_taken":0.0,"cards_upgraded":["Strike_B","Strike_B","Strike_B","Strike_B","Defend_B","Defend_B","Defend_B","Defend_B"]},{"damage_healed":0.0,"max_hp_gain":0.0,"max_hp_loss":0.0,"gold_gain":0.0,"event_name":"The Mausoleum","player_choice":"Ignored","floor":24.0,"gold_loss":0.0,"damage_taken":0.0},{"damage_healed":0.0,"max_hp_gain":0.0,"max_hp_loss":0.0,"gold_gain":0.0,"event_name":"The Woman in Blue","player_choice":"Bought 3 Potions","floor":28.0,"gold_loss":0.0,"damage_taken":0.0},{"damage_healed":0.0,"max_hp_gain":0.0,"max_hp_loss":0.0,"gold_gain":0.0,"event_name":"MindBloom","player_choice":"Fight","floor":38.0,"gold_loss":0.0,"damage_taken":0.0},{"damage_healed":0.0,"max_hp_gain":0.0,"max_hp_loss":0.0,"gold_gain":0.0,"event_name":"Mysterious Sphere","player_choice":"Fight","floor":39.0,"gold_loss":0.0,"damage_taken":0.0},{"damage_healed":0.0,"max_hp_gain":0.0,"max_hp_loss":4.0,"gold_gain":0.0,"event_name":"Winding Halls","player_choice":"Max HP","floor":41.0,"gold_loss":0.0,"damage_taken":0.0},{"damage_healed":0,"gold_gain":222,"player_choice":"Wore Mask","damage_taken":0,"max_hp_gain":0,"max_hp_loss":0,"event_name":"Tomb of Lord Red Mask","floor":47,"gold_loss":0}],"is_beta":false,"boss_relics":[{"not_picked":["Busted Crown","Empty Cage"],"picked":"Nuclear Battery"},{"not_picked":["Runic Pyramid","Sozu"],"picked":"Black Star"}],"items_purged_floors":[54],"is_endless":false,"potions_floor_spawned":[7,16,21,29,31,33,35,37,42,44],"killed_by":"The Heart","ascension_level":20}}