{"host":"9ndbo4kgsfoemf7y","time":1610877728,"event":{"mods":["AchievementEnabler","BaseMod","Colored Map","DeckTracker","Keyboard Shortcuts","Minty Spire (QoL Compilation)","Permanent Neow","Quick Restart","Relic Stats","StSLib","SuperFastMode"],"gold_per_floor":[361,375,375,219,229,229,70,70,70,90,110,110,110,120,120,216,216,236,236,82,99,114,114,147,147,172,192,476,504,538,438,438,552,552,581,397,456,466,477,516,516,549,575,575,45,84,141,167,167,167],"floor_reached":51,"language":"KOR","playtime":1813,"items_purged":["Normality","Strike_B+1","Defend_B+1","Strike_B+1"],"score":1142,"play_id":"befa0bdb-6df7-4b9b-b826-8ba2d490f992","local_time":"20210117190208","is_ascension_mode":true,"campfire_choices":[{"data":"Defragment","floor":6.0,"key":"SMITH"},{"floor":12.0,"key":"REST"},{"data":"Hologram","floor":15.0,"key":"SMITH"},{"data":"Zap","floor":23.0,"key":"SMITH"},{"data":"Seek","floor":25.0,"key":"SMITH"},{"floor":32.0,"key":"REST"},{"floor":44,"key":"REST"},{"floor":49,"key":"REST"}],"circlet_count":0,"master_deck":["Strike_B+1","Defend_B+1","Defend_B+1","Defend_B+1","Zap+1","Dualcast","Defragment+1","Beam Cell","Loop+1","Electrodynamics+1","Biased Cognition+1","Sweeping Beam","Buffer+1","Hologram+1","Seek+1","Force Field","Defragment+1","Go for the Eyes+1","Self Repair+1","Regret","Machine Learning+1","Coolheaded","Core Surge","Capacitor+1","Undo","Barrage+1","Redo+1","Deep Breath","Heatsinks+1","Capacitor+1","Hologram+1"],"relics":["Cracked Core","Frozen Egg 2","Question Card","Philosopher\u0027s Stone","DollysMirror","Oddly Smooth Stone","CeramicFish","Turnip","Fusion Hammer","CaptainsWheel","Regal Pillow","Potion Belt","Juzu Bracelet","Bag of Marbles","Bag of Preparation","Lantern","Du-Vu Doll"],"acts_visited":["Exordium","TheCity","TheBeyond"],"potions_floor_usage":[],"damage_taken":[{"damage":2.0,"enemies":"Jaw Worm","floor":1.0,"turns":3.0},{"damage":7.0,"enemies":"2 Louse","floor":2.0,"turns":3.0},{"damage":1.0,"enemies":"Cultist","floor":5.0,"turns":3.0},{"damage":0.0,"enemies":"3 Louse","floor":10.0,"turns":1.0},{"damage":16.0,"enemies":"2 Fungi Beasts","floor":11.0,"turns":3.0},{"damage":1.0,"enemies":"Looter","floor":14.0,"turns":3.0},{"damage":0.0,"enemies":"Slime Boss","floor":16.0,"turns":5.0},{"damage":0.0,"enemies":"Chosen","floor":18.0,"turns":3.0},{"damage":0.0,"enemies":"Spheric Guardian","floor":21.0,"turns":3.0},{"damage":0.0,"enemies":"Chosen and Byrds","floor":22.0,"turns":3.0},{"damage":33.0,"enemies":"Book of Stabbing","floor":24.0,"turns":4.0},{"damage":9.0,"enemies":"Snake Plant","floor":27.0,"turns":2.0},{"damage":9.0,"enemies":"Centurion and Healer","floor":29.0,"turns":3.0},{"damage":38.0,"enemies":"Slavers","floor":30.0,"turns":3.0},{"damage":36.0,"enemies":"Automaton","floor":33.0,"turns":8.0},{"damage":28.0,"enemies":"3 Shapes","floor":35.0,"turns":4.0},{"damage":2.0,"enemies":"Mind Bloom Boss Battle","floor":37.0,"turns":5.0},{"damage":11.0,"enemies":"3 Darklings","floor":38.0,"turns":2.0},{"damage":21.0,"enemies":"Writhing Mass","floor":39.0,"turns":5.0},{"damage":1.0,"enemies":"Giant Head","floor":40.0,"turns":8.0},{"damage":8,"enemies":"Reptomancer","floor":42,"turns":5},{"damage":38,"enemies":"Giant Head","floor":46,"turns":8},{"damage":27,"enemies":"2 Orb Walkers","floor":47,"turns":4},{"damage":1,"enemies":"Maw","floor":48,"turns":5},{"damage":54,"enemies":"Awakened One","floor":50,"turns":7}],"seed_played":"2070409931074218116","potions_obtained":[{"floor":2.0,"key":"EntropicBrew"},{"floor":8.0,"key":"FairyPotion"},{"floor":8.0,"key":"PotionOfCapacity"},{"floor":18.0,"key":"PowerPotion"},{"floor":33.0,"key":"Dexterity Potion"},{"floor":35.0,"key":"SpeedPotion"},{"floor":48,"key":"FocusPotion"}],"is_trial":false,"path_per_floor":["M","M","?","$","M","R","$","?","T","M","M","R","?","M","R","B",null,"M","?","$","M","M","R","E","R","T","M","?","M","E","$","R","B",null,"M","$","?","M","M","E","?","E","T","R","$","E","?","M","R","B",null],"character_chosen":"DEFECT","items_purchased":["Loop+1","Electrodynamics+1","DollysMirror","Undo","Bag of Marbles","Bag of Preparation","Deep Breath"],"campfire_rested":4,"item_purchase_floors":[4,7,20,36,45,45,45],"current_hp_per_floor":[66,59,47,47,46,46,46,46,46,46,30,52,52,51,51,51,69,69,69,69,69,69,69,36,36,36,27,27,28,31,31,53,27,63,45,45,53,42,31,40,40,42,42,75,75,47,30,39,75,31],"gold":167,"neow_bonus":"TWO_FIFTY_GOLD","is_daily":false,"chose_seed":false,"campfire_upgraded":4,"win_rate":0.0,"timestamp":1610877728,"path_taken":["M","M","?","$","M","R","$","?","T","?","M","R","?","M","R","BOSS","M","?","$","M","M","R","E","R","T","M","?","?","E","$","R","BOSS","M","$","?","M","M","E","?","E","T","R","$","E","?","M","R","BOSS"],"items_purchased_type":["Card","Card","Relic","Card","Relic","Relic","Card"],"build_version":"2020-12-22","purchased_purges":4,"victory":true,"max_hp_per_floor":[75,75,75,75,75,75,75,75,75,75,75,75,75,75,75,75,75,75,75,75,75,75,75,75,75,75,75,75,75,75,75,75,75,75,75,75,75,75,75,75,75,75,75,75,75,75,75,75,75,75],"relic_stats":{"Regal Pillow":25,"counters":[25,100],"CeramicFish":117,"Turnip":[3],"Juzu Bracelet":0,"Bag of Preparation":[8],"Question Card":22,"obtain_stats":[{"Potion Belt":42,"Regal Pillow":40,"Lantern":46,"CeramicFish":26,"Oddly Smooth Stone":24,"Juzu Bracelet":43,"Bag of Preparation":45,"Frozen Egg 2":3,"Question Card":9,"Du-Vu Doll":47,"CaptainsWheel":37,"DollysMirror":20,"Philosopher\u0027s Stone":17,"Turnip":30,"Fusion Hammer":34,"Bag of Marbles":45,"Cracked Core":0},{"Potion Belt":21,"Regal Pillow":20,"Lantern":22,"CeramicFish":11,"Oddly Smooth Stone":11,"Juzu Bracelet":21,"Bag of Preparation":21,"Frozen Egg 2":2,"Question Card":3,"Du-Vu Doll":23,"CaptainsWheel":17,"DollysMirror":8,"Philosopher\u0027s Stone":7,"Turnip":14,"Fusion Hammer":15,"Bag of Marbles":21,"Cracked Core":0},{"Potion Belt":76,"Regal Pillow":71,"Lantern":84,"CeramicFish":33,"Oddly Smooth Stone":33,"Juzu Bracelet":76,"Bag of Preparation":76,"Frozen Egg 2":6,"Question Card":9,"Du-Vu Doll":88,"CaptainsWheel":57,"DollysMirror":24,"Philosopher\u0027s Stone":21,"Turnip":41,"Fusion Hammer":49,"Bag of Marbles":76,"Cracked Core":0}]},"card_choices":[{"not_picked":["Hologram","Ball Lightning"],"picked":"Defragment","floor":1.0},{"not_picked":["Turbo","Coolheaded"],"picked":"Beam Cell","floor":2.0},{"not_picked":["Consume","Steam","Hello World+1"],"picked":"SKIP","floor":5.0},{"not_picked":["Steam","Barrage","Storm+1"],"picked":"Biased Cognition+1","floor":10.0},{"not_picked":["FTL","Compile Driver","Leap"],"picked":"Sweeping Beam","floor":11.0},{"not_picked":["Go for the Eyes","Turbo","Compile Driver"],"picked":"Hologram","floor":14.0},{"not_picked":["Rainbow","Hyperbeam","Electrodynamics+1"],"picked":"Seek","floor":16.0},{"not_picked":["Compile Driver","Conserve Battery+1","Reprogram"],"picked":"Force Field","floor":18.0},{"not_picked":["Coolheaded+1","Auto Shields","Tempest"],"picked":"Aggregate+1","floor":21.0},{"not_picked":["Turbo","Rebound","Gash+1"],"picked":"Go for the Eyes+1","floor":22.0},{"not_picked":["Hello World+1","Sunder","Redo","Beam Cell"],"picked":"SKIP","floor":24.0},{"not_picked":["Conserve Battery","Cold Snap","Ball Lightning"],"picked":"Self Repair+1","floor":27.0},{"not_picked":["Steam","Rebound","Cold Snap"],"picked":"Machine Learning+1","floor":29.0},{"not_picked":["Storm+1","Steam","Go for the Eyes+1"],"picked":"Coolheaded","floor":30.0},{"not_picked":["All For One","Hyperbeam","Thunder Strike"],"picked":"Core Surge","floor":33.0},{"not_picked":["Go for the Eyes+1","Storm+1","Coolheaded"],"picked":"Capacitor+1","floor":35.0},{"not_picked":["Reinforced Body","Auto Shields","Consume+1"],"picked":"Barrage+1","floor":37.0},{"not_picked":["Hello World+1","Turbo","Ball Lightning","Coolheaded"],"picked":"SKIP","floor":38.0},{"not_picked":["Glacier+1","Ball Lightning","Fusion+1","Compile Driver+1"],"picked":"SKIP","floor":39.0},{"not_picked":["Steam+1","Hologram","Barrage"],"picked":"Redo+1","floor":40.0},{"not_picked":["Darkness+1","Go for the Eyes","Glacier+1","Steam"],"picked":"SKIP","floor":42},{"not_picked":["Darkness","Thunder Strike","Redo+1"],"picked":"Heatsinks+1","floor":46},{"not_picked":["Conserve Battery+1","Stack","Barrage"],"picked":"Capacitor+1","floor":47},{"not_picked":["Heatsinks+1","Steam Power","Fusion"],"picked":"Hologram+1","floor":48}],"player_experience":825749,"relics_obtained":[{"floor":9.0,"key":"Question Card"},{"floor":24.0,"key":"Oddly Smooth Stone"},{"floor":26.0,"key":"CeramicFish"},{"floor":30.0,"key":"Turnip"},{"floor":37.0,"key":"CaptainsWheel"},{"floor":40.0,"key":"Regal Pillow"},{"floor":42,"key":"Potion Belt"},{"floor":43,"key":"Juzu Bracelet"},{"floor":46,"key":"Lantern"},{"floor":47,"key":"Du-Vu Doll"}],"event_choices":[{"damage_healed":0.0,"max_hp_gain":0.0,"max_hp_loss":0.0,"gold_gain":0.0,"event_name":"Scrap Ooze","player_choice":"Success","floor":3.0,"gold_loss":0.0,"damage_taken":12.0,"relics_obtained":["Frozen Egg 2"]},{"damage_healed":0.0,"max_hp_gain":0.0,"max_hp_loss":0.0,"gold_gain":0.0,"event_name":"Lab","player_choice":"Got Potions","floor":8.0,"gold_loss":0.0,"damage_taken":0.0},{"damage_healed":0.0,"max_hp_gain":0.0,"max_hp_loss":0.0,"gold_gain":0.0,"cards_transformed":["Strike_B"],"event_name":"Living Wall","player_choice":"Change","floor":13.0,"gold_loss":0.0,"damage_taken":0.0,"cards_obtained":["Buffer"]},{"damage_healed":0.0,"max_hp_gain":0.0,"max_hp_loss":0.0,"gold_gain":0.0,"event_name":"Back to Basics","player_choice":"Simplicity","floor":19.0,"gold_loss":0.0,"damage_taken":0.0,"cards_upgraded":["Strike_B","Strike_B","Strike_B","Defend_B","Defend_B","Defend_B","Defend_B"]},{"damage_healed":0.0,"max_hp_gain":0.0,"max_hp_loss":0.0,"gold_gain":275.0,"event_name":"Golden Shrine","player_choice":"Desecrate","floor":28.0,"gold_loss":0.0,"damage_taken":0.0,"cards_obtained":["Regret"]},{"damage_healed":0.0,"max_hp_gain":0.0,"max_hp_loss":0.0,"gold_gain":0.0,"event_name":"MindBloom","player_choice":"Fight","floor":37.0,"gold_loss":0.0,"damage_taken":0.0},{"cards_removed":["Aggregate"],"damage_healed":0.0,"max_hp_gain":0.0,"max_hp_loss":0.0,"gold_gain":0.0,"event_name":"Falling","player_choice":"Removed Skill","floor":41.0,"gold_loss":0.0,"damage_taken":0.0},{"damage_healed":0,"gold_gain":0,"player_choice":"Fight","damage_taken":0,"max_hp_gain":0,"max_hp_loss":0,"event_name":"Mysterious Sphere","floor":47,"gold_loss":0}],"is_beta":false,"boss_relics":[{"not_picked":["Ectoplasm","FrozenCore"],"picked":"Philosopher\u0027s Stone"},{"not_picked":["SlaversCollar","Tiny House"],"picked":"Fusion Hammer"}],"items_purged_floors":[4,31,36,45],"is_endless":false,"potions_floor_spawned":[2,5,18,21,24,33,35,39,40,48],"ascension_level":7}}