{"host":"840yoaz69lavfcgt","time":1610871597,"event":{"mods":["BaseMod","Colored Powertips","DeckTracker","Highlight Path","Minty Spire (QoL Compilation)","Synergy Search"],"gold_per_floor":[118,0,275,292,308,342,342,354,402,417,417,463,463,495,495,594,594,609,620,20,37,37,37,37],"floor_reached":23,"language":"ENG","playtime":1642,"items_purged":["Regret"],"score":201,"play_id":"2bb45341-ab5b-42c3-95e9-bfc1e54e469e","local_time":"20210117031957","is_ascension_mode":false,"campfire_choices":[{"floor":7,"key":"REST"},{"data":"Noxious Fumes","floor":11,"key":"SMITH"},{"floor":15,"key":"REST"}],"circlet_count":0,"master_deck":["Strike_G+1","Strike_G+1","Strike_G+1","Strike_G+1","Strike_G+1","Defend_G+1","Defend_G+1","Defend_G+1","Defend_G+1","Defend_G+1","Survivor+1","Neutralize","Prepared+1","Deadly Poison","Prepared","Slice","Dodge and Roll","Noxious Fumes+1","Accuracy","Flying Knee","Catalyst","Deflect","Adrenaline","Footwork+1","Footwork","Envenom","Bouncing Flask","All Out Attack+1"],"relics":["Ring of the Snake","StrikeDummy","Strawberry","Orichalcum","Snake Skull","Black Star","Bag of Marbles","Sling"],"acts_visited":["Exordium","TheCity"],"potions_floor_usage":[16,18,19,21,23],"damage_taken":[{"damage":0,"enemies":"Small Slimes","floor":1,"turns":3},{"damage":0,"enemies":"Cultist","floor":4,"turns":3},{"damage":0,"enemies":"Jaw Worm","floor":5,"turns":4},{"damage":19,"enemies":"3 Sentries","floor":6,"turns":9},{"damage":11,"enemies":"Blue Slaver","floor":8,"turns":5},{"damage":1,"enemies":"3 Louse","floor":10,"turns":3},{"damage":19,"enemies":"Gremlin Nob","floor":14,"turns":4},{"damage":21,"enemies":"Hexaghost","floor":16,"turns":8},{"damage":20,"enemies":"Spheric Guardian","floor":18,"turns":6},{"damage":7,"enemies":"3 Byrds","floor":19,"turns":5},{"damage":14,"enemies":"Sentry and Sphere","floor":21,"turns":3},{"damage":44,"enemies":"Gremlin Leader","floor":23,"turns":4}],"seed_played":"2494538519271987635","potions_obtained":[{"floor":4,"key":"CultistPotion"},{"floor":5,"key":"DuplicationPotion"},{"floor":6,"key":"Explosive Potion"},{"floor":16,"key":"PowerPotion"},{"floor":18,"key":"FearPotion"},{"floor":19,"key":"LiquidMemories"},{"floor":21,"key":"LiquidMemories"}],"is_trial":false,"path_per_floor":["M","$","?","M","M","E","R","M","T","M","R","T","?","E","R","B",null,"M","M","$","M","?","E"],"character_chosen":"THE_SILENT","items_purchased":["Deadly Poison","Prepared","Slice","Bag of Marbles","Envenom","Bouncing Flask","Sling"],"campfire_rested":2,"item_purchase_floors":[2,2,2,20,20,20,20],"current_hp_per_floor":[70,70,70,70,70,51,70,59,66,65,65,65,50,31,54,33,77,57,50,50,36,36,0,0],"gold":37,"neow_bonus":"UPGRADE_CARD","is_daily":false,"chose_seed":false,"campfire_upgraded":1,"win_rate":0.0,"timestamp":1610871597,"path_taken":["M","$","?","?","M","E","R","M","T","?","R","?","?","E","R","BOSS","M","M","$","M","?","E"],"items_purchased_type":["Card","Card","Card","Relic","Card","Card","Relic"],"build_version":"2020-12-22","purchased_purges":1,"victory":false,"max_hp_per_floor":[70,70,70,70,70,70,70,70,77,77,77,77,77,77,77,77,77,77,77,77,77,77,77,77],"card_choices":[{"not_picked":["Dagger Spray","PiercingWail"],"picked":"Prepared","floor":1},{"not_picked":["Riddle With Holes","Footwork"],"picked":"Dodge and Roll","floor":4},{"not_picked":["All Out Attack","Well Laid Plans"],"picked":"Noxious Fumes","floor":5},{"not_picked":["Heel Hook","Escape Plan"],"picked":"Accuracy","floor":6},{"not_picked":["Dagger Throw","Dagger Spray"],"picked":"Flying Knee","floor":8},{"not_picked":["Deadly Poison","Flechettes"],"picked":"Catalyst","floor":10},{"not_picked":["Expertise","Flying Knee"],"picked":"Deflect","floor":14},{"not_picked":["Night Terror","After Image"],"picked":"Adrenaline","floor":16},{"not_picked":["Dagger Spray","Outmaneuver"],"picked":"Footwork+1","floor":18},{"not_picked":["Escape Plan","Dodge and Roll"],"picked":"Footwork","floor":19},{"not_picked":["Reflex","Masterful Stab"],"picked":"All Out Attack+1","floor":21}],"player_experience":210125,"relics_obtained":[{"floor":6,"key":"StrikeDummy"},{"floor":9,"key":"Strawberry"},{"floor":12,"key":"Orichalcum"},{"floor":14,"key":"Snake Skull"}],"event_choices":[{"damage_healed":0,"gold_gain":275,"player_choice":"Desecrate","damage_taken":0,"max_hp_gain":0,"max_hp_loss":0,"event_name":"Golden Shrine","floor":3,"gold_loss":0,"cards_obtained":["Regret"]},{"damage_healed":0,"gold_gain":0,"player_choice":"Entered Light","damage_taken":15,"max_hp_gain":0,"max_hp_loss":0,"event_name":"Shining Light","floor":13,"gold_loss":0,"cards_upgraded":["Prepared","Defend_G"]},{"damage_healed":0,"gold_gain":0,"player_choice":"Simplicity","damage_taken":0,"max_hp_gain":0,"max_hp_loss":0,"event_name":"Back to Basics","floor":22,"gold_loss":0,"cards_upgraded":["Strike_G","Strike_G","Strike_G","Strike_G","Strike_G","Defend_G","Defend_G","Defend_G","Defend_G"]}],"is_beta":false,"boss_relics":[{"not_picked":["Philosopher\u0027s Stone","HoveringKite"],"picked":"Black Star"}],"items_purged_floors":[20],"is_endless":false,"potions_floor_spawned":[4,5,6,16,18,19,21],"killed_by":"Gremlin Leader","ascension_level":0}}