{"host":"8lgo2trwv2o0qyml","time":1610907679,"event":{"mods":["BaseMod","Colored Map","Colored Powertips","DeckTracker","Highlight Path","Hubris","Infinite Spire","Minty Spire (QoL Compilation)","Quick Restart","Random Character Button","Relic Sorter","Replay The Spire","StSLib","SuperFastMode","Synergy Search"],"gold_per_floor":[114,2,2,16,16,16,45,63,63,76,105,117,117,128,128,128,128],"floor_reached":16,"playtime":1815,"items_purged":[],"score":137,"play_id":"cfa33f72-9977-43eb-9340-dd79319b85e8","local_time":"20210117132119","is_ascension_mode":false,"campfire_choices":[{"data":"Choke","floor":6,"key":"SMITH"},{"data":"Burst","floor":13,"key":"SMITH"},{"floor":15,"key":"DIG"}],"circlet_count":0,"master_deck":["Strike_G","Strike_G","Strike_G","Strike_G","Strike_G","Defend_G","Defend_G","Defend_G","Defend_G","Defend_G","Survivor","Neutralize","Reflex","All Out Attack","Crippling Poison","Choke+1","Poisoned Stab","Hidden Blade","Leg Sweep","Burst+1","Deadly Poison","Prepared"],"relics":["Ring of the Snake","NeowsBlessing","Strawberry","Ornamental Fan","Tiny Chest","infinitespire:PuzzleCube"],"acts_visited":["Exordium"],"potions_floor_usage":[11,11,11,16],"damage_taken":[{"damage":0,"enemies":"Cultist","floor":1,"turns":1},{"damage":0,"enemies":"2 Louse","floor":4,"turns":1},{"damage":0,"enemies":"3 Sentries","floor":7,"turns":1},{"damage":3,"enemies":"Small Slimes","floor":8,"turns":2},{"damage":4,"enemies":"3 Louse","floor":10,"turns":2},{"damage":2,"enemies":"Lagavulin","floor":11,"turns":7},{"damage":3,"enemies":"Blue Slaver","floor":12,"turns":5},{"damage":0,"enemies":"Large Slime","floor":14,"turns":9},{"damage":70,"enemies":"Slime Boss","floor":16,"turns":15}],"seed_played":"-8303811580885559838","potions_obtained":[{"floor":3,"key":"LiquidMemories"},{"floor":3,"key":"GhostInAJar"},{"floor":3,"key":"GhostInAJar"},{"floor":14,"key":"Energy Potion"}],"is_trial":false,"path_per_floor":["M","$","?","M","$","R","E","M","T","M","E","M","R","M","R_BF","B"],"character_chosen":"THE_SILENT","items_purchased":["All Out Attack","Crippling Poison"],"campfire_rested":0,"item_purchase_floors":[2,2],"current_hp_per_floor":[70,70,70,70,70,70,77,74,74,70,68,65,65,65,65,0,0],"gold":128,"neow_bonus":"THREE_ENEMY_KILL","is_daily":false,"chose_seed":false,"campfire_upgraded":2,"win_rate":0.0,"timestamp":1610907679,"path_taken":["M","$","?","M","$","R","E","M","T","?","E","M","R","M","R_BF","BOSS"],"items_purchased_type":["Card","Card"],"build_version":"2020-12-22","purchased_purges":0,"victory":false,"max_hp_per_floor":[70,70,70,70,70,70,77,77,77,77,77,77,77,77,77,77,77],"card_choices":[{"not_picked":["Outmaneuver","Bane"],"picked":"Reflex","floor":1},{"not_picked":["ReplayTheSpireMod:Exploit Weakness","Skewer"],"picked":"Choke","floor":4},{"not_picked":["hubris:SlightOfHand","Dodge and Roll"],"picked":"Poisoned Stab","floor":7},{"not_picked":["PiercingWail","Predator"],"picked":"Hidden Blade","floor":8},{"not_picked":["Backflip","PiercingWail"],"picked":"Leg Sweep","floor":10},{"not_picked":["Dagger Spray","Die Die Die"],"picked":"Burst","floor":11},{"not_picked":["Dagger Throw","Sucker Punch"],"picked":"Deadly Poison","floor":12},{"not_picked":["Backflip","Sucker Punch"],"picked":"Prepared","floor":14}],"player_experience":90591,"relics_obtained":[{"floor":7,"key":"Strawberry"},{"floor":9,"key":"Ornamental Fan"},{"floor":11,"key":"Tiny Chest"},{"floor":15,"key":"infinitespire:PuzzleCube"}],"event_choices":[{"damage_healed":0,"gold_gain":0,"player_choice":"Got Potions","damage_taken":0,"max_hp_gain":0,"max_hp_loss":0,"event_name":"Lab","floor":3,"gold_loss":0}],"is_beta":false,"boss_relics":[],"items_purged_floors":[],"is_endless":false,"potions_floor_spawned":[10,14],"killed_by":"Slime Boss","ascension_level":0}}