{"host":"dlqyscxstsnu98l1","time":1610850013,"event":{"mods":["AchievementEnabler","BaseMod","Bestiary","Colored Map","Colored Powertips","Conspire","GifTheSpireLib","Highlight Path","Minty Spire (QoL Compilation)","Random Character Button","Replay The Spire","SacredBarkPlus","StSLib"],"gold_per_floor":[114,114,114,114,114,114,152,169,169,218,218,218,274,303,303,437,437,464,389,359,376,376,376,376],"floor_reached":23,"language":"ENG","playtime":914,"items_purged":["Violence+1"],"score":267,"play_id":"248b7c6d-35cb-4279-8ac6-002ac46c129e","local_time":"20210116202013","is_ascension_mode":true,"campfire_choices":[{"data":"CutThroughFate","floor":6,"key":"SMITH"},{"floor":11,"key":"REST"},{"data":"PathToVictory","floor":15,"key":"SMITH"}],"circlet_count":0,"master_deck":["conspire:GhostlyStrike+1","conspire:GhostlyStrike","conspire:GhostlyStrike+1","conspire:GhostlyStrike","conspire:GhostlyDefend","conspire:GhostlyDefend","conspire:GhostlyDefend","Eruption+1","Vigilance","CutThroughFate+1","ThirdEye","PathToVictory+1"],"relics":["PureWater","NeowsBlessing","Bloody Idol","Replay:Bandana","Whetstone","ReplayFunnel","conspire:RoyalGoblet"],"acts_visited":["Exordium","TheCity"],"potions_floor_usage":[13,16,23,23],"damage_taken":[{"damage":0,"enemies":"2 Louse","floor":1,"turns":1},{"damage":0,"enemies":"3 Sentries","floor":7,"turns":1},{"damage":0,"enemies":"Jaw Worm","floor":8,"turns":1},{"damage":32,"enemies":"Gremlin Nob","floor":10,"turns":3},{"damage":21,"enemies":"3 Sentries","floor":13,"turns":7},{"damage":0,"enemies":"Small Slimes","floor":14,"turns":1},{"damage":3,"enemies":"The Guardian","floor":16,"turns":5},{"damage":3,"enemies":"Chosen","floor":18,"turns":9},{"damage":3,"enemies":"Shell Parasite","floor":21,"turns":6},{"damage":56,"enemies":"Slavers","floor":23,"turns":6}],"seed_played":"-5587992981122748208","potions_obtained":[{"floor":8,"key":"Dexterity Potion"},{"floor":10,"key":"StancePotion"},{"floor":20,"key":"SkillPotion"},{"floor":20,"key":"Swift Potion"}],"is_trial":false,"path_per_floor":["M","?","?","?","?","R","E","M","T","E","R","?","E","M","R","B",null,"M","$","?","M","?","E"],"character_chosen":"WATCHER","items_purchased":[],"campfire_rested":1,"item_purchase_floors":[],"current_hp_per_floor":[72,54,54,54,54,54,54,54,54,22,43,43,22,22,22,19,72,69,69,69,66,66,10,10],"gold":376,"neow_bonus":"THREE_ENEMY_KILL","is_daily":false,"chose_seed":false,"campfire_upgraded":2,"win_rate":0.0,"timestamp":1610850013,"path_taken":["M","?","?","?","?","R","E","M","T","E","R","?","E","M","R","BOSS","M","$","?","?","?","E"],"items_purchased_type":[],"build_version":"2020-12-22","purchased_purges":1,"victory":false,"max_hp_per_floor":[72,72,72,72,72,72,72,72,72,72,72,72,72,72,72,72,72,72,72,72,72,72,72,72],"card_choices":[{"not_picked":["EmptyMind","Consecrate"],"picked":"CutThroughFate","floor":1},{"not_picked":["Crescendo","Prostrate"],"picked":"ThirdEye","floor":7},{"not_picked":["SashWhip","CrushJoints","FlurryOfBlows"],"picked":"SKIP","floor":8},{"not_picked":["Crescendo","BowlingBash","Prostrate"],"picked":"SKIP","floor":10},{"not_picked":["BowlingBash","Study","FearNoEvil"],"picked":"SKIP","floor":13},{"not_picked":["Weave","Study"],"picked":"PathToVictory","floor":14},{"not_picked":["TalkToTheHand","Evaluate","Weave+1"],"picked":"SKIP","floor":18},{"not_picked":["Study","Tantrum+1","Weave"],"picked":"SKIP","floor":21}],"player_experience":73422,"relics_obtained":[{"floor":7,"key":"Replay:Bandana"},{"floor":10,"key":"Whetstone"},{"floor":13,"key":"ReplayFunnel"}],"event_choices":[{"damage_healed":0,"gold_gain":0,"player_choice":"Take Damage","damage_taken":18,"relics_obtained":["Golden Idol"],"max_hp_gain":0,"max_hp_loss":0,"event_name":"Golden Idol","floor":2,"gold_loss":0},{"damage_healed":0,"gold_gain":0,"player_choice":"Leave","damage_taken":0,"max_hp_gain":0,"max_hp_loss":0,"event_name":"conspire:Investor","floor":3,"gold_loss":0},{"damage_healed":0,"gold_gain":0,"player_choice":"Agree","damage_taken":0,"max_hp_gain":0,"max_hp_loss":0,"event_name":"conspire:LoneGhost","floor":4,"gold_loss":0},{"damage_healed":0,"gold_gain":0,"player_choice":"Grow","damage_taken":0,"max_hp_gain":0,"max_hp_loss":0,"event_name":"Living Wall","floor":12,"gold_loss":0,"cards_upgraded":["Eruption"]},{"damage_healed":0,"gold_gain":0,"player_choice":"Bought 2 Potions","damage_taken":0,"max_hp_gain":0,"max_hp_loss":0,"event_name":"The Woman in Blue","floor":20,"gold_loss":0},{"damage_healed":0,"gold_gain":0,"player_choice":"Gave Idol","damage_taken":0,"relics_obtained":["Bloody Idol"],"max_hp_gain":0,"max_hp_loss":0,"event_name":"Forgotten Altar","floor":22,"relics_lost":["Golden Idol"],"gold_loss":0}],"is_beta":false,"boss_relics":[{"not_picked":["Snecko Eye","ChewingGum"],"picked":"conspire:RoyalGoblet"}],"items_purged_floors":[19],"is_endless":false,"potions_floor_spawned":[8,10],"killed_by":"Slavers","ascension_level":1}}