{"host":"bplbr8uekuotory4","time":1610867360,"event":{"mods":["Act Like it!","BaseMod","Custom Start","Gensokyo","GungeonMod","Hermit","KinomotoSakuraMod(木之本樱)","Koishi","Marisa（F雨　魔理沙）","Minty Spire (QoL Compilation)","Prisma Mod","Quick Restart","Reimu（博丽灵梦）","SOS（斯巴达之子）","Spicy Shops","StSLib","TestMod","The Alterego","The Blackbeard","The Cursed","The Marked","The Mystic","The Runesmith","The Saiyan","The Servant 0.9.4","Yuri Mod","[IsaacMod]以撒尖塔","vexMod"],"gold_per_floor":[112,157,157,82,32,56,66,66,66],"floor_reached":8,"language":"ZHS","playtime":79,"items_purged":["alterego_mod:Impale"],"score":87,"play_id":"f3f19870-7e98-4637-a407-3c506836cc6b","local_time":"20210117150920","is_ascension_mode":true,"campfire_choices":[],"circlet_count":0,"master_deck":["alterego_mod:Strike","alterego_mod:Strike","alterego_mod:Strike","alterego_mod:Strike+1","alterego_mod:Defend","alterego_mod:Defend","alterego_mod:Defend+1","alterego_mod:BigMeatyClaws","alterego_mod:BrynhildrsRune","alterego_mod:Support"],"relics":["alterego_mod:MasochisticConstitution","testmod-TestBox","HushsDoor","GuppysPaw","testmod-Charity","NeowsBlessing","DemoMod:GlassGuonStoneRelic","Boot"],"acts_visited":["Exordium"],"potions_floor_usage":[],"damage_taken":[{"damage":0.0,"enemies":"2 Louse","floor":1.0,"turns":1.0},{"damage":0.0,"enemies":"Gremlin Nob","floor":6.0,"turns":1.0},{"damage":0.0,"enemies":"Cultist","floor":7.0,"turns":1.0},{"damage":0,"enemies":"Lagavulin","floor":8,"turns":2}],"seed_played":"-4513724949914137169","potions_obtained":[{"floor":1.0,"key":"BlessingOfTheForge"}],"is_trial":false,"path_per_floor":["M","?","?","$","?","E","M","E"],"character_chosen":"The_Alterego","items_purchased":[],"campfire_rested":0,"item_purchase_floors":[],"current_hp_per_floor":[71,57,43,43,43,44,45,45,45],"gold":66,"neow_bonus":"THREE_ENEMY_KILL","is_daily":false,"chose_seed":false,"campfire_upgraded":0,"win_rate":0.0,"timestamp":1610867360,"path_taken":["M","?","?","?","?","E","?","E"],"items_purchased_type":[],"build_version":"2020-12-22","purchased_purges":1,"victory":false,"max_hp_per_floor":[71,72,72,72,72,73,74,74,74],"card_choices":[{"not_picked":["alterego_mod:GoddessCore","alterego_mod:MaintainEyeContact"],"picked":"alterego_mod:Support","floor":1.0},{"not_picked":["alterego_mod:Cooking","alterego_mod:Undulate","alterego_mod:Skirt"],"picked":"SKIP","floor":6.0},{"not_picked":["alterego_mod:Cycle","alterego_mod:IndependentAction","alterego_mod:BustOut"],"picked":"SKIP","floor":7.0}],"player_experience":1217688,"relics_obtained":[{"floor":6.0,"key":"Boot"}],"event_choices":[{"damage_healed":0.0,"max_hp_gain":0.0,"max_hp_loss":0.0,"gold_gain":0.0,"event_name":"Shining Light","player_choice":"Entered Light","floor":3.0,"gold_loss":0.0,"damage_taken":14.0,"cards_upgraded":["alterego_mod:Strike","alterego_mod:Defend"]},{"cards_removed":["alterego_mod:Defend"],"damage_healed":0.0,"max_hp_gain":0.0,"max_hp_loss":0.0,"gold_gain":0.0,"event_name":"The Cleric","player_choice":"Card Removal","floor":5.0,"gold_loss":50.0,"damage_taken":0.0}],"is_beta":false,"boss_relics":[],"items_purged_floors":[4],"is_endless":false,"potions_floor_spawned":[1],"killed_by":"Lagavulin","ascension_level":2}}