{"host":"r53pw7z744tg3fxg","time":1610926126,"event":{"mods":["AchievementEnabler","BaseMod","Colored Map","Colored Powertips","Highlight Path","Minty Spire (QoL Compilation)","Quick Restart","Transform Curses"],"gold_per_floor":[118,138,138,157,6,35,52,83,109,109,25,25,25,57,57,152,152,168,168,168,188,205,205,205,223,223,223,240,256,256,104,104,201,201,211,60,60,73,73,73,102,122,122,122,132,132,132,132,132,132,132],"floor_reached":50,"language":"ENG","playtime":1937,"items_purged":[],"score":684,"play_id":"42f5f807-243b-4268-898c-2ec285d11ca3","local_time":"20210117162846","is_ascension_mode":true,"campfire_choices":[{"floor":10.0,"key":"REST"},{"data":"Caltrops","floor":12.0,"key":"SMITH"},{"data":"Catalyst","floor":13.0,"key":"SMITH"},{"data":"Poisoned Stab","floor":15,"key":"SMITH"},{"floor":23,"key":"REST"},{"floor":24,"key":"REST"},{"floor":27,"key":"REST"},{"floor":30,"key":"REST"},{"data":"Dash","floor":32,"key":"SMITH"},{"floor":40,"key":"REST"},{"floor":44,"key":"REST"},{"data":"Catalyst","floor":47,"key":"SMITH"},{"data":"Cloak And Dagger","floor":49,"key":"SMITH"}],"circlet_count":0,"master_deck":["Strike_G","Strike_G","Strike_G","Strike_G","Strike_G","Defend_G","Defend_G","Defend_G","Defend_G","Defend_G","Survivor","Neutralize","Accuracy","Caltrops+1","Dash+1","Dodge and Roll","Dramatic Entrance","Neutralize","Poisoned Stab+1","Cloak And Dagger+1","Catalyst+1","Bane","Bandage Up","Deadly Poison","Deflect+1","Purity","Flash of Steel","Setup+1","Crippling Poison+1","Backflip","Flechettes","Finisher+1","Corpse Explosion","Catalyst+1","Expertise+1","Blur+1"],"relics":["Ring of the Snake","Centennial Puzzle","Sling","WingedGreaves","Potion Belt","Tiny Chest","Nunchaku","SlaversCollar","MutagenicStrength","Pear","ClockworkSouvenir","Sozu","Medical Kit","TungstenRod","Ginger","Eternal Feather","Bag of Marbles"],"acts_visited":["Exordium","TheCity","TheBeyond"],"potions_floor_usage":[22,29,33,50,50],"damage_taken":[{"damage":0.0,"enemies":"2 Louse","floor":1.0,"turns":2.0},{"damage":2.0,"enemies":"Cultist","floor":2.0,"turns":4.0},{"damage":0.0,"enemies":"Small Slimes","floor":4.0,"turns":3.0},{"damage":1.0,"enemies":"3 Sentries","floor":6.0,"turns":6.0},{"damage":3.0,"enemies":"Exordium Thugs","floor":7.0,"turns":4.0},{"damage":12.0,"enemies":"Gremlin Nob","floor":8.0,"turns":4.0},{"damage":5.0,"enemies":"3 Sentries","floor":14.0,"turns":4.0},{"damage":41,"enemies":"Slime Boss","floor":16,"turns":8},{"damage":0,"enemies":"Chosen","floor":18,"turns":3},{"damage":15,"enemies":"2 Thieves","floor":21,"turns":5},{"damage":19,"enemies":"3 Cultists","floor":22,"turns":6},{"damage":21,"enemies":"Centurion and Healer","floor":25,"turns":5},{"damage":16,"enemies":"Shelled Parasite and Fungi","floor":28,"turns":6},{"damage":16,"enemies":"Snake Plant","floor":29,"turns":3},{"damage":64,"enemies":"Champ","floor":33,"turns":9},{"damage":26,"enemies":"3 Darklings","floor":35,"turns":5},{"damage":9,"enemies":"Orb Walker","floor":38,"turns":3},{"damage":35,"enemies":"Reptomancer","floor":41,"turns":5},{"damage":28,"enemies":"Spire Growth","floor":42,"turns":5},{"damage":0,"enemies":"4 Shapes","floor":45,"turns":3},{"damage":87,"enemies":"Awakened One","floor":50,"turns":11}],"seed_played":"7741730897105465532","potions_obtained":[{"floor":4.0,"key":"Fire Potion"},{"floor":8.0,"key":"Strength Potion"},{"floor":18,"key":"Block Potion"},{"floor":22,"key":"Weak Potion"},{"floor":25,"key":"DuplicationPotion"},{"floor":33,"key":"SkillPotion"}],"is_trial":false,"path_per_floor":["M","M","?","M","$","E","M","E","T","R","$","R","R","E","R","B",null,"M","?","?","M","M","R","R","M","T","R","M","M","R","$","R","B",null,"M","$","T","M","?","R","E","M","T","R","M","?","R","T","R","B"],"character_chosen":"THE_SILENT","items_purchased":["Sling","Bandage Up","ClockworkSouvenir","Medical Kit"],"campfire_rested":7,"item_purchase_floors":[5,11,31,36],"current_hp_per_floor":[63,61,61,61,61,60,57,45,45,66,66,66,66,65,65,28,60,64,64,39,28,13,34,55,38,48,72,60,48,72,72,72,12,63,41,41,41,36,36,60,29,5,5,50,50,50,71,71,80,0,0],"gold":132,"neow_bonus":"RANDOM_COMMON_RELIC","is_daily":false,"chose_seed":false,"campfire_upgraded":6,"win_rate":0.0,"timestamp":1610926126,"path_taken":["M","M","?","M","$","E","?","E","T","R","$","R","R","E","R","BOSS","M","?","?","M","?","R","R","M","T","R","M","M","R","$","R","BOSS","M","$","?","M","?","R","E","M","T","R","?","?","R","?","R","BOSS"],"items_purchased_type":["Relic","Card","Relic","Relic"],"build_version":"2020-12-22","purchased_purges":0,"victory":false,"max_hp_per_floor":[70,70,70,70,70,70,70,70,70,70,70,70,70,70,70,70,70,70,70,70,70,70,70,70,70,80,80,80,80,80,80,80,80,80,80,80,80,80,80,80,80,80,80,80,80,80,80,80,80,80,80],"card_choices":[{"not_picked":["Prepared","Expertise"],"picked":"Accuracy","floor":1.0},{"not_picked":["Blade Dance","Leg Sweep"],"picked":"Caltrops","floor":2.0},{"not_picked":["Slice","Quick Slash"],"picked":"Poisoned Stab","floor":4.0},{"not_picked":["Concentrate","Tactician"],"picked":"Cloak And Dagger","floor":6.0},{"not_picked":["Backflip","Deflect"],"picked":"Catalyst","floor":7.0},{"not_picked":["Flechettes","Tools of the Trade"],"picked":"Bane","floor":8.0},{"not_picked":["All Out Attack","Malaise"],"picked":"Deadly Poison","floor":14.0},{"not_picked":["Expertise","Accuracy"],"picked":"Deflect+1","floor":18},{"not_picked":["Deflect","Escape Plan"],"picked":"Setup+1","floor":21},{"not_picked":["Backflip","Dodge and Roll"],"picked":"Crippling Poison+1","floor":22},{"not_picked":["Cloak And Dagger+1","Bane"],"picked":"Backflip","floor":25},{"not_picked":["Unload","Cloak And Dagger"],"picked":"Flechettes","floor":28},{"not_picked":["Poisoned Stab","Dodge and Roll"],"picked":"Finisher+1","floor":29},{"not_picked":["Envenom","Die Die Die"],"picked":"Corpse Explosion","floor":33},{"not_picked":["Deadly Poison+1","PiercingWail"],"picked":"Catalyst","floor":35},{"not_picked":["Choke","Dodge and Roll","Prepared"],"picked":"SKIP","floor":38},{"not_picked":["Poisoned Stab","Dagger Throw","Deadly Poison"],"picked":"SKIP","floor":41},{"not_picked":["Deflect","Reflex+1"],"picked":"Expertise+1","floor":42},{"not_picked":["Sucker Punch+1","Outmaneuver"],"picked":"Blur+1","floor":45}],"player_experience":1295778,"relics_obtained":[{"floor":6.0,"key":"WingedGreaves"},{"floor":8.0,"key":"Potion Belt"},{"floor":9.0,"key":"Tiny Chest"},{"floor":14.0,"key":"Nunchaku"},{"floor":26,"key":"Pear"},{"floor":37,"key":"TungstenRod"},{"floor":41,"key":"Ginger"},{"floor":43,"key":"Eternal Feather"},{"floor":48,"key":"Bag of Marbles"}],"event_choices":[{"damage_healed":0.0,"max_hp_gain":0.0,"max_hp_loss":0.0,"gold_gain":0.0,"event_name":"Match and Keep!","player_choice":"4 cards matched","floor":3.0,"gold_loss":0.0,"damage_taken":0.0,"cards_obtained":["Dash","Dodge and Roll","Dramatic Entrance","Neutralize"]},{"damage_healed":0,"gold_gain":0,"player_choice":"Inject Mutagens","damage_taken":0,"relics_obtained":["MutagenicStrength"],"max_hp_gain":0,"max_hp_loss":0,"event_name":"Drug Dealer","floor":19,"gold_loss":0},{"damage_healed":0,"gold_gain":0,"player_choice":"CARD POTION CARD ","damage_taken":25,"max_hp_gain":0,"max_hp_loss":0,"event_name":"Knowing Skull","floor":20,"potions_obtained":["GhostInAJar"],"gold_loss":0,"cards_obtained":["Purity","Flash of Steel"]},{"damage_healed":0,"gold_gain":0,"player_choice":"Bought 0 Potions","damage_taken":0,"max_hp_gain":0,"max_hp_loss":0,"event_name":"The Woman in Blue","floor":39,"gold_loss":0},{"damage_healed":0,"gold_gain":0,"player_choice":"Got Potions","damage_taken":0,"max_hp_gain":0,"max_hp_loss":0,"event_name":"Lab","floor":46,"gold_loss":0}],"is_beta":false,"boss_relics":[{"not_picked":["Tiny House","Snecko Eye"],"picked":"SlaversCollar"},{"not_picked":["Fusion Hammer","Coffee Dripper"],"picked":"Sozu"}],"items_purged_floors":[],"is_endless":false,"potions_floor_spawned":[4,8,18,22,25,33,35,41],"killed_by":"Awakened One","ascension_level":7}}