{"host":"pfy6u49v5s5r680p","time":1610873866,"event":{"mods":["BaseMod","Colored Map","DeckTracker","Highlight Path","Keyboard Shortcuts","Minty Spire (QoL Compilation)","Permanent Neow","Quick Restart","StSLib","SuperFastMode","everything is the same but u backflip on backflip"],"gold_per_floor":[115,126,57,72,72,72,86,102,128,53,71,71,86,105,105,105,105],"floor_reached":16,"language":"KOR","playtime":445,"items_purged":["Strike_B"],"score":96,"play_id":"cff49658-db19-409f-a60b-4cad879b9915","local_time":"20210117175746","is_ascension_mode":false,"campfire_choices":[{"data":"Redo","floor":6,"key":"SMITH"},{"data":"Dualcast","floor":12,"key":"SMITH"},{"data":"Consume","floor":15,"key":"SMITH"}],"circlet_count":0,"master_deck":["Strike_B+1","Strike_B+1","Strike_B","Defend_B","Defend_B","Defend_B","Defend_B","Zap","Dualcast+1","Dramatic Entrance","Redo+1","Sweeping Beam","Consume+1","Melter","Coolheaded","BootSequence","Chill"],"relics":["Cracked Core","Whetstone"],"acts_visited":["Exordium"],"potions_floor_usage":[16,16,16],"damage_taken":[{"damage":0,"enemies":"2 Louse","floor":1,"turns":1},{"damage":0,"enemies":"Cultist","floor":2,"turns":2},{"damage":8,"enemies":"Jaw Worm","floor":4,"turns":3},{"damage":2,"enemies":"Blue Slaver","floor":7,"turns":2},{"damage":7,"enemies":"Large Slime","floor":8,"turns":5},{"damage":18,"enemies":"Exordium Thugs","floor":11,"turns":4},{"damage":0,"enemies":"Looter","floor":13,"turns":2},{"damage":0,"enemies":"Lots of Slimes","floor":14,"turns":2},{"damage":43,"enemies":"The Guardian","floor":16,"turns":14}],"seed_played":"3386522581650585300","potions_obtained":[{"floor":7,"key":"SpeedPotion"},{"floor":8,"key":"Fire Potion"},{"floor":11,"key":"ColorlessPotion"}],"is_trial":false,"path_per_floor":["M","M","$","M","$","R","M","M","T","$","M","R","M","M","R","B"],"character_chosen":"DEFECT","items_purchased":["Consume"],"campfire_rested":0,"item_purchase_floors":[3],"current_hp_per_floor":[75,75,75,67,67,67,65,58,58,58,40,40,40,40,40,0,0],"gold":105,"neow_bonus":"RANDOM_COLORLESS","is_daily":false,"chose_seed":false,"campfire_upgraded":3,"win_rate":0.0,"timestamp":1610873866,"path_taken":["M","M","$","M","$","R","M","M","T","$","M","R","M","M","R","BOSS"],"items_purchased_type":["Card"],"build_version":"2020-12-22","purchased_purges":1,"victory":false,"max_hp_per_floor":[75,75,75,75,75,75,75,75,75,75,75,75,75,75,75,75,75],"card_choices":[{"not_picked":["Forethought","PanicButton"],"picked":"Dramatic Entrance","floor":0},{"not_picked":["Reinforced Body","Hologram"],"picked":"Redo","floor":1},{"not_picked":["Heatsinks","Lockon"],"picked":"Sweeping Beam","floor":2},{"not_picked":["Streamline","Reprogram"],"picked":"Melter","floor":4},{"not_picked":["Darkness","Beam Cell"],"picked":"Coolheaded","floor":7},{"not_picked":["Chaos","Coolheaded"],"picked":"BootSequence","floor":8},{"not_picked":["Reinforced Body","Cold Snap","Leap"],"picked":"SKIP","floor":11},{"not_picked":["Reinforced Body","Ball Lightning"],"picked":"Chill","floor":13},{"not_picked":["Rip and Tear","Compile Driver","Ball Lightning"],"picked":"SKIP","floor":14}],"player_experience":149636,"relics_obtained":[{"floor":9,"key":"Whetstone"}],"event_choices":[],"is_beta":false,"boss_relics":[],"items_purged_floors":[10],"is_endless":false,"potions_floor_spawned":[7,8,11,13],"killed_by":"The Guardian","ascension_level":0}}