{"host":"KYO","time":1610853718,"event":{"mods":["ATMod(°¢èªMod)","BaseMod","Minty Spire (QoL Compilation)","Shop Mod","StSLib","SuperFastMode","[IsaacMod]ÒÔÈö¼âËþ","¡¾ÒÅÎï¿¨ÅÆ¡¿REMEMod"],"gold_per_floor":[112,112,37,37,37,66,77,145,225,235,255,255,271,328,328,335,335],"floor_reached":16,"language":"ZHS","playtime":404,"items_purged":["Regret"],"score":270,"play_id":"a11b8f10-41f4-4e9d-aee7-9ff62509a3dd","local_time":"20210117112158","is_ascension_mode":true,"campfire_choices":[{"data":"AT_ThreeBodyProblem","floor":12.0,"key":"SMITH"},{"data":"Dualcast","floor":15.0,"key":"SMITH"}],"circlet_count":0,"master_deck":["AscendersBane","Strike_B","Strike_B","Strike_B","Strike_B","Defend_B","Defend_B","Defend_B","Defend_B","Zap","Dualcast+1","AT_ThreeBodyProblem+1","REME_EyeOfCthun","Glacier","Conserve Battery","Storm","Blizzard","Self Repair"],"relics":["Cracked Core","HushsDoor","AT_ATBox","REME_ComplimentaryCards","SalivaCoin","NeowsBlessing","AT_ChloranthyRing","Cables","Lantern","Mummified Hand"],"acts_visited":["Exordium"],"potions_floor_usage":[16],"damage_taken":[{"damage":0.0,"enemies":"2 Louse","floor":1.0,"turns":1.0},{"damage":0.0,"enemies":"Gremlin Nob","floor":6.0,"turns":1.0},{"damage":0.0,"enemies":"Jaw Worm","floor":7.0,"turns":1.0},{"damage":26.0,"enemies":"Lagavulin","floor":8.0,"turns":13.0},{"damage":0.0,"enemies":"Small Slimes","floor":10.0,"turns":2.0},{"damage":13.0,"enemies":"Blue Slaver","floor":11.0,"turns":4.0},{"damage":0.0,"enemies":"Looter","floor":13.0,"turns":2.0},{"damage":27,"enemies":"Slime Boss","floor":16,"turns":3}],"seed_played":"-4776146584325534041","potions_obtained":[{"floor":6.0,"key":"Energy Potion"},{"floor":11.0,"key":"SkillPotion"}],"is_trial":false,"path_per_floor":["M","?","$","?","T","E","M","E","T","M","M","R","M","?","R","B"],"character_chosen":"DEFECT","items_purchased":[],"campfire_rested":0,"item_purchase_floors":[],"current_hp_per_floor":[64,64,64,64,64,64,64,38,38,38,25,25,32,25,25,0,0],"gold":335,"neow_bonus":"THREE_ENEMY_KILL","is_daily":false,"chose_seed":false,"campfire_upgraded":2,"win_rate":0.0,"timestamp":1610853718,"path_taken":["M","?","$","?","?","E","M","E","T","M","M","R","M","?","R","BOSS"],"items_purchased_type":[],"build_version":"2020-12-18","purchased_purges":1,"victory":false,"max_hp_per_floor":[71,71,71,71,71,71,71,71,71,71,71,71,71,71,71,71,71],"card_choices":[{"not_picked":["Gash","Hologram","Streamline"],"picked":"SKIP","floor":1.0},{"not_picked":["Beam Cell","Thunder Strike"],"picked":"Glacier","floor":6.0},{"not_picked":["Ball Lightning","Steam"],"picked":"Conserve Battery","floor":7.0},{"not_picked":["Cancel","Doom and Gloom"],"picked":"Storm","floor":8.0},{"not_picked":["Consume","Leap"],"picked":"Blizzard","floor":10.0},{"not_picked":["AT_HeatAcrobatics","Sweeping Beam"],"picked":"Self Repair","floor":11.0},{"not_picked":["Rebound","Cold Snap","Stack"],"picked":"SKIP","floor":13.0}],"player_experience":610028,"relics_obtained":[{"floor":5.0,"key":"Cables"},{"floor":6.0,"key":"Lantern"},{"floor":8.0,"key":"Mummified Hand"}],"event_choices":[{"damage_healed":0.0,"max_hp_gain":0.0,"max_hp_loss":0.0,"gold_gain":0.0,"event_name":"Big Fish","player_choice":"Box","floor":2.0,"gold_loss":0.0,"damage_taken":0.0,"relics_obtained":["AT_ChloranthyRing"],"cards_obtained":["Regret"]},{"damage_healed":0.0,"max_hp_gain":0.0,"max_hp_loss":0.0,"gold_gain":0.0,"event_name":"Liars Game","player_choice":"Ignored","floor":4.0,"gold_loss":0.0,"damage_taken":0.0},{"damage_healed":0.0,"max_hp_gain":0.0,"max_hp_loss":0.0,"gold_gain":50.0,"event_name":"FaceTrader","player_choice":"Touch","floor":14.0,"gold_loss":0.0,"damage_taken":7.0}],"is_beta":true,"boss_relics":[],"items_purged_floors":[3],"is_endless":false,"potions_floor_spawned":[6,11],"killed_by":"Slime Boss","ascension_level":20}}