{"host":"7qoz5gmva6til3yp","time":1610875207,"event":{"mods":["AchievementEnabler","BaseMod","Minty Spire (QoL Compilation)","Replay The Spire","StSLib","SuperFastMode"],"gold_per_floor":[117,117,117,132,57,85,95,43,97,109,109,140,199,233,233,311,311,331,363,379,379,190,219,219,245,245,245,245,258,258,290,290,366,366,384,457,477,489,502,530,530,565,635,662,884,903,919,934,934,934,934,934,247,279,279],"floor_reached":56,"language":"KOR","playtime":5251,"items_purged":["Defend_R","Spot Weakness","Strike_R+1"],"score":2010,"play_id":"9eebe131-a60e-4bdb-a5d6-c60acfeb232c","local_time":"20210117182007","is_ascension_mode":true,"campfire_choices":[{"data":"Entrench","floor":11.0,"key":"SMITH"},{"data":"Heavy Blade","floor":15.0,"key":"SMITH"},{"data":"Barricade","floor":24.0,"key":"SMITH"},{"data":"Seeing Red","floor":32.0,"key":"SMITH"},{"data":"Dark Embrace","floor":41.0,"key":"SMITH"},{"data":"Offering","floor":52,"key":"SMITH"}],"circlet_count":0,"master_deck":["AscendersBane","Defend_R","Defend_R","Defend_R","Survivor","Neutralize","Seeing Red+1","Entrench+1","Flame Barrier+1","Barricade+1","Power Through","Body Slam+1","Impervious","Impervious","Dark Embrace+1","Body Slam+1","Offering+1","Impervious","Feel No Pain"],"relics":["Burning Blood","NeowsBlessing","Blue Doll","Omamori","Tiny Chest","Mango","Bag of Marbles","Empty Cage","Red Mask","Lantern","Pet Ghost","Chameleon Ring","Whetstone","Peace Pipe","Art of War","ReplayTheSpireMod:DimensionalGlitch","Quantum Egg","White Beast Statue","Pantograph","Bottled Flame","Dream Catcher","Replay:Towering Pillar of Hats","Toy Ornithopter","Onion Ring"],"acts_visited":["Exordium","TheCity","TheBeyond","TheEnding"],"potions_floor_usage":[50],"damage_taken":[{"damage":0.0,"enemies":"2 Louse","floor":1.0,"turns":1.0},{"damage":0.0,"enemies":"Jaw Worm","floor":4.0,"turns":1.0},{"damage":0.0,"enemies":"Lagavulin","floor":6.0,"turns":1.0},{"damage":3.0,"enemies":"Small Slimes","floor":7.0,"turns":4.0},{"damage":1.0,"enemies":"Looter","floor":10.0,"turns":5.0},{"damage":57.0,"enemies":"3 Sentries","floor":12.0,"turns":14.0},{"damage":69.0,"enemies":"3 Sentries","floor":13.0,"turns":13.0},{"damage":61.0,"enemies":"Lagavulin","floor":14.0,"turns":11.0},{"damage":23.0,"enemies":"Hexaghost","floor":16.0,"turns":11.0},{"damage":22.0,"enemies":"Spheric Guardian","floor":18.0,"turns":7.0},{"damage":0.0,"enemies":"Masked Bandits","floor":19.0,"turns":1.0},{"damage":0.0,"enemies":"2 Thieves","floor":20.0,"turns":1.0},{"damage":40.0,"enemies":"Gremlin Leader","floor":23.0,"turns":9.0},{"damage":34.0,"enemies":"Book of Stabbing","floor":25.0,"turns":8.0},{"damage":0.0,"enemies":"Snake Plant","floor":29.0,"turns":3.0},{"damage":28.0,"enemies":"Gremlin Leader","floor":31.0,"turns":7.0},{"damage":22.0,"enemies":"Automaton","floor":33.0,"turns":8.0},{"damage":9.0,"enemies":"3 Shapes","floor":35.0,"turns":5.0},{"damage":38.0,"enemies":"3 Darklings","floor":37.0,"turns":5.0},{"damage":9.0,"enemies":"Sphere and 2 Shapes","floor":38.0,"turns":3.0},{"damage":0.0,"enemies":"4 Shapes","floor":39.0,"turns":10.0},{"damage":98.0,"enemies":"Reptomancer","floor":40.0,"turns":15.0},{"damage":9.0,"enemies":"R_Hoarder","floor":42.0,"turns":6.0},{"damage":9.0,"enemies":"Giant Head","floor":44.0,"turns":8.0},{"damage":9.0,"enemies":"Maw","floor":46.0,"turns":4.0},{"damage":9.0,"enemies":"Jaw Worm Horde","floor":47.0,"turns":5.0},{"damage":9.0,"enemies":"Sphere and 2 Shapes","floor":48.0,"turns":4.0},{"damage":0,"enemies":"Replay:Hell Engine","floor":50,"turns":7},{"damage":9,"enemies":"Shield and Spear","floor":54,"turns":6},{"damage":84,"enemies":"The Heart","floor":55,"turns":9}],"seed_played":"6610273575314836783","potions_obtained":[{"floor":4.0,"key":"Explosive Potion"},{"floor":13.0,"key":"Dexterity Potion"},{"floor":14.0,"key":"AttackPotion"},{"floor":25.0,"key":"Block Potion"},{"floor":31.0,"key":"Block Potion"},{"floor":33.0,"key":"BloodPotion"},{"floor":37.0,"key":"SneckoOil"},{"floor":38.0,"key":"Regen Potion"},{"floor":42.0,"key":"Fire Potion"},{"floor":44.0,"key":"Explosive Potion"},{"floor":47.0,"key":"LifebloodPotion"}],"is_trial":false,"path_per_floor":["M","?","?","M","$","E","M","$","T","M","R","E","?","E","R","B",null,"M","?","M","?","$","E","R","E","T","T","?","M","?","E","R","B",null,"M","T","M","M","M","E","R","E","T","E","?","M","M","M","R","B",null,"R","$","E","B",null],"character_chosen":"IRONCLAD","items_purchased":["Flame Barrier+1","Impervious","Lantern","Replay:Towering Pillar of Hats","Toy Ornithopter","FearPotion"],"campfire_rested":0,"item_purchase_floors":[8,22,22,53,53,53],"current_hp_per_floor":[74,74,74,75,75,75,75,75,75,75,75,24,25,20,20,53,80,64,70,76,76,76,42,42,14,14,14,14,20,20,48,48,32,75,69,69,34,28,31,51,51,45,45,39,39,33,27,21,6,89,89,89,89,83,8],"gold":279,"neow_bonus":"THREE_ENEMY_KILL","is_daily":false,"chose_seed":true,"campfire_upgraded":6,"win_rate":0.0,"timestamp":1610875207,"path_taken":["M","?","?","M","$","E","M","$","T","M","R","E","?","E","R","BOSS","M","?","M","?","$","E","R","E","T","?","?","?","?","E","R","BOSS","M","?","M","M","?","E","R","E","T","E","?","M","M","M","R","BOSS","R","$","E","BOSS"],"items_purchased_type":["Card","Card","Relic","Relic","Relic","Potion"],"build_version":"2020-12-22","purchased_purges":3,"victory":true,"max_hp_per_floor":[75,75,75,75,75,75,75,75,75,75,75,75,89,89,89,89,89,89,89,89,89,89,89,89,89,89,89,89,89,89,89,89,89,89,89,89,89,89,89,89,89,89,89,89,89,89,89,89,89,89,89,89,89,89,89],"card_choices":[{"not_picked":["Replay:Undeath\u0027s Touch","Sentinel","Sword Boomerang"],"picked":"SKIP","floor":1.0},{"not_picked":["ReplayTheSpireMod:Stacked","Shrug It Off"],"picked":"Seeing Red","floor":4.0},{"not_picked":["Massacre","Heavy Blade"],"picked":"Spot Weakness","floor":6.0},{"not_picked":["Cleave","Replay:Undeath\u0027s Touch"],"picked":"Entrench","floor":7.0},{"not_picked":["True Grit","ReplayTheSpireMod:Strike From Hell","Life Link"],"picked":"SKIP","floor":10.0},{"not_picked":["Pommel Strike","Run Through","Dark Embrace"],"picked":"SKIP","floor":12.0},{"not_picked":["Replay:Undeath\u0027s Touch","Warcry"],"picked":"Heavy Blade","floor":13.0},{"not_picked":["Demon Form","Flex","Clothesline"],"picked":"SKIP","floor":14.0},{"not_picked":["Reaper","Eclipse"],"picked":"Barricade","floor":16.0},{"not_picked":["Pommel Strike+1","Warcry"],"picked":"Power Through","floor":18.0},{"not_picked":["Clash","ReplayTheSpireMod:Corrosion Curse"],"picked":"Body Slam+1","floor":20.0},{"not_picked":["Warcry","Uppercut"],"picked":"Dark Embrace","floor":23.0},{"not_picked":["ReplayTheSpireMod:Stacked","Carnage"],"picked":"Body Slam","floor":25.0},{"not_picked":["Replay:Undeath\u0027s Touch","Twin Strike","Wild Strike"],"picked":"SKIP","floor":29.0},{"not_picked":["Cleave","Perfected Strike","Hemokinesis+1"],"picked":"SKIP","floor":31.0},{"not_picked":["Demon Form","Double Tap"],"picked":"Offering","floor":33.0},{"not_picked":["Rage","Reckless Charge","Sword Boomerang"],"picked":"SKIP","floor":35.0},{"not_picked":["ReplayTheSpireMod:Muscle Training+1","Clash","Intimidate"],"picked":"SKIP","floor":37.0},{"not_picked":["Bloodletting","Combust","ReplayTheSpireMod:Muscle Training"],"picked":"SKIP","floor":38.0},{"not_picked":["Clash","Headbutt+1","Iron Wave"],"picked":"SKIP","floor":39.0},{"not_picked":["Sword Boomerang","Anger"],"picked":"Impervious","floor":40.0},{"not_picked":["Perfected Strike+1","Pommel Strike","Anger"],"picked":"SKIP","floor":42.0},{"not_picked":["Dark Embrace","Heavy Blade","Entrench"],"picked":"SKIP","floor":44.0},{"not_picked":["Warcry","Run Through","ReplayTheSpireMod:Strike From Hell"],"picked":"SKIP","floor":46.0},{"not_picked":["Body Slam","Heavy Blade","Clash"],"picked":"SKIP","floor":47.0},{"not_picked":["Disarm","Headbutt","Replay:Undeath\u0027s Touch"],"picked":"SKIP","floor":48.0},{"not_picked":["Headbutt","Heavy Blade+1"],"picked":"Feel No Pain","floor":54}],"player_experience":371217,"relics_obtained":[{"floor":6.0,"key":"Blue Doll"},{"floor":9.0,"key":"Omamori"},{"floor":12.0,"key":"Tiny Chest"},{"floor":14.0,"key":"Bag of Marbles"},{"floor":19.0,"key":"Red Mask"},{"floor":23.0,"key":"Pet Ghost"},{"floor":25.0,"key":"Chameleon Ring"},{"floor":26.0,"key":"Whetstone"},{"floor":27.0,"key":"Peace Pipe"},{"floor":31.0,"key":"Art of War"},{"floor":36.0,"key":"Quantum Egg"},{"floor":40.0,"key":"White Beast Statue"},{"floor":42.0,"key":"Pantograph"},{"floor":43.0,"key":"Bottled Flame"},{"floor":44.0,"key":"Dream Catcher"},{"floor":54,"key":"Onion Ring"}],"event_choices":[{"cards_removed":["Strike_R"],"damage_healed":0.0,"max_hp_gain":0.0,"max_hp_loss":0.0,"gold_gain":0.0,"event_name":"Living Wall","player_choice":"Forget","floor":3.0,"gold_loss":0.0,"damage_taken":0.0},{"damage_healed":0.0,"max_hp_gain":0.0,"max_hp_loss":0.0,"gold_gain":0.0,"event_name":"Dead Adventurer","player_choice":"Searched \u00272\u0027 times","floor":13.0,"gold_loss":0.0,"damage_taken":0.0,"relics_obtained":["Mango"]},{"damage_healed":0.0,"max_hp_gain":0.0,"max_hp_loss":0.0,"gold_gain":0.0,"event_name":"Masked Bandits","player_choice":"Fought Bandits","floor":19.0,"gold_loss":0.0,"damage_taken":0.0},{"cards_removed":["Heavy Blade"],"damage_healed":0.0,"max_hp_gain":0.0,"max_hp_loss":0.0,"gold_gain":0.0,"event_name":"Purifier","player_choice":"Purged","floor":21.0,"gold_loss":0.0,"damage_taken":0.0},{"cards_removed":["Strike_R"],"damage_healed":0.0,"max_hp_gain":0.0,"max_hp_loss":0.0,"gold_gain":0.0,"event_name":"Purifier","player_choice":"Purged","floor":28.0,"gold_loss":0.0,"damage_taken":0.0},{"damage_healed":0.0,"max_hp_gain":0.0,"max_hp_loss":0.0,"gold_gain":222.0,"event_name":"Tomb of Lord Red Mask","player_choice":"Wore Mask","floor":45.0,"gold_loss":0.0,"damage_taken":0.0},{"damage_healed":0.0,"max_hp_gain":0.0,"max_hp_loss":0.0,"gold_gain":0.0,"event_name":"SensoryStone","player_choice":"Memory 3","floor":49.0,"gold_loss":0.0,"damage_taken":10.0}],"is_beta":false,"boss_relics":[{"not_picked":["Replay:Drink Me","Snecko Eye"],"picked":"Empty Cage"},{"not_picked":["SacredBark","Replay:Bronze Core"],"picked":"ReplayTheSpireMod:DimensionalGlitch"}],"items_purged_floors":[5,22,53],"is_endless":false,"potions_floor_spawned":[4,13,14,25,31,33,37,38,42,44,46,47,48,54],"ascension_level":18}}