{"host":"nz11ypxva4e39b7q","time":1610881020,"event":{"mods":["BaseMod","Better Vampires","Colored Map","Downfall","Minty Spire (QoL Compilation)","StSLib"],"gold_per_floor":[117,130,144,156,167,192,202,230,255,273,301,301,331,349,349,454,454,473,473,486,486,496,531,531,531,531,531,631,659,659,677,677,780,780,791,342,342,362,412,444,444,444,444,444,459,492,492,502,502,502],"floor_reached":51,"language":"ENG","playtime":2576,"items_purged":["bronze:Strike"],"score":1015,"play_id":"00a1afe3-f481-4aa3-a8dc-8fa03f7e6878","local_time":"20210117115700","is_ascension_mode":true,"campfire_choices":[{"data":"bronze:FollowUp","floor":12.0,"key":"SMITH"},{"data":"bronze:Safeguard","floor":15.0,"key":"SMITH"},{"data":"bronze:GetLatest","floor":25.0,"key":"SMITH"},{"data":"bronze:Replicate","floor":27.0,"key":"SMITH"},{"data":"bronze:Format","floor":30.0,"key":"SMITH"},{"data":"bronze:OilSpill","floor":32.0,"key":"SMITH"},{"data":"bronze:DonuBeam","floor":41.0,"key":"SMITH"},{"data":"bronze:DecaBeam","floor":44.0,"key":"SMITH"},{"floor":47,"key":"REST"},{"data":"bronze:Goto","floor":49,"key":"SMITH"}],"circlet_count":0,"master_deck":["bronze:Defend","bronze:Defend","bronze:Defend","bronze:Defend","bronze:Replicate+1","bronze:Goto+1","bronze:Iterate","bronze:Safeguard+1","bronze:GetLatest+1","bronze:FollowUp+1","bronze:BronzeOrb","bronze:Refactor","bronze:Mutator","bronze:Iterate+1","bronze:DelayedGuard","bronze:DonuBeam+1","bronze:DecaBeam+1","bronze:Format+1","bronze:OilSpill+1","CurseOfTheBell","bronze:Turbo+1","Enlightenment+1","bronze:Terminator+1"],"relics":["Runic Pyramid","Pocketwatch","Art of War","Ancient Tea Set","Happy Flower","bronze:ProtectiveGoggles","Empty Cage","Regal Pillow","Pantograph","Calling Bell","Vajra","InkBottle","StoneCalendar","Toxic Egg 2","Dream Catcher","Turnip","hexamod:BolsterEngine","Bottled Flame","Prayer Wheel"],"acts_visited":["Exordium","TheCity","TheBeyond"],"potions_floor_usage":[],"damage_taken":[{"damage":1.0,"enemies":"Cultist","floor":1.0,"turns":3.0},{"damage":0.0,"enemies":"2 Louse","floor":2.0,"turns":3.0},{"damage":2.0,"enemies":"Jaw Worm","floor":3.0,"turns":4.0},{"damage":1.0,"enemies":"Blue Slaver","floor":4.0,"turns":3.0},{"damage":28.0,"enemies":"Gremlin Gang","floor":5.0,"turns":5.0},{"damage":5.0,"enemies":"Gremlin Nob","floor":6.0,"turns":4.0},{"damage":1.0,"enemies":"Looter","floor":7.0,"turns":4.0},{"damage":2.0,"enemies":"Lagavulin","floor":8.0,"turns":5.0},{"damage":5.0,"enemies":"Blue Slaver","floor":10.0,"turns":5.0},{"damage":0.0,"enemies":"Gremlin Nob","floor":11.0,"turns":4.0},{"damage":0.0,"enemies":"Lagavulin","floor":13.0,"turns":6.0},{"damage":0.0,"enemies":"2 Fungi Beasts","floor":14.0,"turns":3.0},{"damage":0.0,"enemies":"Slime Boss","floor":16.0,"turns":5.0},{"damage":0.0,"enemies":"Shell Parasite","floor":18.0,"turns":4.0},{"damage":0.0,"enemies":"3 Byrds","floor":20.0,"turns":4.0},{"damage":15.0,"enemies":"Shelled Parasite and Fungi","floor":22.0,"turns":3.0},{"damage":26.0,"enemies":"Slavers","floor":23.0,"turns":5.0},{"damage":11.0,"enemies":"Slavers","floor":28.0,"turns":7.0},{"damage":5.0,"enemies":"Book of Stabbing","floor":29.0,"turns":5.0},{"damage":16.0,"enemies":"Snake Plant","floor":31.0,"turns":5.0},{"damage":0.0,"enemies":"Champ","floor":33.0,"turns":9.0},{"damage":18.0,"enemies":"3 Darklings","floor":35.0,"turns":7.0},{"damage":4.0,"enemies":"Orb Walker","floor":38.0,"turns":2.0},{"damage":0.0,"enemies":"Mind Bloom Boss Battle","floor":39.0,"turns":3.0},{"damage":28.0,"enemies":"Giant Head","floor":40.0,"turns":8.0},{"damage":0,"enemies":"3 Darklings","floor":45,"turns":4},{"damage":32,"enemies":"Reptomancer","floor":46,"turns":6},{"damage":5,"enemies":"Jaw Worm Horde","floor":48,"turns":3},{"damage":25,"enemies":"Time Eater","floor":50,"turns":7}],"seed_played":"-6758133935652472975","potions_obtained":[{"floor":3.0,"key":"FairyPotion"},{"floor":4.0,"key":"sneckomod:MuddlingPotion"},{"floor":5.0,"key":"BlessingOfTheForge"},{"floor":6.0,"key":"Guardian:BlockOnCardUsePotion"},{"floor":16.0,"key":"sneckomod:MuddlingPotion"},{"floor":18.0,"key":"bronze:BurnAndBuffPotion"},{"floor":23.0,"key":"LiquidMemories"},{"floor":29.0,"key":"ColorlessPotion"},{"floor":33.0,"key":"bronze:FreeFunctionsPotion"},{"floor":38.0,"key":"Dexterity Potion"},{"floor":39.0,"key":"LiquidMemories"}],"is_trial":false,"path_per_floor":["M","M","M","M","M","E","M","E","T","M","E","R","E","M","R","B",null,"M","?","M","?","M","E","?","R","T","R","?","E","R","M","R","B",null,"M","$","?","M","?","E","R","?","T","R","M","E","R","M","R","B",null],"character_chosen":"THE_AUTOMATON","items_purchased":["Toxic Egg 2","bronze:Turbo+1","Enlightenment+1"],"campfire_rested":1,"item_purchase_floors":[36,36,36],"current_hp_per_floor":[69,69,67,66,38,33,32,30,30,25,25,25,25,25,25,25,70,70,70,70,70,55,29,52,52,52,52,41,36,36,20,20,45,70,52,52,52,48,70,42,42,42,42,42,42,10,46,41,41,41],"gold":502,"neow_bonus":"BOSS_RELIC","is_daily":false,"chose_seed":false,"campfire_upgraded":9,"win_rate":0.0,"timestamp":1610881020,"path_taken":["M","?","M","M","M","E","M","E","T","M","E","R","E","M","R","BOSS","M","?","M","?","?","E","?","R","T","R","?","E","R","M","R","BOSS","M","$","?","?","?","E","R","?","T","R","M","E","R","M","R","BOSS"],"items_purchased_type":["Relic","Card","Card"],"build_version":"2020-12-22","purchased_purges":1,"victory":true,"max_hp_per_floor":[70,70,70,70,70,70,70,70,70,70,70,70,70,70,70,70,70,70,70,70,70,70,70,70,70,70,70,70,70,70,70,70,70,70,70,70,70,70,70,70,70,70,70,70,70,70,70,70,70,70],"card_choices":[{"not_picked":["bronze:Overheat","bronze:WildBeam","bronze:CutThrough"],"picked":"SKIP","floor":1.0},{"not_picked":["bronze:DelayedSlice","bronze:Fortify"],"picked":"bronze:Iterate","floor":2.0},{"not_picked":["bronze:Deprecate","bronze:ChosenStrike"],"picked":"bronze:Safeguard","floor":3.0},{"not_picked":["bronze:Shield","bronze:CutThrough"],"picked":"bronze:GetLatest","floor":4.0},{"not_picked":["bronze:WildBeam","bronze:Deprecate"],"picked":"bronze:FollowUp","floor":5.0},{"not_picked":["bronze:Shield","bronze:DigitalCarnage","bronze:Allocate"],"picked":"SKIP","floor":6.0},{"not_picked":["bronze:DelayedGuard","bronze:CutThrough"],"picked":"bronze:BronzeOrb","floor":7.0},{"not_picked":["bronze:Shield","bronze:Optimize","bronze:OilSpill"],"picked":"SKIP","floor":8.0},{"not_picked":["bronze:Shield","bronze:Optimize","bronze:OilSpill"],"picked":"SKIP","floor":8.0},{"not_picked":["bronze:Repair","bronze:Turbo","bronze:SpaghettiCode"],"picked":"SKIP","floor":10.0},{"not_picked":["bronze:Deprecate","bronze:OilSpill","bronze:Constructor"],"picked":"SKIP","floor":11.0},{"not_picked":["bronze:CutThrough","bronze:Iterate"],"picked":"bronze:Refactor","floor":13.0},{"not_picked":["bronze:Safeguard","bronze:NullPointer","bronze:FollowUp"],"picked":"SKIP","floor":14.0},{"not_picked":["bronze:SpaghettiCode","bronze:HyperBeam"],"picked":"bronze:Mutator","floor":16.0},{"not_picked":["bronze:BugBarrage","bronze:WhirlingStrike"],"picked":"bronze:Iterate+1","floor":18.0},{"not_picked":["bronze:BuggyMess","bronze:Safeguard","bronze:Philosophize"],"picked":"SKIP","floor":20.0},{"not_picked":["bronze:BitShift","bronze:Turbo+1","bronze:DelayedSlice"],"picked":"SKIP","floor":22.0},{"not_picked":["bronze:Iterate+1","bronze:NullPointer+1"],"picked":"bronze:DelayedGuard","floor":23.0},{"not_picked":[],"picked":"bronze:DonuBeam","floor":28.0},{"not_picked":[],"picked":"bronze:DecaBeam","floor":28.0},{"not_picked":["bronze:Overheat+1","bronze:Constructor"],"picked":"bronze:Format","floor":28.0},{"not_picked":["bronze:BronzeOrb","bronze:ItsAFeature+1","bronze:BronzeArmor"],"picked":"SKIP","floor":29.0},{"not_picked":["bronze:DigitalCarnage","bronze:CutThrough"],"picked":"bronze:OilSpill","floor":31.0},{"not_picked":["bronze:Overload+1","bronze:ClassDefault+1","bronze:Optimize"],"picked":"SKIP","floor":35.0},{"not_picked":["bronze:Backtrace","bronze:Branch","bronze:CutThrough+1"],"picked":"SKIP","floor":38.0},{"not_picked":["bronze:BitShift+1","bronze:Safeguard+1","bronze:Backtrace"],"picked":"SKIP","floor":40.0},{"not_picked":["bronze:Separator","bronze:Repair+1","bronze:Overload+1"],"picked":"SKIP","floor":45},{"not_picked":["bronze:Fortify+1","bronze:ForceShield+1","bronze:Optimize"],"picked":"SKIP","floor":46},{"not_picked":["bronze:Fortify","bronze:FineTuning+1"],"picked":"bronze:Terminator+1","floor":47},{"not_picked":["bronze:RecursiveStrike","bronze:Separator+1","bronze:DarkDash"],"picked":"SKIP","floor":48},{"not_picked":["bronze:Invalidate+1","bronze:Separator+1","bronze:WildBeam"],"picked":"SKIP","floor":48}],"player_experience":1195044,"relics_obtained":[{"floor":6.0,"key":"Pocketwatch"},{"floor":8.0,"key":"Art of War"},{"floor":9.0,"key":"Ancient Tea Set"},{"floor":11.0,"key":"Happy Flower"},{"floor":13.0,"key":"bronze:ProtectiveGoggles"},{"floor":23.0,"key":"Regal Pillow"},{"floor":29.0,"key":"Pantograph"},{"floor":34.0,"key":"Vajra"},{"floor":34.0,"key":"InkBottle"},{"floor":34.0,"key":"StoneCalendar"},{"floor":39.0,"key":"Turnip"},{"floor":40.0,"key":"hexamod:BolsterEngine"},{"floor":43.0,"key":"Bottled Flame"},{"floor":46,"key":"Prayer Wheel"}],"event_choices":[{"cards_removed":["bronze:Strike"],"damage_healed":0.0,"max_hp_gain":0.0,"max_hp_loss":0.0,"gold_gain":0.0,"event_name":"Purifier","player_choice":"Purged","floor":21.0,"gold_loss":0.0,"damage_taken":0.0},{"damage_healed":23.0,"max_hp_gain":0.0,"max_hp_loss":0.0,"gold_gain":0.0,"event_name":"The Library","player_choice":"Heal","floor":24.0,"gold_loss":0.0,"damage_taken":0.0},{"damage_healed":0.0,"max_hp_gain":0.0,"max_hp_loss":0.0,"gold_gain":0.0,"event_name":"WeMeetAgain","player_choice":"Gave Potion","floor":37.0,"gold_loss":0.0,"damage_taken":0.0,"relics_obtained":["Dream Catcher"]},{"damage_healed":0.0,"max_hp_gain":0.0,"max_hp_loss":0.0,"gold_gain":0.0,"event_name":"MindBloom","player_choice":"Fight","floor":39.0,"gold_loss":0.0,"damage_taken":0.0},{"damage_healed":0.0,"max_hp_gain":0.0,"max_hp_loss":0.0,"gold_gain":0.0,"event_name":"Tomb of Lord Red Mask","player_choice":"Ignored","floor":42.0,"gold_loss":0.0,"damage_taken":0.0}],"is_beta":false,"boss_relics":[{"not_picked":["Runic Dome","Ectoplasm"],"picked":"Empty Cage"},{"not_picked":["Velvet Choker","bronze:MakeshiftBattery"],"picked":"Calling Bell"}],"items_purged_floors":[36],"is_endless":false,"potions_floor_spawned":[3,4,5,6,10,13,16,18,23,29,33,38,39,45,48],"ascension_level":2}}