{"host":"sum4dy402bbv9y4o","time":1610899707,"event":{"mods":["Aspiration","BaseMod","Conspire","Highlight Path","Minty Spire (QoL Compilation)","StSLib"],"gold_per_floor":[116,13,27,45,45,45,57,75,101,113,113,125,125,140,140,214,214,225,75,75,92,108,126,26,26,26,26,26,56,56,56],"floor_reached":30,"language":"ENG","playtime":987,"items_purged":["Injury","Defend_P"],"score":488,"play_id":"0879dbe7-7396-4ce9-8b7d-40df1bd95ff3","local_time":"20210117190827","is_ascension_mode":true,"campfire_choices":[{"data":"Eruption","floor":6,"key":"SMITH"},{"floor":11,"key":"REST"},{"data":"TalkToTheHand","floor":13,"key":"SMITH"},{"floor":15,"key":"REST"},{"data":"Adaptation","floor":25,"key":"SMITH"},{"floor":27,"key":"REST"}],"circlet_count":0,"master_deck":["AscendersBane","Strike_P","Strike_P","Defend_P","Defend_P","Eruption+1","Vigilance","Protect","EmptyBody","TalkToTheHand+1","FlurryOfBlows","Weave","Adaptation+1","Halt","SashWhip+1","EmptyFist+1","Nirvana","Tantrum+1","Brilliance+1","EmptyMind+1","Crescendo+1","ThirdEye","Conclude+1","Consecrate+1","BowlingBash+1","EmptyBody","ThirdEye"],"relics":["PureWater","Molten Egg 2","Akabeko","Astrolabe","conspire:BottledYoYo","Regal Pillow"],"acts_visited":["Exordium","TheCity"],"potions_floor_usage":[8,12,16,18,21,29,30],"damage_taken":[{"damage":1,"enemies":"conspire:RoseBush","floor":1,"turns":3},{"damage":0,"enemies":"Cultist","floor":3,"turns":2},{"damage":3,"enemies":"Jaw Worm","floor":4,"turns":5},{"damage":22,"enemies":"3 Louse","floor":7,"turns":6},{"damage":18,"enemies":"Large Slime","floor":8,"turns":4},{"damage":16,"enemies":"2 Fungi Beasts","floor":10,"turns":3},{"damage":2,"enemies":"Lots of Slimes","floor":12,"turns":3},{"damage":1,"enemies":"3 Louse","floor":14,"turns":4},{"damage":22,"enemies":"The Guardian","floor":16,"turns":11},{"damage":2,"enemies":"2 Thieves","floor":18,"turns":3},{"damage":7,"enemies":"3 Byrds","floor":21,"turns":3},{"damage":24,"enemies":"Snecko","floor":22,"turns":7},{"damage":0,"enemies":"Cultist and Chosen","floor":23,"turns":3},{"damage":21,"enemies":"Gremlin Leader","floor":29,"turns":5},{"damage":23,"enemies":"Snake Plant","floor":30,"turns":1}],"seed_played":"-7091183138224332893","potions_obtained":[{"floor":4,"key":"Dexterity Potion"},{"floor":7,"key":"ColorlessPotion"},{"floor":10,"key":"DuplicationPotion"},{"floor":12,"key":"Energy Potion"},{"floor":16,"key":"SkillPotion"},{"floor":18,"key":"Explosive Potion"},{"floor":22,"key":"SteroidPotion"}],"is_trial":false,"path_per_floor":["M","$","M","M","?","R","M","M","T","M","R","M","R","M","R","B",null,"M","$","?","M","M","M","$","R","T","R","?","E","M"],"character_chosen":"WATCHER","items_purchased":["TalkToTheHand","FlurryOfBlows","Conclude+1"],"campfire_rested":3,"item_purchase_floors":[2,2,19],"current_hp_per_floor":[60,60,60,57,57,57,35,17,17,1,21,19,19,18,38,16,55,53,53,47,40,16,16,16,16,16,36,36,15,0,0],"gold":56,"neow_bonus":"THREE_CARDS","is_daily":false,"chose_seed":false,"campfire_upgraded":3,"win_rate":0.0,"timestamp":1610899707,"path_taken":["M","$","M","M","?","R","M","M","T","M","R","M","R","M","R","BOSS","M","$","?","?","M","M","$","R","T","R","?","E","M"],"items_purchased_type":["Card","Card","Card"],"build_version":"2020-12-22","purchased_purges":2,"victory":false,"max_hp_per_floor":[68,68,68,68,68,68,68,68,68,68,68,68,68,68,68,68,68,68,68,68,68,68,68,68,68,68,68,68,68,68,68],"card_choices":[{"not_picked":["PathToVictory","ForeignInfluence"],"picked":"Protect","floor":0},{"not_picked":["Study","PathToVictory"],"picked":"EmptyBody","floor":1},{"not_picked":["JustLucky","Judgement"],"picked":"Weave","floor":3},{"not_picked":["FlyingSleeves","WaveOfTheHand"],"picked":"Adaptation","floor":4},{"not_picked":["Study","EmptyBody"],"picked":"Halt","floor":7},{"not_picked":["CrushJoints+1","ForeignInfluence"],"picked":"SashWhip+1","floor":8},{"not_picked":["Protect","MasterReality"],"picked":"EmptyFist+1","floor":10},{"not_picked":["Vengeance","Protect"],"picked":"Nirvana","floor":12},{"not_picked":["SignatureMove+1","ReachHeaven+1"],"picked":"Tantrum+1","floor":14},{"not_picked":["SashWhip+1","Evaluate"],"picked":"ThirdEye","floor":18},{"not_picked":["EmptyBody","WreathOfFlame"],"picked":"Consecrate+1","floor":21},{"not_picked":["Crescendo","ForeignInfluence"],"picked":"BowlingBash+1","floor":22},{"not_picked":["WreathOfFlame","SashWhip+1"],"picked":"EmptyBody","floor":23},{"not_picked":["MasterReality","Fasting2"],"picked":"ThirdEye","floor":29}],"player_experience":2945934,"relics_obtained":[{"floor":9,"key":"Akabeko"},{"floor":26,"key":"conspire:BottledYoYo"},{"floor":29,"key":"Regal Pillow"}],"event_choices":[{"damage_healed":0,"gold_gain":0,"player_choice":"","damage_taken":6,"max_hp_gain":0,"max_hp_loss":0,"event_name":"Knowing Skull","floor":20,"potions_obtained":[],"gold_loss":0,"cards_obtained":[]},{"damage_healed":0,"gold_gain":0,"player_choice":"Ignored","damage_taken":0,"max_hp_gain":0,"max_hp_loss":0,"event_name":"Vampires","floor":28,"gold_loss":0}],"is_beta":false,"boss_relics":[{"not_picked":["Tiny House","aspiration:PoetsPen"],"picked":"Astrolabe"}],"items_purged_floors":[19,24],"is_endless":false,"potions_floor_spawned":[4,7,10,12,16,18,22],"killed_by":"Snake Plant","ascension_level":20}}