{"host":"qk2y4749gcwu4ddj","time":1610888099,"event":{"mods":["Arknights The Spire","BaseMod","Hunter ¡‘»À","Minty Spire (QoL Compilation)","Replay The Spire","Spicy Shops","StSLib","The Cursed","The Runesmith","[GremlinLeader]The Maniac","°æ“≈ŒÔø®≈∆°øREMEMod"],"gold_per_floor":[110,214,139,155,170,170,170,181,205,221,235,260,272,285,285,386,386,398,412,429,444,141,141,169,187,240,240,251,251,251,28,28,127,127,146,159,179,179,179],"floor_reached":38,"language":"ZHS","playtime":4002,"items_purged":["TheCursedMod:Defend_TheCursed","TheCursedMod:Strike_TheCursed","TheCursedMod:Strike_TheCursed"],"score":429,"play_id":"f3296320-7702-40a8-b911-53625637c354","local_time":"20210117205459","is_ascension_mode":false,"campfire_choices":[{"data":"TheCursedMod:HellfireBreathing","floor":6.0,"key":"SMITH"},{"floor":15.0,"key":"DIG"},{"floor":23.0,"key":"REST"},{"floor":27.0,"key":"REST"},{"floor":32.0,"key":"REST"}],"circlet_count":0,"master_deck":["TheCursedMod:Strike_TheCursed","TheCursedMod:Strike_TheCursed","TheCursedMod:Defend_TheCursed","TheCursedMod:Defend_TheCursed","TheCursedMod:Defend_TheCursed","TheCursedMod:CursedWand","TheCursedMod:CleanUpWorkshop","TheCursedMod:Dregs","TheCursedMod:ParallelWorld+1","REME_ShadowStrike","TheCursedMod:SpitefulStrike","ReplayTheSpireMod:Splinters","TheCursedMod:HellfireBreathing+1","TheCursedMod:SpitefulStrike","TheCursedMod:CursedShiv","TheCursedMod:Obscuration","TheCursedMod:SurpriseAttack","TheCursedMod:Wield","TheCursedMod:SpitefulPray","TheCursedMod:CursedBlade","TheCursedMod:SmokeScreen","TheCursedMod:CursedSpellbook+1","TheCursedMod:TroublousMinions","TheCursedMod:SpitefulStrike","TheCursedMod:LuckyCharm","TheCursedMod:CursedStaff","TheCursedMod:RapidMovement","TheCursedMod:HellsGateOpen","CommonCold","Necronomicurse","TheCursedMod:WearCloak","TheCursedMod:ManaBullet","TheCursedMod:DemonSword","TheCursedMod:SpitefulStrike"],"relics":["TheCursedMod:BlackMagic101","REME_ComplimentaryCards","ReplayTheSpireMod:Ring of Challenge","Blood Vial","Boot","Happy Flower","Cursed Key","ClockworkSouvenir","Bottled Tornado","War Paint","Necronomicon","REME_LowDesire","Regal Pillow","Nunchaku"],"acts_visited":["Exordium","TheCity","TheBeyond"],"potions_floor_usage":[],"damage_taken":[{"damage":0.0,"enemies":"Cultist","floor":1.0,"turns":4.0},{"damage":0.0,"enemies":"2 Louse","floor":4.0,"turns":1.0},{"damage":0.0,"enemies":"Small Slimes","floor":5.0,"turns":3.0},{"damage":12.0,"enemies":"Looter","floor":8.0,"turns":2.0},{"damage":8.0,"enemies":"Exordium Wildlife","floor":10.0,"turns":5.0},{"damage":2.0,"enemies":"Large Slime","floor":11.0,"turns":3.0},{"damage":11.0,"enemies":"3 Sentries","floor":12.0,"turns":6.0},{"damage":1.0,"enemies":"3 Louse","floor":13.0,"turns":1.0},{"damage":0.0,"enemies":"Exordium Thugs","floor":14.0,"turns":4.0},{"damage":53.0,"enemies":"Fading Forest","floor":16.0,"turns":11.0},{"damage":2.0,"enemies":"3 Byrds","floor":18.0,"turns":4.0},{"damage":24.0,"enemies":"Chosen","floor":19.0,"turns":5.0},{"damage":16.0,"enemies":"Centurion and Healer","floor":20.0,"turns":6.0},{"damage":24.0,"enemies":"Snecko","floor":21.0,"turns":6.0},{"damage":13.0,"enemies":"Slavers","floor":24.0,"turns":6.0},{"damage":0.0,"enemies":"Sentry and Sphere","floor":25.0,"turns":4.0},{"damage":25.0,"enemies":"Centurion and Healer","floor":28.0,"turns":5.0},{"damage":21.0,"enemies":"Champ","floor":33.0,"turns":10.0},{"damage":9,"enemies":"Orb Walker","floor":35,"turns":3},{"damage":6,"enemies":"3 Shapes","floor":36,"turns":3},{"damage":42,"enemies":"Maw","floor":37,"turns":6},{"damage":51,"enemies":"2 Orb Walkers","floor":38,"turns":4}],"seed_played":"7309481248423338338","potions_obtained":[{"floor":5.0,"key":"LiquidMemories"},{"floor":10.0,"key":"Elixir"},{"floor":12.0,"key":"Languid Potion"},{"floor":37,"key":"FairyPotion"}],"is_trial":false,"path_per_floor":["M","?","$","M","M","R","?","M","T","M","M","E","M","M","R","B",null,"M","M","M","M","$","R","E","M","T","R","M","?","?","$","R","B",null,"M","M","M","?"],"character_chosen":"THE_CURSED","items_purchased":["ClockworkSouvenir","TheCursedMod:RapidMovement","TheCursedMod:WearCloak","TheCursedMod:ManaBullet"],"campfire_rested":3,"item_purchase_floors":[22,22,31,31],"current_hp_per_floor":[75,75,75,75,75,75,75,63,63,57,57,48,49,51,51,10,75,73,51,37,15,15,37,26,28,28,50,27,11,36,36,58,39,75,66,62,22,0,0],"gold":179,"neow_bonus":"ONE_RANDOM_RARE_CARD","is_daily":false,"chose_seed":false,"campfire_upgraded":1,"win_rate":0.0,"timestamp":1610888099,"path_taken":["M","?","?","M","M","R","?","M","T","M","M","E","M","M","R","BOSS","M","M","M","M","$","R","E","M","T","R","M","?","?","?","R","BOSS","M","M","M","?"],"items_purchased_type":["Relic","Card","Card","Card"],"build_version":"2020-12-22","purchased_purges":3,"victory":false,"max_hp_per_floor":[75,75,75,75,75,75,75,75,75,75,75,75,75,75,75,75,75,75,75,75,75,75,75,75,75,75,75,75,75,75,75,75,75,75,75,75,75,75,75],"card_choices":[{"not_picked":["TheCursedMod:Wield","TheCursedMod:ManaBullet"],"picked":"TheCursedMod:SpitefulStrike","floor":1.0},{"not_picked":["TheCursedMod:CircleOfBlood","TheCursedMod:Torture"],"picked":"TheCursedMod:HellfireBreathing","floor":2.0},{"not_picked":["TheCursedMod:SurpriseAttack","TheCursedMod:FleshFromBone"],"picked":"TheCursedMod:SpitefulStrike","floor":2.0},{"not_picked":["TheCursedMod:Stigma","TheCursedMod:Wield"],"picked":"TheCursedMod:CursedShiv","floor":2.0},{"not_picked":["TheCursedMod:VitalStrike","TheCursedMod:Evocation"],"picked":"TheCursedMod:Obscuration","floor":4.0},{"not_picked":["TheCursedMod:FleshFromBone","TheCursedMod:RavingStaff"],"picked":"TheCursedMod:SurpriseAttack","floor":5.0},{"not_picked":["TheCursedMod:Stigma","TheCursedMod:TacticalStrike","TheCursedMod:Mangle"],"picked":"SKIP","floor":8.0},{"not_picked":["TheCursedMod:TacticalStrike","TheCursedMod:Torture"],"picked":"TheCursedMod:Wield","floor":10.0},{"not_picked":["TheCursedMod:FuryStrike","TheCursedMod:Torture"],"picked":"TheCursedMod:SpitefulPray","floor":11.0},{"not_picked":["TheCursedMod:BloodBarrier","TheCursedMod:CursedSpellbook"],"picked":"TheCursedMod:CursedBlade","floor":12.0},{"not_picked":["TheCursedMod:CursedRelics","TheCursedMod:Wield"],"picked":"TheCursedMod:SmokeScreen","floor":13.0},{"not_picked":["TheCursedMod:Torture","TheCursedMod:CircleOfCorruption"],"picked":"TheCursedMod:CursedSpellbook","floor":14.0},{"not_picked":["TheCursedMod:Stretching+1","TheCursedMod:CircleOfCorruption"],"picked":"TheCursedMod:TroublousMinions","floor":18.0},{"not_picked":["TheCursedMod:CircleOfCorruption","TheCursedMod:SaltUponWound"],"picked":"TheCursedMod:SpitefulStrike","floor":19.0},{"not_picked":["TheCursedMod:Mangle+1","TheCursedMod:SurpriseAttack+1"],"picked":"TheCursedMod:LuckyCharm","floor":20.0},{"not_picked":["TheCursedMod:ReleasedKnowledge","TheCursedMod:VitalStrike"],"picked":"TheCursedMod:CursedStaff","floor":21.0},{"not_picked":["TheCursedMod:CursedMace","TheCursedMod:VitalStrike","TheCursedMod:HellfireBreathing"],"picked":"SKIP","floor":24.0},{"not_picked":["TheCursedMod:Mangle","TheCursedMod:Evocation"],"picked":"TheCursedMod:HellsGateOpen","floor":25.0},{"not_picked":["TheCursedMod:CircleOfCorruption","TheCursedMod:Stretching","TheCursedMod:Wield+1"],"picked":"SKIP","floor":28.0},{"not_picked":["TheCursedMod:ManaCirculation","TheCursedMod:ShockAndAwe"],"picked":"TheCursedMod:DemonSword","floor":33.0},{"not_picked":["TheCursedMod:CursedBoomerang+1","TheCursedMod:TacticalStrike+1","TheCursedMod:BloodBarrier+1","Forethought+1"],"picked":"SKIP","floor":35},{"not_picked":["TheCursedMod:Torture","TheCursedMod:EmpowerCircles","TheCursedMod:CursedShiv","REME_BuildACard"],"picked":"SKIP","floor":36},{"not_picked":["TheCursedMod:Grudge","TheCursedMod:VitalStrike","ReplayTheSpireMod:Private Reserves"],"picked":"TheCursedMod:SpitefulStrike","floor":37}],"player_experience":170400,"relics_obtained":[{"floor":7.0,"key":"ReplayTheSpireMod:Ring of Challenge"},{"floor":9.0,"key":"Blood Vial"},{"floor":12.0,"key":"Boot"},{"floor":15.0,"key":"Happy Flower"},{"floor":24.0,"key":"Bottled Tornado"},{"floor":26.0,"key":"War Paint"},{"floor":29.0,"key":"Necronomicon"},{"floor":34,"key":"Regal Pillow"},{"floor":34,"key":"Nunchaku"}],"event_choices":[{"damage_healed":0.0,"max_hp_gain":0.0,"max_hp_loss":0.0,"gold_gain":0.0,"event_name":"Cursed Tome","player_choice":"Obtained Book","floor":29.0,"gold_loss":0.0,"damage_taken":16.0},{"damage_healed":25.0,"max_hp_gain":0.0,"max_hp_loss":0.0,"gold_gain":0.0,"event_name":"The Library","player_choice":"Heal","floor":30.0,"gold_loss":0.0,"damage_taken":0.0},{"damage_healed":0,"gold_gain":0,"player_choice":"Fight","damage_taken":0,"max_hp_gain":0,"max_hp_loss":0,"event_name":"Mysterious Sphere","floor":38,"gold_loss":0}],"is_beta":false,"boss_relics":[{"not_picked":["Philosopher\u0027s Stone","Kintsugi"],"picked":"Cursed Key"},{"not_picked":["Sozu","REME_DuelDisc"],"picked":"REME_LowDesire"}],"items_purged_floors":[3,22,31],"is_endless":false,"potions_floor_spawned":[5,10,12,13,16,21,25,33,36,37],"killed_by":"2 Orb Walkers","ascension_level":0}}