{"host":"kh4wzxwh3q3yppxp","time":1610844951,"event":{"mods":["AchievementEnabler","BaseMod","Colored Map","DeckTracker","Minty Spire (QoL Compilation)","Quick Restart","StSLib"],"gold_per_floor":[110,71,81,41,61,61,88,10,10,10,10,10,10,10,10,114,114,125,125,144,164,184,215,215,215,215,225,258,258,288,299,299,395,445,462,387,398,43,56,56,67,82,82,82,95,95,113,32,32,32,32,32,32,59,59,59],"floor_reached":55,"language":"ENG","playtime":1850,"items_purged":["Normality","Clumsy"],"score":667,"play_id":"da35aea7-61a9-4386-afbe-5e77b90107a1","local_time":"20210117025551","is_ascension_mode":false,"campfire_choices":[{"data":"Self Repair","floor":6,"key":"SMITH"},{"data":"Storm","floor":11,"key":"SMITH"},{"data":"Self Repair","floor":13,"key":"SMITH"},{"data":"Loop","floor":15,"key":"SMITH"},{"data":"Redo","floor":24,"key":"SMITH"},{"floor":29,"key":"REST"},{"floor":32,"key":"REST"},{"data":"Buffer","floor":40,"key":"SMITH"},{"floor":46,"key":"RECALL"},{"data":"Reboot","floor":49,"key":"SMITH"},{"data":"Static Discharge","floor":52,"key":"SMITH"}],"circlet_count":0,"master_deck":["Strike_B","Strike_B+1","Strike_B","Strike_B","Defend_B","Defend_B","Defend_B","Defend_B","Zap","Dualcast","Capacitor","Self Repair+1","Self Repair+1","Loop+1","Storm+1","Electrodynamics","Static Discharge+1","Cold Snap+1","Redo+1","Doom and Gloom+1","Barrage+1","Capacitor+1","Reboot+1","Lockon+1","Buffer+1","Heatsinks+1","Force Field","Reboot+1","Stack+1","Good Instincts+1","Defragment+1"],"relics":["Cracked Core","NeowsBlessing","Letter Opener","DataDisk","Cursed Key","Centennial Puzzle","Molten Egg 2","Blue Candle","Bottled Tornado","Red Mask","Tiny House","Toxic Egg 2","Bag of Marbles","Strawberry"],"acts_visited":["Exordium","TheCity","TheBeyond","TheEnding"],"potions_floor_usage":[7,10,28,41,55],"damage_taken":[{"damage":0,"enemies":"2 Louse","floor":1,"turns":1},{"damage":0,"enemies":"Cultist","floor":3,"turns":1},{"damage":0,"enemies":"Small Slimes","floor":5,"turns":1},{"damage":26,"enemies":"Lagavulin","floor":7,"turns":7},{"damage":0,"enemies":"Gremlin Nob","floor":10,"turns":2},{"damage":26,"enemies":"The Guardian","floor":16,"turns":8},{"damage":24,"enemies":"Shell Parasite","floor":18,"turns":4},{"damage":5,"enemies":"3 Byrds","floor":20,"turns":2},{"damage":17,"enemies":"Centurion and Healer","floor":21,"turns":4},{"damage":19,"enemies":"Snecko","floor":22,"turns":4},{"damage":42,"enemies":"Gremlin Leader","floor":23,"turns":4},{"damage":22,"enemies":"Snake Plant","floor":27,"turns":3},{"damage":33,"enemies":"Book of Stabbing","floor":28,"turns":4},{"damage":0,"enemies":"Masked Bandits","floor":30,"turns":2},{"damage":18,"enemies":"3 Cultists","floor":31,"turns":3},{"damage":41,"enemies":"Automaton","floor":33,"turns":5},{"damage":6,"enemies":"3 Shapes","floor":35,"turns":2},{"damage":19,"enemies":"3 Darklings","floor":37,"turns":2},{"damage":12,"enemies":"Spire Growth","floor":39,"turns":4},{"damage":11,"enemies":"Transient","floor":41,"turns":5},{"damage":17,"enemies":"Jaw Worm Horde","floor":42,"turns":2},{"damage":5,"enemies":"4 Shapes","floor":45,"turns":2},{"damage":18,"enemies":"Writhing Mass","floor":47,"turns":5},{"damage":56,"enemies":"Time Eater","floor":50,"turns":9},{"damage":59,"enemies":"Shield and Spear","floor":54,"turns":5},{"damage":78,"enemies":"The Heart","floor":55,"turns":6}],"seed_played":"8191820133346280038","potions_obtained":[{"floor":4,"key":"EssenceOfDarkness"},{"floor":4,"key":"SmokeBomb"},{"floor":4,"key":"SteroidPotion"},{"floor":5,"key":"Fire Potion"},{"floor":7,"key":"AttackPotion"},{"floor":18,"key":"AttackPotion"},{"floor":19,"key":"SkillPotion"},{"floor":19,"key":"PowerPotion"},{"floor":28,"key":"Explosive Potion"},{"floor":33,"key":"PowerPotion"},{"floor":42,"key":"SpeedPotion"},{"floor":47,"key":"Ancient Potion"},{"floor":54,"key":"FairyPotion"}],"is_trial":false,"path_per_floor":["M","$","M","?","M","R","E","$","T","E","R","?","R","$","R","B",null,"M","?","M","M","M","E","R","T","T","M","E","R","?","M","R","B",null,"M","$","M","$","M","R","M","M","T","?","M","R","M","$","R","B",null,"R","$","E","B"],"character_chosen":"DEFECT","items_purchased":["Self Repair","Storm","Toxic Egg 2","Good Instincts+1"],"campfire_rested":2,"item_purchase_floors":[2,8,38,48],"current_hp_per_floor":[75,75,75,75,75,75,66,66,66,75,75,68,68,68,68,62,75,71,71,75,75,66,44,44,44,44,42,29,51,61,43,65,44,80,74,74,65,65,73,73,80,80,80,80,80,80,80,80,80,44,80,80,80,48,0,0],"gold":59,"neow_bonus":"THREE_ENEMY_KILL","is_daily":false,"chose_seed":false,"campfire_upgraded":8,"win_rate":0.0,"timestamp":1610844951,"path_taken":["M","$","M","?","?","R","E","?","T","E","R","?","R","$","R","BOSS","M","?","M","M","?","E","R","?","T","?","E","R","?","M","R","BOSS","M","$","M","$","M","R","M","M","T","?","?","R","M","?","R","BOSS","R","$","E","BOSS"],"items_purchased_type":["Card","Card","Relic","Card"],"build_version":"2020-12-22","purchased_purges":2,"victory":false,"max_hp_per_floor":[75,75,75,75,75,75,75,75,75,75,75,75,75,75,75,75,75,75,75,75,75,75,75,75,75,75,75,75,75,75,75,75,75,80,80,80,80,80,80,80,80,80,80,80,80,80,80,80,80,80,80,80,80,87,87,87],"card_choices":[{"not_picked":["Conserve Battery","Sweeping Beam"],"picked":"Capacitor","floor":1},{"not_picked":["Go for the Eyes","Consume","Skim"],"picked":"SKIP","floor":3},{"not_picked":["Stack","Heatsinks"],"picked":"Self Repair","floor":5},{"not_picked":["Skim","Go for the Eyes"],"picked":"Loop","floor":7},{"not_picked":["Fission","All For One"],"picked":"Electrodynamics","floor":16},{"not_picked":["Compile Driver+1","Doom and Gloom"],"picked":"Static Discharge","floor":18},{"not_picked":["Coolheaded","Capacitor"],"picked":"Cold Snap+1","floor":20},{"not_picked":["Beam Cell","Cold Snap"],"picked":"Redo","floor":21},{"not_picked":["Go for the Eyes","Consume"],"picked":"Doom and Gloom+1","floor":22},{"not_picked":["Skim","Static Discharge","Streamline"],"picked":"SKIP","floor":23},{"not_picked":["Go for the Eyes+1","Redo+1"],"picked":"Barrage+1","floor":27},{"not_picked":["BootSequence","Beam Cell+1"],"picked":"Capacitor+1","floor":28},{"not_picked":["Barrage+1","Redo"],"picked":"Reboot","floor":30},{"not_picked":["Chill","Rip and Tear+1"],"picked":"Lockon+1","floor":31},{"not_picked":["Amplify","Rainbow"],"picked":"Buffer","floor":33},{"not_picked":["Sunder+1","Leap"],"picked":"Heatsinks+1","floor":35},{"not_picked":["Auto Shields","Sweeping Beam+1"],"picked":"Force Field","floor":37},{"not_picked":["Reprogram+1","Rebound+1"],"picked":"Reboot+1","floor":39},{"not_picked":["Rebound+1","Auto Shields+1","Undo+1"],"picked":"SKIP","floor":41},{"not_picked":["Auto Shields+1","Compile Driver+1"],"picked":"Stack+1","floor":42},{"not_picked":["Self Repair","Steam+1","Melter+1"],"picked":"SKIP","floor":45},{"not_picked":["Coolheaded+1","Undo+1","Rebound+1"],"picked":"SKIP","floor":47},{"not_picked":["Genetic Algorithm+1","Chaos+1"],"picked":"Defragment+1","floor":54}],"player_experience":708561,"relics_obtained":[{"floor":7,"key":"Letter Opener"},{"floor":23,"key":"Centennial Puzzle"},{"floor":25,"key":"Molten Egg 2"},{"floor":26,"key":"Blue Candle"},{"floor":28,"key":"Bottled Tornado"},{"floor":30,"key":"Red Mask"},{"floor":54,"key":"Strawberry"}],"event_choices":[{"damage_healed":0,"gold_gain":0,"player_choice":"Bought 3 Potions","damage_taken":0,"max_hp_gain":0,"max_hp_loss":0,"event_name":"The Woman in Blue","floor":4,"gold_loss":0},{"damage_healed":0,"gold_gain":0,"player_choice":"Success","damage_taken":7,"relics_obtained":["DataDisk"],"max_hp_gain":0,"max_hp_loss":0,"event_name":"Scrap Ooze","floor":12,"gold_loss":0},{"damage_healed":0,"gold_gain":0,"player_choice":"Got Potions","damage_taken":0,"max_hp_gain":0,"max_hp_loss":0,"event_name":"Lab","floor":19,"gold_loss":0},{"damage_healed":0,"gold_gain":0,"player_choice":"Fought Bandits","damage_taken":0,"max_hp_gain":0,"max_hp_loss":0,"event_name":"Masked Bandits","floor":30,"gold_loss":0},{"damage_healed":0,"gold_gain":0,"player_choice":"Gave Potion","damage_taken":0,"relics_obtained":["Bag of Marbles"],"max_hp_gain":0,"max_hp_loss":0,"event_name":"WeMeetAgain","floor":44,"gold_loss":0}],"is_beta":false,"boss_relics":[{"not_picked":["Fusion Hammer","Snecko Eye"],"picked":"Cursed Key"},{"not_picked":["Astrolabe","SlaversCollar"],"picked":"Tiny House"}],"items_purged_floors":[36,38],"is_endless":false,"potions_floor_spawned":[5,7,10,16,18,27,28,30,33,35,42,47,54],"killed_by":"The Heart","ascension_level":0}}