{"host":"sum4dy402bbv9y4o","time":1610903718,"event":{"mods":["Aspiration","BaseMod","Conspire","Highlight Path","Minty Spire (QoL Compilation)","StSLib"],"gold_per_floor":[19,34,44,44,64,64,99,99,99,117,117,117],"floor_reached":11,"language":"ENG","playtime":356,"items_purged":[],"score":150,"play_id":"f8990423-47d3-4d67-98bd-d5042ed48164","local_time":"20210117201518","is_ascension_mode":true,"campfire_choices":[{"data":"Body Slam","floor":6,"key":"SMITH"},{"data":"Berserk","floor":8,"key":"SMITH"}],"circlet_count":0,"master_deck":["AscendersBane","Strike_R","Strike_R","Strike_R","Strike_R","Strike_R","Defend_R","Defend_R","Defend_R+1","Defend_R","Bash","Berserk+1","Pommel Strike","Cleave","Flame Barrier+1","Body Slam+1","Intimidate"],"relics":["Burning Blood","War Paint","Matryoshka"],"acts_visited":["Exordium"],"potions_floor_usage":[7],"damage_taken":[{"damage":3,"enemies":"2 Louse","floor":1,"turns":3},{"damage":0,"enemies":"Cultist","floor":2,"turns":3},{"damage":9,"enemies":"Jaw Worm","floor":3,"turns":5},{"damage":11,"enemies":"2 Fungi Beasts","floor":5,"turns":4},{"damage":32,"enemies":"Gremlin Nob","floor":7,"turns":4},{"damage":12,"enemies":"Large Slime","floor":10,"turns":5},{"damage":37,"enemies":"3 Sentries","floor":11,"turns":8}],"seed_played":"-3713619045259586746","potions_obtained":[{"floor":3,"key":"FearPotion"}],"is_trial":false,"path_per_floor":["M","M","M","?","M","R","E","R","T","M","E"],"character_chosen":"IRONCLAD","items_purchased":[],"campfire_rested":0,"item_purchase_floors":[],"current_hp_per_floor":[71,75,72,72,67,67,41,41,41,35,0,0],"gold":117,"neow_bonus":"THREE_RARE_CARDS","is_daily":false,"chose_seed":false,"campfire_upgraded":2,"win_rate":0.0,"timestamp":1610903718,"path_taken":["M","M","M","?","M","R","E","R","T","M","E"],"items_purchased_type":[],"build_version":"2020-12-22","purchased_purges":0,"victory":false,"max_hp_per_floor":[75,75,75,75,75,75,75,75,75,75,75,75],"card_choices":[{"not_picked":["Exhume","Offering"],"picked":"Berserk","floor":0},{"not_picked":["Sword Boomerang","Infernal Blade"],"picked":"Pommel Strike","floor":1},{"not_picked":["Rupture","Dropkick"],"picked":"Cleave","floor":2},{"not_picked":["Clothesline","Flex"],"picked":"Flame Barrier","floor":3},{"not_picked":["Seeing Red","Hemokinesis"],"picked":"Body Slam","floor":5},{"not_picked":["Havoc","Dual Wield","Berserk"],"picked":"SKIP","floor":7},{"not_picked":["Pommel Strike","Heavy Blade"],"picked":"Intimidate","floor":10}],"player_experience":2950258,"relics_obtained":[{"floor":7,"key":"War Paint"},{"floor":9,"key":"Matryoshka"}],"event_choices":[{"damage_healed":0,"gold_gain":0,"player_choice":"0 cards matched","damage_taken":0,"max_hp_gain":0,"max_hp_loss":0,"event_name":"Match and Keep!","floor":4,"gold_loss":0,"cards_obtained":[]}],"is_beta":false,"boss_relics":[],"items_purged_floors":[],"is_endless":false,"potions_floor_spawned":[3],"killed_by":"3 Sentries","ascension_level":20}}