{"host":"hfcva6mq15ctj0gu","time":1610869920,"event":{"mods":["Abigail Mod","AchievementEnabler","Act Like it!","Alarm Clock","BaseMod","Better Altar","Better Match","Better Skull","Better Third Choice","BetterRewards","CapriCore","Card Forge","Colored Map","Curses Come First","Disable Question Mark Monsters","Displayed Cursed Tome","Emptier Cage","FoggyMod","Friendly Minions","Gold Saver","Good Game Mod","Grow up Mod","Highlight Path","Kiyohime????","Kratos Character Expansion","Marisa????????","Minty Spire (QoL Compilation)","Permanent Neow","Poem Panic","Poor People Problems","Reimu??????","Remilia??????","Shade Mod","Shop Mod","StSLib","The Immortal","The Servant 0.9.4","The Vixen","Transform Curses","Virulent Crown","????"],"gold_per_floor":[1587,1612,1621,1621,1033,1033,1074,1099,1122,835,910,922,624,808,257,362,362,384,309,309,318,25,75,75,75,124,133,48,74,217,257,257,353,353,365,649,649,649,698,698,730,730,801,828,863,673,673,697,697,697,697,549,549,586,586],"floor_reached":56,"language":"ENG","playtime":1896,"items_purged":[],"score":1802,"play_id":"45238d08-0539-48eb-94bc-ee56ee2bf32c","local_time":"20210117085200","is_ascension_mode":false,"campfire_choices":[{"data":"1","floor":6,"key":"LIFT"},{"data":"2","floor":32,"key":"LIFT"},{"data":"3","floor":40,"key":"LIFT"},{"floor":49,"key":"RECALL"}],"circlet_count":0,"master_deck":["KidneyShot+1","Exchange+1","MoonPhase+1","ReturningBlade+23","Unruled+1","ShatteredReality+1","ReturningBlade+23","Sadistic Nature+1","Spin+1","Alleviate+1","Duplication+1","TimeTheft+1","TrueSight+1","Replace+1","Luminosity+1","TimeTheft+1","RitualDagger+1","MoonPhase+1","Dramatic Entrance+1","Apotheosis+1","Dramatic Entrance+1","Alleviate+1","DualDimension+1"],"relics":["Uniform","Hammer of Thor","Seething Fire","Anvil of the Gods","REME:ComplimentaryCards","MerchantsRug","Ornamental Fan","Girya","CeramicFish","KratosMod:chalice","HoveringKite","Mummified Hand","Sling","Boot","Orichalcum","Mastiff:ReiMu","Nunchaku","Juzu Bracelet","Kunai","Broom","TentaclePot:ReiMu","MysterySword","Shuriken","Enchiridion","Vajra","Mercury Hourglass","Philosopher\u0027s Stone","Bottled Lightning","CatCart","Whetstone","HornCleat","Singing Bowl","RuthlessExorcism:ReiMu","Bag of Preparation","KneeBrace"],"acts_visited":["Exordium","TheCity","TheBeyond","TheEnding"],"potions_floor_usage":[],"damage_taken":[{"damage":1,"enemies":"Cultist","floor":1,"turns":5},{"damage":4,"enemies":"Jaw Worm","floor":2,"turns":3},{"damage":36,"enemies":"3 Sentries","floor":7,"turns":6},{"damage":2,"enemies":"Small Slimes","floor":8,"turns":2},{"damage":15,"enemies":"Red Slaver","floor":12,"turns":2},{"damage":10,"enemies":"The Guardian","floor":16,"turns":4},{"damage":2,"enemies":"3 Byrds","floor":18,"turns":2},{"damage":2,"enemies":"Gremlin Leader","floor":29,"turns":2},{"damage":3,"enemies":"Book of Stabbing","floor":31,"turns":3},{"damage":1,"enemies":"Automaton","floor":33,"turns":3},{"damage":2,"enemies":"3 Darklings","floor":35,"turns":2},{"damage":30,"enemies":"Orin","floor":39,"turns":5},{"damage":4,"enemies":"Nemesis","floor":41,"turns":4},{"damage":4,"enemies":"Giant Head","floor":45,"turns":4},{"damage":74,"enemies":"Awakened One","floor":50,"turns":6},{"damage":1,"enemies":"Shield and Spear","floor":54,"turns":2},{"damage":33,"enemies":"The Heart","floor":55,"turns":4}],"seed_played":"-7995563688182617337","potions_obtained":[{"floor":2,"key":"ZuzhouPotion:ReiMu"},{"floor":7,"key":"DuplicationPotion"},{"floor":12,"key":"LiquidBronze"},{"floor":18,"key":"GrandPatriotsElixir:ReiMu"},{"floor":29,"key":"PowerPotion"},{"floor":35,"key":"Fruit Juice"},{"floor":41,"key":"SkillPotion"},{"floor":54,"key":"DuplicationPotion"}],"is_trial":false,"path_per_floor":["M","M","?","?","$","R","E","M","T","$","?","M","$","?","R","B",null,"M","?","?","?","$","R","?","R","T","?","?","E","$","E","R","B",null,"M","?","?","T","?","R","E","?","T","?","E","R","?","T","R","B",null,"R","$","E","B",null],"character_chosen":"THE_SERVANT","items_purchased":["MerchantsRug","Ornamental Fan","MoonPhase","PendulumOfEternity","ReturningBlade","CeramicFish","Mummified Hand","Sadistic Nature","Sling","Spin","Duplication","Mastiff:ReiMu","TimeTheft","Nunchaku","Juzu Bracelet","Kunai","Broom","TentaclePot:ReiMu","Shuriken","TimeTheft","RuthlessExorcism:ReiMu","Alleviate","Bag of Preparation"],"campfire_rested":0,"item_purchase_floors":[0,0,0,0,0,0,5,5,5,5,10,10,10,13,13,15,15,15,22,22,46,46,52],"current_hp_per_floor":[45,51,61,71,81,91,65,73,83,93,86,81,91,101,111,111,245,253,263,273,283,293,303,297,307,317,321,331,339,349,356,366,375,415,423,433,443,453,433,443,449,459,469,469,477,487,497,507,517,453,587,597,607,616,603],"gold":586,"neow_bonus":"","is_daily":false,"chose_seed":false,"campfire_upgraded":0,"win_rate":0.0,"timestamp":1610869920,"path_taken":["M","?","?","?","$","R","E","?","T","$","?","?","?","?","R","BOSS","M","?","?","?","?","R","?","R","T","?","?","E","$","E","R","BOSS","M","?","?","?","?","R","E","?","T","?","E","R","?","?","R","BOSS","R","$","E","BOSS"],"items_purchased_type":["Relic","Relic","Card","Card","Card","Relic","Relic","Card","Relic","Card","Card","Relic","Card","Relic","Relic","Relic","Relic","Relic","Relic","Card","Relic","Card","Relic"],"build_version":"2020-12-22","purchased_purges":0,"victory":true,"max_hp_per_floor":[85,95,105,115,125,135,145,155,165,175,185,195,205,215,225,235,245,255,265,275,285,295,305,315,325,335,345,355,365,375,385,395,405,415,425,435,445,455,465,475,485,495,505,515,527,537,547,557,567,577,587,597,607,617,637],"card_choices":[{"not_picked":["Rearm","DualDimension"],"picked":"Unruled","floor":1},{"not_picked":["BestPractice","Barrier"],"picked":"ShatteredReality","floor":2},{"not_picked":["RealityMarble","Ricochet"],"picked":"Alleviate","floor":7},{"not_picked":["TimeWarp","RealityMarble"],"picked":"Rewind","floor":8},{"not_picked":["Potential","TimeWarp","Dilation"],"picked":"SKIP","floor":12},{"not_picked":["Initiator","FloweringNight"],"picked":"TrueSight","floor":16},{"not_picked":["Alleviate+1","FastForward"],"picked":"Replace+1","floor":18},{"not_picked":["Collapse","Alleviate+1","ShatteredReality+1"],"picked":"SKIP","floor":29},{"not_picked":["Revamp","Orbit"],"picked":"MoonPhase","floor":31},{"not_picked":["Starlight+1","Rearm+1","BestPractice"],"picked":"SKIP","floor":35},{"not_picked":["StarChef+1","Deadline","FanOfKnives+1"],"picked":"SKIP","floor":41},{"not_picked":["HandOfGreed","Bandage Up"],"picked":"Dramatic Entrance","floor":44},{"not_picked":["Thinking Ahead","Blind"],"picked":"Apotheosis","floor":44},{"not_picked":["Forethought","Metamorphosis"],"picked":"Dramatic Entrance","floor":44},{"not_picked":["StarChef+1","WasteNot","FastForward"],"picked":"Singing Bowl","floor":45},{"not_picked":["Rewind","TimeWarp"],"picked":"DualDimension","floor":54}],"player_experience":112453,"relics_obtained":[{"floor":7,"key":"Boot"},{"floor":9,"key":"Orichalcum"},{"floor":26,"key":"Vajra"},{"floor":29,"key":"Eternal Feather"},{"floor":31,"key":"Mercury Hourglass"},{"floor":38,"key":"Bottled Lightning"},{"floor":39,"key":"CatCart"},{"floor":41,"key":"Whetstone"},{"floor":43,"key":"HornCleat"},{"floor":45,"key":"Singing Bowl"},{"floor":54,"key":"KneeBrace"}],"event_choices":[{"damage_healed":0,"gold_gain":75,"player_choice":"Touch","damage_taken":17,"max_hp_gain":0,"max_hp_loss":0,"event_name":"FaceTrader","floor":11,"gold_loss":0},{"damage_healed":0,"gold_gain":175,"player_choice":"AGREE","damage_taken":624,"max_hp_gain":0,"max_hp_loss":0,"event_name":"betterThird:BetterSerpent","floor":14,"gold_loss":0},{"cards_removed":["Rewind"],"damage_healed":0,"gold_gain":0,"player_choice":"Gave Gold","damage_taken":0,"max_hp_gain":0,"max_hp_loss":0,"event_name":"Beggar","floor":19,"gold_loss":75},{"damage_healed":0,"gold_gain":0,"player_choice":"Read","damage_taken":0,"max_hp_gain":0,"max_hp_loss":0,"event_name":"The Library","floor":21,"gold_loss":0,"cards_obtained":["Luminosity"]},{"damage_healed":0,"gold_gain":0,"player_choice":"Obtained Book","damage_taken":16,"max_hp_gain":0,"max_hp_loss":0,"event_name":"Cursed Tome","floor":24,"gold_loss":0},{"damage_healed":0,"gold_gain":0,"player_choice":"Dagger","damage_taken":6,"max_hp_gain":0,"max_hp_loss":0,"event_name":"betterThird:BetterNest","floor":27,"gold_loss":0,"cards_obtained":["RitualDagger"]},{"damage_healed":0,"gold_gain":0,"player_choice":"Obtained Relic","damage_taken":0,"relics_obtained":["Pantograph"],"max_hp_gain":0,"max_hp_loss":0,"event_name":"Addict","floor":28,"gold_loss":85},{"damage_healed":0,"gold_gain":275,"player_choice":"Desecrate","damage_taken":0,"max_hp_gain":0,"max_hp_loss":0,"event_name":"Golden Shrine","floor":36,"gold_loss":0,"cards_obtained":["Regret"]},{"damage_healed":0,"gold_gain":0,"player_choice":"Upgraded","damage_taken":0,"max_hp_gain":0,"max_hp_loss":0,"event_name":"Upgrade Shrine","floor":37,"gold_loss":0,"cards_upgraded":["ReturningBlade"]},{"damage_healed":0,"gold_gain":0,"player_choice":"Fight","damage_taken":0,"max_hp_gain":0,"max_hp_loss":0,"event_name":"OrinTheCat","floor":39,"gold_loss":0},{"damage_healed":0,"gold_gain":0,"player_choice":"Ignored","damage_taken":0,"max_hp_gain":0,"max_hp_loss":0,"event_name":"Transmorgrifier","floor":42,"gold_loss":0},{"damage_healed":0,"gold_gain":0,"player_choice":"Memory 3","damage_taken":10,"max_hp_gain":0,"max_hp_loss":0,"event_name":"SensoryStone","floor":44,"gold_loss":0},{"damage_healed":0,"gold_gain":0,"player_choice":"Ignored","damage_taken":0,"max_hp_gain":0,"max_hp_loss":0,"event_name":"Tomb of Lord Red Mask","floor":47,"gold_loss":0}],"is_beta":false,"boss_relics":[{"not_picked":["Calling Bell","Ectoplasm"],"picked":"MysterySword"},{"not_picked":["Snecko Eye","RedLine:ReiMu"],"picked":"Philosopher\u0027s Stone"}],"items_purged_floors":[],"is_endless":false,"potions_floor_spawned":[2,7,12,18,29,35,41,54],"ascension_level":0}}