{"host":"0fmi5fguj5lvt8pf","time":1610862543,"event":{"mods":["BaseMod","Colored Map","Curses Come First","Downfall","Minty Spire (QoL Compilation)","Permanent Neow","StSLib"],"gold_per_floor":[99,141,204,254,298,208,235,410,446,446,471,515,545,545,558,558,558],"floor_reached":16,"language":"ENG","playtime":971,"items_purged":["bronze:Strike"],"score":137,"play_id":"119135d5-30cd-4c52-b911-e633d62bf846","local_time":"20210116214903","is_ascension_mode":false,"campfire_choices":[{"data":"HandOfGreed","floor":1,"key":"SMITH"}],"circlet_count":0,"master_deck":["bronze:Strike","bronze:Strike","bronze:Strike","bronze:Defend","bronze:Defend","bronze:Defend","bronze:Defend","bronze:Replicate","bronze:Goto","HandOfGreed+1","bronze:GetLatest","bronze:Refactor","bronze:Spike","bronze:DazingPulse","bronze:Frontload","bronze:Iterate","Doubt","bronze:DelayedSlice","bronze:Library","bronze:InfiniteBeams+1","bronze:ItsAFeature+1"],"relics":["bronze:BronzeCore","Anchor","Nunchaku","Frozen Egg 2","downfall:BrokenWingStatue"],"acts_visited":["Exordium"],"potions_floor_usage":[11,11,12,16,16],"damage_taken":[{"damage":4,"enemies":"Jaw Worm","floor":2,"turns":4},{"damage":0,"enemies":"Small Slimes","floor":3,"turns":4},{"damage":25,"enemies":"Small Slimes","floor":4,"turns":8},{"damage":0,"enemies":"Cultist","floor":5,"turns":3},{"damage":0,"enemies":"downfall:FleeingMerchant","floor":6,"turns":4},{"damage":11,"enemies":"Exordium Wildlife","floor":9,"turns":6},{"damage":0,"enemies":"3 Sentries","floor":11,"turns":4},{"damage":0,"enemies":"Blue Slaver","floor":12,"turns":2},{"damage":21,"enemies":"Lagavulin","floor":13,"turns":6},{"damage":1,"enemies":"Large Slime","floor":15,"turns":4},{"damage":2,"enemies":"IC_STATUS_ARCHETYPE","floor":16,"turns":2}],"seed_played":"-3216152449848116465","potions_obtained":[{"floor":4,"key":"Fire Potion"},{"floor":5,"key":"AttackPotion"},{"floor":9,"key":"LiquidMemories"},{"floor":11,"key":"bronze:BurnAndBuffPotion"},{"floor":15,"key":"champ:CounterPotion"}],"is_trial":false,"path_per_floor":["R","M","M","?","M","$","T","?","M","T","E","M","E","?","M","B"],"character_chosen":"THE_AUTOMATON","items_purchased":[],"campfire_rested":0,"item_purchase_floors":[],"current_hp_per_floor":[63,59,59,34,34,34,34,34,23,23,23,23,2,2,1,0,0],"gold":558,"neow_bonus":"RANDOM_COLORLESS_2","is_daily":false,"chose_seed":false,"campfire_upgraded":1,"win_rate":0.0,"timestamp":1610862543,"path_taken":["R","M","M","?","M","$","T","?","?","?","E","M","E","?","M","BOSS"],"items_purchased_type":[],"build_version":"2020-12-22","purchased_purges":1,"victory":false,"max_hp_per_floor":[63,63,63,63,63,63,63,63,63,63,63,63,63,63,63,63,63],"card_choices":[{"not_picked":["Panache","Transmutation"],"picked":"HandOfGreed","floor":0},{"not_picked":["bronze:Invalidate","bronze:Shield"],"picked":"bronze:GetLatest","floor":2},{"not_picked":["bronze:ForceShield","bronze:ForLoop"],"picked":"bronze:Refactor","floor":3},{"not_picked":[],"picked":"bronze:Spike","floor":4},{"not_picked":[],"picked":"bronze:DazingPulse","floor":4},{"not_picked":["bronze:Allocate","bronze:ForLoop"],"picked":"bronze:Frontload","floor":4},{"not_picked":["bronze:Constructor","bronze:Overheat"],"picked":"bronze:Iterate","floor":5},{"not_picked":["bronze:WhirlingStrike","bronze:ChildClass","bronze:Repair"],"picked":"SKIP","floor":6},{"not_picked":["bronze:DelayedSlice","bronze:Deprecate","bronze:Refactor"],"picked":"SKIP","floor":9},{"not_picked":["bronze:Deprecate","bronze:Refactor"],"picked":"bronze:DelayedSlice","floor":9},{"not_picked":["bronze:OilSpill","bronze:Invalidate","bronze:CutThrough"],"picked":"SKIP","floor":11},{"not_picked":["bronze:CloningBeam","bronze:Shield"],"picked":"bronze:Library","floor":12},{"not_picked":["bronze:ChildClass","bronze:ClassDefault+1"],"picked":"bronze:InfiniteBeams+1","floor":13},{"not_picked":["bronze:Fortify","bronze:Separator"],"picked":"bronze:ItsAFeature+1","floor":15}],"player_experience":1367319,"relics_obtained":[{"floor":7,"key":"Anchor"},{"floor":11,"key":"Nunchaku"},{"floor":13,"key":"Frozen Egg 2"}],"event_choices":[],"is_beta":false,"boss_relics":[],"items_purged_floors":[6],"is_endless":false,"potions_floor_spawned":[4,5,9,11,15],"killed_by":"IC_STATUS_ARCHETYPE","ascension_level":0}}