{"host":"3p68uopcdpnmkayy","time":1610889491,"event":{"mods":["AchievementEnabler","Act Like it!","Arknights The Spire","BaseMod","Colored Map","Colored Powertips","Conspire","Fox Events","GifTheSpireLib","Hallownest","Hubris","Minty Spire (QoL Compilation)","Pikachu Mod","Relic Filter","Replay The Spire","Shade Mod","Spikes Relics","StSLib","Stuff the Spire","The Bug Knight","The Hierophant","The Jungle"],"gold_per_floor":[115,130,146,76,96,96,126,156,179,179,194,205,205,135,135,235,235,247,247,11,64,76,111,111,126,126,159,159,186,202,212,212,311,311,336,336,336,336],"floor_reached":37,"language":"ENG","playtime":2994,"items_purged":[],"score":629,"play_id":"e5c1ec7d-1499-485e-86b7-286859dfb709","local_time":"20210117151811","is_ascension_mode":false,"campfire_choices":[{"data":"Shade:AnimateDead","floor":6,"key":"SMITH"},{"floor":13,"key":"RECALL"},{"floor":15,"key":"REST"},{"data":"conspire:Banana","floor":24,"key":"SMITH"},{"floor":32,"key":"REST"}],"circlet_count":0,"master_deck":["Shade:Strike_Shade","Shade:Strike_Shade","Shade:Strike_Shade","Shade:Strike_Shade","Shade:Defend_Shade","Shade:Defend_Shade","Shade:Defend_Shade","Shade:Defend_Shade","Shade:AnimateDead+1","Shade:CarefulCut","Shade:Bonestorm","Shade:CoffinDance","Shade:FreshBones","Shade:CallOfTheGrave","Shade:Bonestorm","Shade:SensePrey","Shade:GraveStillness","Shade:FingerOfDeath","Shade:OpenGraves+1","Shade:DarkOfNight","Shade:PressTheAttack+1","conspire:Banana+1","Shade:OpenGraves+1","Shade:CoffinDance","hubris:Compulsion","Shade:FreshBones","CurseOfTheBell","Shade:Bonestorm+1"],"relics":["Shade:YorickPolishedSkull","Blue Candle","hubris:FruitBowl","Pet Ghost","Potion Belt","PreservedInsect","StuffTheSpire:SapphireSignet","StuffTheSpire:EmeraldSignet","ReplayTheSpireMod:Ring of Challenge","Bronze Scales","Calling Bell","MiniBlackHole","conspire:DeflatedDodgeball","hubris:MedicalManual","hubris:Towel"],"acts_visited":["Exordium","TheCity","Hallownest:KingdomsEdge"],"potions_floor_usage":[16,16,16,22,23,29,29,37,37],"damage_taken":[{"damage":0,"enemies":"conspire:RoseBush","floor":1,"turns":4},{"damage":0,"enemies":"2 Louse","floor":2,"turns":3},{"damage":0,"enemies":"Jaw Worm","floor":3,"turns":3},{"damage":4,"enemies":"Red Slaver","floor":5,"turns":3},{"damage":0,"enemies":"HollowMod:MossKnight","floor":7,"turns":5},{"damage":9,"enemies":"conspire:MimicChest","floor":8,"turns":5},{"damage":0,"enemies":"2 Fungi Beasts","floor":11,"turns":2},{"damage":2,"enemies":"Exordium Thugs","floor":12,"turns":3},{"damage":17,"enemies":"The Guardian","floor":16,"turns":10},{"damage":13,"enemies":"Spheric Guardian","floor":18,"turns":4},{"damage":10,"enemies":"Cultist and Chosen","floor":22,"turns":5},{"damage":16,"enemies":"Book of Stabbing","floor":23,"turns":4},{"damage":3,"enemies":"Centurion and Healer","floor":25,"turns":5},{"damage":10,"enemies":"Replay:Snechameleon","floor":27,"turns":4},{"damage":4,"enemies":"conspire:SneckoGhost","floor":29,"turns":2},{"damage":5,"enemies":"conspire:HollyBat","floor":30,"turns":8},{"damage":1,"enemies":"Snake Plant","floor":31,"turns":2},{"damage":20,"enemies":"Pondfish","floor":33,"turns":9},{"damage":71,"enemies":"Hallownest:2_Littles","floor":35,"turns":5},{"damage":40,"enemies":"Hallownest:3_Siblings","floor":37,"turns":6}],"seed_played":"-721238685112166322","potions_obtained":[{"floor":1,"key":"Languid Potion"},{"floor":7,"key":"Dexterity Potion"},{"floor":8,"key":"SkillPotion"},{"floor":16,"key":"Regen Potion"},{"floor":22,"key":"DuplicationPotion"},{"floor":25,"key":"AttackPotion"},{"floor":27,"key":"Cursed Concoction"},{"floor":29,"key":"Swift Potion"},{"floor":35,"key":"Swift Potion"}],"is_trial":false,"path_per_floor":["M","M","M","$","M","R","E","?","T","$","M","M","R","$","R","B",null,"M","?","$","T","M","E","R","M","T","E","?","E","M","M","R","B",null,"M","?","M"],"character_chosen":"SHADE","items_purchased":["Shade:CallOfTheGrave","hubris:FruitBowl","Shade:OpenGraves","Pet Ghost","conspire:Banana"],"campfire_rested":2,"item_purchase_floors":[4,10,14,20,20],"current_hp_per_floor":[71,71,71,71,67,67,67,58,58,39,39,37,37,37,58,41,71,58,58,58,58,63,48,48,48,48,41,41,37,39,42,66,53,85,17,17,0,0],"gold":336,"neow_bonus":"TEN_PERCENT_HP_BONUS","is_daily":false,"chose_seed":false,"campfire_upgraded":2,"win_rate":0.0,"timestamp":1610889491,"path_taken":["M","M","M","$","M","R","E","?","T","?","?","M","R","$","R","BOSS","M","?","$","?","M","E","R","?","T","E","?","E","M","M","R","BOSS","M","?","M"],"items_purchased_type":["Card","Relic","Card","Relic","Card"],"build_version":"2020-12-22","purchased_purges":0,"victory":false,"max_hp_per_floor":[71,71,71,71,71,71,71,71,71,71,71,71,71,71,71,71,71,71,71,71,71,72,73,73,76,76,79,79,79,82,82,82,85,85,88,88,94,94],"card_choices":[{"not_picked":["Shade:FuneraryArmor","Shade:FreshBones"],"picked":"Shade:Bonestorm","floor":1},{"not_picked":["Shade:BoneShards","Shade:GreyBargain"],"picked":"Shade:CoffinDance","floor":2},{"not_picked":["Shade:Brains","Shade:Awaken"],"picked":"Shade:FreshBones","floor":3},{"not_picked":["Shade:Excise","Shade:CoffinDance"],"picked":"Shade:Bonestorm","floor":5},{"not_picked":["Shade:ClawBack","Shade:Putrefaction"],"picked":"Shade:SensePrey","floor":7},{"not_picked":["Shade:AncientSpear","Shade:CallWraith"],"picked":"Shade:GraveStillness","floor":8},{"not_picked":["Shade:Patience","Shade:Brains"],"picked":"Shade:FingerOfDeath","floor":11},{"not_picked":["Shade:CallOfTheGrave","Shade:SpectralStrikes","Shade:Carnophage"],"picked":"SKIP","floor":12},{"not_picked":["Shade:Tombstone","Shade:MadHubris"],"picked":"Shade:DarkOfNight","floor":16},{"not_picked":["Shade:FuneraryArmor","Shade:ClawBack"],"picked":"Shade:PressTheAttack+1","floor":18},{"not_picked":["Shade:FeralStrike","Shade:FingerOfDeath"],"picked":"Shade:OpenGraves+1","floor":22},{"not_picked":["Shade:SpontaneousRitual","Shade:FuneraryArmor+1","Shade:LastGasp"],"picked":"SKIP","floor":23},{"not_picked":["Shade:ExtraLimbs","Shade:SkeletonHug","Shade:FleshToFlesh"],"picked":"SKIP","floor":25},{"not_picked":["Shade:FeralStrike","Shade:LyeBath"],"picked":"Shade:CoffinDance","floor":27},{"not_picked":["Shade:LyeBath","Shade:OminousRitual","Shade:DangerousRitual"],"picked":"SKIP","floor":29},{"not_picked":["Shade:CloudOfShrapnel+1","Shade:Premonition"],"picked":"Shade:FreshBones","floor":30},{"not_picked":["Shade:Premonition","Shade:RavenousHorde+1","Shade:FingerOfDeath"],"picked":"SKIP","floor":31},{"not_picked":["Shade:CoffinDance+1","Shade:GreyBargain"],"picked":"Shade:Bonestorm+1","floor":35}],"player_experience":151805,"relics_obtained":[{"floor":8,"key":"Blue Candle"},{"floor":21,"key":"Potion Belt"},{"floor":23,"key":"PreservedInsect"},{"floor":26,"key":"StuffTheSpire:SapphireSignet"},{"floor":27,"key":"StuffTheSpire:EmeraldSignet"},{"floor":28,"key":"ReplayTheSpireMod:Ring of Challenge"},{"floor":29,"key":"Bronze Scales"},{"floor":34,"key":"MiniBlackHole"},{"floor":34,"key":"conspire:DeflatedDodgeball"},{"floor":34,"key":"hubris:MedicalManual"}],"event_choices":[{"damage_healed":0,"gold_gain":0,"player_choice":"Upgraded","damage_taken":0,"max_hp_gain":0,"max_hp_loss":0,"event_name":"Upgrade Shrine","floor":19,"gold_loss":0,"cards_upgraded":["Shade:OpenGraves"]}],"is_beta":false,"boss_relics":[{"not_picked":["ChewingGum","hubris:HollowSoul"],"picked":"Shade:YorickPolishedSkull"},{"not_picked":["Replay:Bronze Core","Snecko Eye"],"picked":"Calling Bell"}],"items_purged_floors":[],"is_endless":false,"potions_floor_spawned":[1,7,8,16,22,25,27,29,35],"killed_by":"Hallownest:3_Siblings","ascension_level":0}}