{"host":"yo9wwslrag05lh37","time":1610899127,"event":{"mods":["AchievementEnabler","BaseMod","Block Reminder","Colored Map","Colored Powertips","GifTheSpireLib","HexUI Lib","Highlight Path","Minty Spire (QoL Compilation)","Rare Cards Sparkle","Relic Stats","StSLib","everything is the same but u backflip on backflip"],"gold_per_floor":[118,128,148,165,37,65,65,99,126,144,144,144,144,155,155,227,227,243,255,272,272,54,54,54,86,86,86,86,86,86],"floor_reached":29,"language":"ENG","playtime":890,"items_purged":["Strike_B"],"score":506,"play_id":"cd106e00-611e-4414-bbd7-4641d6e5d413","local_time":"20210117165847","is_ascension_mode":true,"campfire_choices":[{"data":"Zap","floor":7,"key":"SMITH"},{"data":"Biased Cognition","floor":12,"key":"SMITH"},{"data":"Hologram","floor":15,"key":"SMITH"},{"floor":23,"key":"REST"},{"floor":27,"key":"REST"}],"circlet_count":0,"master_deck":["AscendersBane","Strike_B+1","Strike_B+1","Strike_B+1","Defend_B+1","Defend_B+1","Defend_B+1","Defend_B+1","Zap+1","Dualcast","Sweeping Beam","Ball Lightning","Cold Snap","Biased Cognition+1","Compile Driver","Steam","Hologram+1","Biased Cognition","Glacier","Genetic Algorithm"],"relics":["Cracked Core","Kunai","Toy Ornithopter","SlaversCollar","DataDisk","Anchor","Toxic Egg 2"],"acts_visited":["Exordium","TheCity"],"potions_floor_usage":[16,20,25,25],"damage_taken":[{"damage":1.0,"enemies":"2 Louse","floor":1.0,"turns":3.0},{"damage":7.0,"enemies":"Small Slimes","floor":2.0,"turns":3.0},{"damage":0.0,"enemies":"Cultist","floor":3.0,"turns":2.0},{"damage":9,"enemies":"2 Fungi Beasts","floor":4,"turns":3},{"damage":25,"enemies":"Lagavulin","floor":6,"turns":5},{"damage":39,"enemies":"Gremlin Nob","floor":8,"turns":4},{"damage":6,"enemies":"Looter","floor":10,"turns":2},{"damage":3,"enemies":"Large Slime","floor":14,"turns":4},{"damage":6,"enemies":"Hexaghost","floor":16,"turns":7},{"damage":34,"enemies":"3 Byrds","floor":18,"turns":5},{"damage":18,"enemies":"Shell Parasite","floor":19,"turns":3},{"damage":0,"enemies":"Chosen and Byrds","floor":20,"turns":5},{"damage":6,"enemies":"Book of Stabbing","floor":25,"turns":6},{"damage":51,"enemies":"Gremlin Leader","floor":29,"turns":8}],"seed_played":"-6498098917215849918","potions_obtained":[{"floor":4,"key":"FairyPotion"},{"floor":8,"key":"Ancient Potion"},{"floor":20,"key":"Block Potion"}],"is_trial":false,"path_per_floor":["M","M","M","M","$","E","R","E","T","M","?","R","?","M","R","B",null,"M","M","M","?","$","R","?","E","T","R","?","E"],"character_chosen":"DEFECT","items_purchased":["Fire Potion","DataDisk","BlessingOfTheForge"],"campfire_rested":2,"item_purchase_floors":[5,22,22],"current_hp_per_floor":[70,63,63,54,54,29,29,23,23,17,17,17,17,14,14,13,62,28,10,15,15,15,38,16,20,20,44,44,0,0],"gold":86,"neow_bonus":"TEN_PERCENT_HP_BONUS","is_daily":false,"chose_seed":false,"campfire_upgraded":3,"win_rate":0.0,"timestamp":1610899127,"path_taken":["M","M","M","M","$","E","R","E","T","M","?","R","?","M","R","BOSS","M","?","M","?","$","R","?","E","T","R","?","E"],"items_purchased_type":["Potion","Relic","Potion"],"build_version":"2020-12-22","purchased_purges":1,"victory":false,"max_hp_per_floor":[78,78,78,78,78,78,78,78,78,78,78,78,78,78,78,78,78,78,78,78,78,78,78,83,83,83,83,83,83,83],"relic_stats":{"counters":[14,60],"Kunai":[8],"obtain_stats":[{"SlaversCollar":17,"DataDisk":22,"Anchor":25,"Kunai":6,"Toxic Egg 2":26,"Cracked Core":0,"Toy Ornithopter":8},{"SlaversCollar":9,"DataDisk":12,"Anchor":13,"Kunai":5,"Toxic Egg 2":13,"Cracked Core":0,"Toy Ornithopter":6},{"SlaversCollar":33,"DataDisk":46,"Anchor":52,"Kunai":16,"Toxic Egg 2":52,"Cracked Core":0,"Toy Ornithopter":20}],"Toy Ornithopter":20},"card_choices":[{"not_picked":["Stack","Coolheaded"],"picked":"Sweeping Beam","floor":1.0},{"not_picked":["Cold Snap","Stack"],"picked":"Ball Lightning","floor":2.0},{"not_picked":["Redo","Go for the Eyes"],"picked":"Cold Snap","floor":3.0},{"not_picked":["Gash","Stack"],"picked":"Biased Cognition","floor":4},{"not_picked":["Barrage","Fusion"],"picked":"Compile Driver","floor":6},{"not_picked":["Stack","Rip and Tear","Redo"],"picked":"SKIP","floor":8},{"not_picked":["Streamline","Gash"],"picked":"Steam","floor":10},{"not_picked":["Stack","Rebound","BootSequence"],"picked":"SKIP","floor":14},{"not_picked":["Rainbow","Multi-Cast"],"picked":"Biased Cognition","floor":16},{"not_picked":["Tempest","Turbo","Hello World"],"picked":"SKIP","floor":18},{"not_picked":["Stack","Cold Snap+1"],"picked":"Glacier","floor":19},{"not_picked":["Redo","Reinforced Body","Beam Cell"],"picked":"SKIP","floor":20},{"not_picked":["All For One","Redo"],"picked":"Genetic Algorithm","floor":25}],"player_experience":1514957,"relics_obtained":[{"floor":6,"key":"Kunai"},{"floor":8,"key":"Toy Ornithopter"},{"floor":25,"key":"Anchor"},{"floor":26,"key":"Toxic Egg 2"}],"event_choices":[{"damage_healed":0,"gold_gain":0,"player_choice":"Ignored","damage_taken":0,"max_hp_gain":0,"max_hp_loss":0,"event_name":"Shining Light","floor":11,"gold_loss":0},{"damage_healed":0,"gold_gain":0,"player_choice":"1 cards matched","damage_taken":0,"max_hp_gain":0,"max_hp_loss":0,"event_name":"Match and Keep!","floor":13,"gold_loss":0,"cards_obtained":["Hologram"]},{"damage_healed":0,"gold_gain":0,"player_choice":"Ignored","damage_taken":0,"max_hp_gain":0,"max_hp_loss":0,"event_name":"Cursed Tome","floor":21,"gold_loss":0},{"damage_healed":0,"gold_gain":0,"player_choice":"Shed Blood","damage_taken":27,"max_hp_gain":5,"max_hp_loss":0,"event_name":"Forgotten Altar","floor":24,"gold_loss":0},{"damage_healed":0,"gold_gain":0,"player_choice":"Simplicity","damage_taken":0,"max_hp_gain":0,"max_hp_loss":0,"event_name":"Back to Basics","floor":28,"gold_loss":0,"cards_upgraded":["Strike_B","Strike_B","Strike_B","Defend_B","Defend_B","Defend_B","Defend_B"]}],"is_beta":false,"boss_relics":[{"not_picked":["Ectoplasm","Empty Cage"],"picked":"SlaversCollar"}],"items_purged_floors":[5],"is_endless":false,"potions_floor_spawned":[4,6,8,20],"killed_by":"Gremlin Leader","ascension_level":20}}