{"host":"01gbg40krdpein5y","time":1610861258,"event":{"mods":["BaseMod","BetterRewards","Minty Spire (QoL Compilation)","Permanent Neow","Remove Card Discount Mod","SuperFastMode","Transform Curses"],"gold_per_floor":[113,123,123,123,148,148,148],"floor_reached":6,"language":"ENG","playtime":427,"items_purged":[],"score":36,"play_id":"e6ab408e-6e50-40ea-a318-115cdb02a4d0","local_time":"20210116212738","is_ascension_mode":false,"campfire_choices":[],"circlet_count":0,"master_deck":["Strike_G","Strike_G+1","Strike_G","Strike_G","Strike_G","Defend_G","Defend_G","Defend_G","Defend_G","Defend_G+1","Survivor","Neutralize","Dagger Spray","Calculated Gamble","Deadly Poison","Die Die Die","Flying Knee","Well Laid Plans","Prepared","Injury","Catalyst"],"relics":["Ring of the Snake","Orrery","Golden Idol"],"acts_visited":["Exordium"],"potions_floor_usage":[6],"damage_taken":[{"damage":0,"enemies":"Small Slimes","floor":1,"turns":2},{"damage":0,"enemies":"2 Louse","floor":2,"turns":3},{"damage":2,"enemies":"Jaw Worm","floor":5,"turns":3},{"damage":60,"enemies":"Gremlin Nob","floor":6,"turns":4}],"seed_played":"6971846862632337104","potions_obtained":[{"floor":5,"key":"Swift Potion"}],"is_trial":false,"path_per_floor":["M","M","?","?","M","E"],"character_chosen":"THE_SILENT","items_purchased":["Orrery"],"campfire_rested":0,"item_purchase_floors":[0],"current_hp_per_floor":[70,70,70,56,54,0,0],"gold":148,"neow_bonus":"","is_daily":false,"chose_seed":false,"campfire_upgraded":0,"win_rate":0.0,"timestamp":1610861258,"path_taken":["M","M","?","?","M","E"],"items_purchased_type":["Relic"],"build_version":"2020-12-22","purchased_purges":0,"victory":false,"max_hp_per_floor":[70,70,70,70,70,70,70],"card_choices":[{"not_picked":["Quick Slash","Acrobatics"],"picked":"Dagger Spray","floor":0},{"not_picked":["Escape Plan","Dodge and Roll"],"picked":"Calculated Gamble","floor":0},{"not_picked":["Deflect","Dagger Throw"],"picked":"Deadly Poison","floor":0},{"not_picked":["Backflip","Riddle With Holes"],"picked":"Die Die Die","floor":0},{"not_picked":["Bane","Heel Hook"],"picked":"Flying Knee","floor":0},{"not_picked":["PiercingWail","Eviscerate"],"picked":"Well Laid Plans","floor":1},{"not_picked":["Blade Dance","Dagger Throw"],"picked":"Prepared","floor":2},{"not_picked":["Backflip","Deadly Poison"],"picked":"Catalyst","floor":5}],"player_experience":423546,"relics_obtained":[],"event_choices":[{"damage_healed":0,"gold_gain":0,"player_choice":"Take Wound","damage_taken":0,"relics_obtained":["Golden Idol"],"max_hp_gain":0,"max_hp_loss":0,"event_name":"Golden Idol","floor":3,"gold_loss":0,"cards_obtained":["Injury"]},{"damage_healed":0,"gold_gain":0,"player_choice":"Entered Light","damage_taken":14,"max_hp_gain":0,"max_hp_loss":0,"event_name":"Shining Light","floor":4,"gold_loss":0,"cards_upgraded":["Strike_G","Defend_G"]}],"is_beta":false,"boss_relics":[],"items_purged_floors":[],"is_endless":false,"potions_floor_spawned":[5],"killed_by":"Gremlin Nob","ascension_level":0}}