{"host":"ydg0vn0pu4pubmdt","time":1610919571,"event":{"mods":["AchievementEnabler","BaseMod","Colored Map","Gold Saver","Minty Spire (QoL Compilation)","Quick Restart","SuperFastMode"],"gold_per_floor":[445,44,62,78,3,3,16,42,42,42,42,61,10,28,28,126,126,141,216,231,49,63,63,88,88,88,105,119,133,168,182,182,182,182],"floor_reached":33,"language":"KOR","playtime":1217,"items_purged":["Strike_B","Strike_B"],"score":474,"play_id":"692ffd95-d3ea-4ef2-91cc-2493899f355f","local_time":"20210118063931","is_ascension_mode":true,"campfire_choices":[{"data":"Dualcast","floor":6.0,"key":"SMITH"},{"data":"Genetic Algorithm","floor":11.0,"key":"SMITH"},{"data":"Chill","floor":15.0,"key":"SMITH"},{"data":"Capacitor","floor":23.0,"key":"SMITH"},{"data":"Scrape","floor":25.0,"key":"SMITH"},{"floor":32,"key":"REST"}],"circlet_count":0,"master_deck":["AscendersBane","Strike_B","Strike_B","Defend_B","Defend_B","Defend_B","Zap+1","Dualcast+1","Genetic Algorithm+1","Cold Snap","Streamline","Static Discharge","Chill+1","Compile Driver","Core Surge","Defragment+1","Capacitor+1","Scrape+1","Conserve Battery+1","Reboot","Beam Cell+1","Go for the Eyes+1","Turbo"],"relics":["Cracked Core","Bag of Preparation","Question Card","DataDisk","Runic Pyramid","Mercury Hourglass","InkBottle","Molten Egg 2"],"acts_visited":["Exordium","TheCity"],"potions_floor_usage":[30],"damage_taken":[{"damage":12.0,"enemies":"Small Slimes","floor":1.0,"turns":3.0},{"damage":5.0,"enemies":"Cultist","floor":3.0,"turns":4.0},{"damage":5.0,"enemies":"Jaw Worm","floor":4.0,"turns":3.0},{"damage":4.0,"enemies":"Red Slaver","floor":7.0,"turns":3.0},{"damage":7.0,"enemies":"3 Sentries","floor":8.0,"turns":6.0},{"damage":0.0,"enemies":"Exordium Thugs","floor":12.0,"turns":3.0},{"damage":0.0,"enemies":"3 Louse","floor":14.0,"turns":3.0},{"damage":13.0,"enemies":"The Guardian","floor":16.0,"turns":10.0},{"damage":20.0,"enemies":"2 Thieves","floor":18.0,"turns":3.0},{"damage":1.0,"enemies":"Chosen","floor":20.0,"turns":4.0},{"damage":0.0,"enemies":"Snake Plant","floor":22.0,"turns":4.0},{"damage":0.0,"enemies":"Gremlin Leader","floor":24.0,"turns":6.0},{"damage":0.0,"enemies":"3 Cultists","floor":27.0,"turns":4.0},{"damage":0,"enemies":"Centurion and Healer","floor":28,"turns":6},{"damage":9,"enemies":"Snake Plant","floor":29,"turns":3},{"damage":11,"enemies":"Book of Stabbing","floor":30,"turns":6},{"damage":0,"enemies":"Chosen and Byrds","floor":31,"turns":4},{"damage":42,"enemies":"Automaton","floor":33,"turns":8}],"seed_played":"2673046644445013839","potions_obtained":[{"floor":1.0,"key":"Strength Potion"},{"floor":3.0,"key":"DuplicationPotion"},{"floor":4.0,"key":"Block Potion"},{"floor":14.0,"key":"Energy Potion"},{"floor":16.0,"key":"FearPotion"},{"floor":20.0,"key":"PowerPotion"},{"floor":22.0,"key":"Fire Potion"},{"floor":27.0,"key":"FocusPotion"}],"is_trial":false,"path_per_floor":["M","$","M","M","$","R","M","E","T","?","R","M","$","M","R","B",null,"M","?","M","$","M","R","E","R","T","M","M","M","E","M","R","B"],"character_chosen":"DEFECT","items_purchased":["Bag of Preparation","Question Card","Dexterity Potion","Capacitor"],"campfire_rested":1,"item_purchase_floors":[2,2,13,21],"current_hp_per_floor":[56,56,51,46,46,46,42,35,35,35,35,35,35,35,35,22,62,42,35,34,34,34,34,34,34,34,34,34,25,14,14,36,0,0],"gold":182,"neow_bonus":"REMOVE_CARD","is_daily":false,"chose_seed":false,"campfire_upgraded":5,"win_rate":0.0,"timestamp":1610919571,"path_taken":["M","$","M","M","$","R","M","E","T","?","R","M","?","?","R","BOSS","M","?","M","$","?","R","E","R","T","M","M","M","E","M","R","BOSS"],"items_purchased_type":["Relic","Relic","Potion","Card"],"build_version":"2020-12-22","purchased_purges":2,"victory":false,"max_hp_per_floor":[75,75,75,75,75,75,75,75,75,75,75,75,75,75,75,75,75,75,75,75,75,75,75,75,75,75,75,75,75,75,75,75,75,75],"card_choices":[{"not_picked":["Ball Lightning","Reinforced Body"],"picked":"Genetic Algorithm","floor":1.0},{"not_picked":["Go for the Eyes","Defragment","Steam"],"picked":"Cold Snap","floor":3.0},{"not_picked":["Sweeping Beam","Storm","Turbo"],"picked":"Streamline","floor":4.0},{"not_picked":["Aggregate","Recycle","Cold Snap","Ball Lightning"],"picked":"SKIP","floor":7.0},{"not_picked":["Reprogram","Conserve Battery","Sweeping Beam"],"picked":"Static Discharge","floor":8.0},{"not_picked":["Compile Driver","Meteor Strike","Conserve Battery"],"picked":"Chill","floor":12.0},{"not_picked":["Steam","Turbo","Cold Snap"],"picked":"Compile Driver","floor":14.0},{"not_picked":["Machine Learning","Echo Form","Hyperbeam"],"picked":"Core Surge","floor":16.0},{"not_picked":["Compile Driver","Leap","Ball Lightning"],"picked":"Defragment+1","floor":18.0},{"not_picked":["Aggregate","Go for the Eyes","Defragment","Stack"],"picked":"SKIP","floor":20.0},{"not_picked":["Sweeping Beam","Consume","Defragment","Redo"],"picked":"SKIP","floor":22.0},{"not_picked":["Compile Driver","Gash","Ball Lightning"],"picked":"Scrape","floor":24.0},{"not_picked":["Rebound","Darkness+1","Hologram"],"picked":"Conserve Battery+1","floor":27.0},{"not_picked":["Storm+1","Barrage","BootSequence"],"picked":"Reboot","floor":28},{"not_picked":["Ball Lightning","Stack","Darkness"],"picked":"Beam Cell+1","floor":29},{"not_picked":["Conserve Battery","Rebound+1","Compile Driver+1"],"picked":"Go for the Eyes+1","floor":30},{"not_picked":["Stack","Aggregate","Melter+1"],"picked":"Turbo","floor":31}],"player_experience":458055,"relics_obtained":[{"floor":8.0,"key":"DataDisk"},{"floor":24.0,"key":"Mercury Hourglass"},{"floor":26.0,"key":"InkBottle"},{"floor":30,"key":"Molten Egg 2"}],"event_choices":[{"damage_healed":0.0,"max_hp_gain":0.0,"max_hp_loss":0.0,"gold_gain":0.0,"event_name":"Accursed Blacksmith","player_choice":"Forge","floor":10.0,"gold_loss":0.0,"damage_taken":0.0,"cards_upgraded":["Zap"]},{"damage_healed":0.0,"max_hp_gain":0.0,"max_hp_loss":0.0,"gold_gain":75.0,"event_name":"FaceTrader","player_choice":"Touch","floor":19.0,"gold_loss":0.0,"damage_taken":7.0}],"is_beta":false,"boss_relics":[{"not_picked":["Sozu","Velvet Choker"],"picked":"Runic Pyramid"}],"items_purged_floors":[5,21],"is_endless":false,"potions_floor_spawned":[1,3,4,14,16,20,22,27,28],"killed_by":"Automaton","ascension_level":10}}