{"host":"40gggw0x72bpm5se","time":1610868980,"event":{"mods":["ATMod(°¢èªMod)","Act Like it!","Aspiration","BaseMod","Better Vampires","Colored Map","Conspire","Energized Spire","Friendly Minions","Gensokyo","GungeonMod","GungeonMod Extend","Infinite Spire","Koishi","Library of Ruina","Library of Ruina Extra","Lobotomy","LobotomyExtend","Minty Spire (QoL Compilation)","Quarter Circle Forward PUNCH!","Quick Restart","Reimu£¨²©ÀöÁéÃÎ£©","Relic Stats","Replay The Spire","RumiaBox-Â¶Ã×æ«µÄÉñÃØºÐ×Ó","Shop Mod","Spicy Shops","StSLib","TestMod","The Alterego","UnlockEverythingMod","Waifu the Spire","Youmu£¨»êÆÇÑýÃÎ£©","vexMod","¡¾¹¦ÄÜMod¡¿»ìãçÖ®»·ÐÞ¸´²¹¶¡","¡¾ÒÅÎï¿¨ÅÆ¡¿REMEMod","Ä§½ä"],"gold_per_floor":[112,45,60,60,60,97,97,108,108,38,57,92,92,73,73,171,171,184,204,204,204,204,204],"floor_reached":22,"language":"ZHS","playtime":3149,"items_purged":["Languid","RingOfDestiny:Defend_PU+1"],"score":369,"play_id":"be5b86c2-94d8-4760-a7c7-d90b5acc728d","local_time":"20210117153620","is_ascension_mode":false,"campfire_choices":[{"floor":7.0,"key":"RECALL"},{"data":"ReplayTheSpireMod:Faulty Equipment","floor":13.0,"key":"SMITH"}],"circlet_count":0,"master_deck":["RingOfDestiny:Defend_PU","RingOfDestiny:Defend_PU","RingOfDestiny:Defend_PU","RingOfDestiny:Strike_PU","RingOfDestiny:Strike_PU","RingOfDestiny:Strike_PU","RingOfDestiny:FirstInvest","RingOfDestiny:DiamondOfDeath","RingOfDestiny:Metaphysics","Crusade:ReiMu","AT_Desolate","RingOfDestiny:CrushDiamond+1","RingOfDestiny:MultipleInvest","RingOfDestiny:RaiseMoney","RingOfDestiny:MonthCard","RingOfDestiny:Rebate","RingOfDestiny:RaiseMoney","RingOfDestiny:Act","RingOfDestiny:Show","RingOfDestiny:Wild","RingOfDestiny:Concentrate+1","Gensokyo:SevenSchoolMysteries"],"relics":["RingOfDestiny:DogEyes","REME_ComplimentaryCards","AT_ATBox","testmod-TestBox","testmod-DeterminationOfClimber","testmod-Brilliant","Baka","LetterFromLob","ReplayTheSpireMod:CursedCoin","vexMod:RetaliationKit","Strawberry","infinitespire:BottledMercury","qcfpunch:White_Boots","qcfpunch:Not_Strongest_Fighting_Style_Guidebook","DemoMod:GlassGuonStoneRelic","Gensokyo:CelestialsFlawlessClothing","energizedSpire:MagnifyingGlass","Potion Belt"],"acts_visited":["Gensokyo:Gensokyo","Gensokyo:Gensokyoer"],"potions_floor_usage":[],"damage_taken":[{"damage":0.0,"enemies":"Gensokyo:Python","floor":1.0,"turns":3.0},{"damage":0.0,"enemies":"Gensokyo:3_Fairies","floor":3.0,"turns":2.0},{"damage":0.0,"enemies":"Gensokyo:Cirno","floor":6.0,"turns":4.0},{"damage":1.0,"enemies":"Gensokyo:2_Kodama","floor":8.0,"turns":2.0},{"damage":0.0,"enemies":"Gensokyo:LivingMonolith","floor":11.0,"turns":3.0},{"damage":0.0,"enemies":"Gensokyo:Aya","floor":12.0,"turns":2.0},{"damage":4.0,"enemies":"Gensokyo:3_Kodama","floor":14.0,"turns":3.0},{"damage":0.0,"enemies":"Gensokyo:Yukari","floor":16.0,"turns":1.0},{"damage":0.0,"enemies":"Gensokyo:AngelMirror","floor":18.0,"turns":1.0},{"damage":2,"enemies":"Gensokyo:3_Dogs","floor":19,"turns":1},{"damage":0,"enemies":"Gensokyo:Slime_Group","floor":22,"turns":1}],"seed_played":"-5393731333994498776","potions_obtained":[{"floor":1.0,"key":"Languid Potion"},{"floor":3.0,"key":"ColorlessPotion"},{"floor":8.0,"key":"SmokeBomb"}],"is_trial":false,"path_per_floor":["M","$","M","?","?","E","R","M","T","?","M","E","R","M","R_BF","B",null,"M","M","AVR","?","M"],"character_chosen":"Purchemist","items_purchased":["ReplayTheSpireMod:CursedCoin","vexMod:RetaliationKit"],"campfire_rested":0,"item_purchase_floors":[2,2],"current_hp_per_floor":[90,90,90,94,91,75,75,74,74,74,75,78,78,78,43,43,140,140,138,138,126,126,126],"gold":204,"neow_bonus":"CURSED_BOSS_RELIC","is_daily":false,"chose_seed":false,"campfire_upgraded":1,"win_rate":0.0,"timestamp":1610868980,"path_taken":["M","$","?","?","?","E","R","?","T","?","M","E","R","M","R_BF","BOSS","M","?","AVR","?","M"],"items_purchased_type":["Relic","Relic"],"build_version":"2020-12-22","purchased_purges":2,"victory":false,"max_hp_per_floor":[90,90,120,120,127,140,140,140,140,140,140,140,140,140,140,140,140,140,140,140,126,126,126],"relic_stats":{"counters":[11,23],"obtain_stats":[{"Potion Belt":20,"infinitespire:BottledMercury":6,"AT_ATBox":0,"testmod-TestBox":0,"RingOfDestiny:DogEyes":0,"ReplayTheSpireMod:CursedCoin":2,"qcfpunch:Not_Strongest_Fighting_Style_Guidebook":12,"DemoMod:GlassGuonStoneRelic":1,"Baka":1,"Gensokyo:CelestialsFlawlessClothing":15,"qcfpunch:White_Boots":9,"testmod-Brilliant":0,"Strawberry":5,"testmod-DeterminationOfClimber":0,"LetterFromLob":1,"energizedSpire:MagnifyingGlass":17,"vexMod:RetaliationKit":2,"REME_ComplimentaryCards":0},{"Potion Belt":10,"infinitespire:BottledMercury":3,"AT_ATBox":0,"testmod-TestBox":0,"RingOfDestiny:DogEyes":0,"ReplayTheSpireMod:CursedCoin":1,"qcfpunch:Not_Strongest_Fighting_Style_Guidebook":6,"DemoMod:GlassGuonStoneRelic":1,"Baka":1,"Gensokyo:CelestialsFlawlessClothing":7,"qcfpunch:White_Boots":4,"testmod-Brilliant":0,"Strawberry":2,"testmod-DeterminationOfClimber":0,"LetterFromLob":1,"energizedSpire:MagnifyingGlass":8,"vexMod:RetaliationKit":1,"REME_ComplimentaryCards":0},{"Potion Belt":22,"infinitespire:BottledMercury":9,"AT_ATBox":0,"testmod-TestBox":0,"RingOfDestiny:DogEyes":0,"ReplayTheSpireMod:CursedCoin":3,"qcfpunch:Not_Strongest_Fighting_Style_Guidebook":16,"DemoMod:GlassGuonStoneRelic":3,"Baka":3,"Gensokyo:CelestialsFlawlessClothing":19,"qcfpunch:White_Boots":11,"testmod-Brilliant":0,"Strawberry":5,"testmod-DeterminationOfClimber":0,"LetterFromLob":3,"energizedSpire:MagnifyingGlass":20,"vexMod:RetaliationKit":3,"REME_ComplimentaryCards":0}]},"card_choices":[{"not_picked":["RingOfDestiny:CheckOut","RingOfDestiny:HoldOn"],"picked":"RingOfDestiny:CrushDiamond","floor":1.0},{"not_picked":["RingOfDestiny:Purification","RingOfDestiny:NoviceReward"],"picked":"RingOfDestiny:MultipleInvest","floor":3.0},{"not_picked":["RingOfDestiny:Overdraft","RingOfDestiny:DoubleInvest"],"picked":"RingOfDestiny:RaiseMoney","floor":6.0},{"not_picked":["RingOfDestiny:AristocraticPedigree","RingOfDestiny:Laugh"],"picked":"RingOfDestiny:MonthCard","floor":8.0},{"not_picked":["RingOfDestiny:Wilful","RingOfDestiny:MultipleInvest"],"picked":"RingOfDestiny:Rebate","floor":11.0},{"not_picked":["RingOfDestiny:MultipleInvest","RingOfDestiny:Wild"],"picked":"RingOfDestiny:RaiseMoney","floor":12.0},{"not_picked":["RingOfDestiny:CrushDiamond","RingOfDestiny:Joyride"],"picked":"RingOfDestiny:Act","floor":14.0},{"not_picked":["RingOfDestiny:Act","RingOfDestiny:InvestMagic"],"picked":"RingOfDestiny:Show","floor":16.0},{"not_picked":["RingOfDestiny:NoviceReward","RingOfDestiny:Filter"],"picked":"RingOfDestiny:Wild","floor":18.0},{"not_picked":["RingOfDestiny:BuyBuyBuy","RingOfDestiny:StayUpLate"],"picked":"RingOfDestiny:Concentrate+1","floor":19},{"not_picked":["Gensokyo:SlitMouthedWoman","Gensokyo:EightFeetTall"],"picked":"Gensokyo:SevenSchoolMysteries","floor":21}],"player_experience":74366,"relics_obtained":[{"floor":1.0,"key":"Baka"},{"floor":1.0,"key":"LetterFromLob"},{"floor":6.0,"key":"infinitespire:BottledMercury"},{"floor":9.0,"key":"qcfpunch:White_Boots"},{"floor":12.0,"key":"qcfpunch:Not_Strongest_Fighting_Style_Guidebook"}],"event_choices":[],"is_beta":false,"boss_relics":[{"not_picked":["testmod-StringDisintegrator","Replay:Wanted Poster"],"picked":"energizedSpire:MagnifyingGlass"}],"items_purged_floors":[2,20],"is_endless":false,"potions_floor_spawned":[1,3,8,19],"killed_by":"Gensokyo:Slime_Group","ascension_level":0}}