{"host":"9h1qbmp5h1ch7u4r","time":1610848704,"event":{"mods":["BaseMod","Lobotomy","Minty Spire (QoL Compilation)","StSLib"],"gold_per_floor":[116,197,212,223,298,331,173,173,173,173,173,205,205,205,205],"floor_reached":14,"language":"ENG","playtime":493,"items_purged":[],"score":192,"play_id":"7984559d-b25c-42c5-98cf-320261ff1a9a","local_time":"20210116205824","is_ascension_mode":true,"campfire_choices":[{"data":"Double Tap","floor":8.0,"key":"SMITH"},{"data":"Inflame","floor":10.0,"key":"SMITH"},{"data":"Iron Wave","floor":13,"key":"SMITH"}],"circlet_count":0,"master_deck":["AscendersBane","Strike_R","Strike_R","Strike_R","Strike_R","Strike_R","Defend_R","Defend_R","Defend_R","Defend_R","Bash","MeatLantern","Inflame+1","Scorched","Sword Boomerang+1","WhitesApple","Iron Wave+1","SpiderBud","Double Tap+1","Rudolta"],"relics":["Burning Blood","CogitoBucket","Bottled Tornado","Red Skull","Happy Flower","Gremlin Horn","Omamori"],"acts_visited":["Exordium"],"potions_floor_usage":[],"damage_taken":[{"damage":7.0,"enemies":"Cultist","floor":1.0,"turns":4.0},{"damage":5.0,"enemies":"Small Slimes","floor":3.0,"turns":4.0},{"damage":7.0,"enemies":"Jaw Worm","floor":4.0,"turns":2.0},{"damage":5.0,"enemies":"3 Sentries","floor":6.0,"turns":4.0},{"damage":23,"enemies":"Gremlin Nob","floor":12,"turns":4},{"damage":40,"enemies":"Lagavulin","floor":14,"turns":3}],"seed_played":"-6379038214494662904","potions_obtained":[{"floor":1.0,"key":"LiquidBronze"},{"floor":3.0,"key":"Ancient Potion"},{"floor":12,"key":"Energy Potion"}],"is_trial":false,"path_per_floor":["M","T","M","M","?","E","$","R","T","R","?","E","R","E"],"character_chosen":"IRONCLAD","items_purchased":["Happy Flower"],"campfire_rested":0,"item_purchase_floors":[7],"current_hp_per_floor":[67,67,68,67,56,57,57,57,57,57,57,40,40,0,0],"gold":205,"neow_bonus":"","is_daily":false,"chose_seed":false,"campfire_upgraded":3,"win_rate":0.0,"timestamp":1610848704,"path_taken":["M","?","M","M","?","E","?","R","T","R","?","E","R","E"],"items_purchased_type":["Relic"],"build_version":"2020-12-22","purchased_purges":0,"victory":false,"max_hp_per_floor":[75,75,75,75,75,75,75,75,75,75,75,75,75,75,75],"card_choices":[{"not_picked":["PunishingBird","Scorched"],"picked":"MeatLantern","floor":1.0},{"not_picked":["Second Wind","Sword Boomerang"],"picked":"Inflame","floor":1.0},{"not_picked":["DespairKnight","Murderer","BeautyBeast"],"picked":"Singing Bowl","floor":3.0},{"not_picked":["Mercenary","GreedKing"],"picked":"Scorched","floor":3.0},{"not_picked":["Dropkick","Rupture"],"picked":"Sword Boomerang","floor":3.0},{"not_picked":["ShyLook","VoidDream"],"picked":"WhitesApple","floor":4.0},{"not_picked":["Evolve","Anger"],"picked":"Iron Wave","floor":4.0},{"not_picked":["HappyTeddy","FairyFestival"],"picked":"SpiderBud","floor":6.0},{"not_picked":["Iron Wave","Pommel Strike"],"picked":"Double Tap","floor":6.0},{"not_picked":["PunishingBird","Porccubus"],"picked":"Rudolta","floor":12},{"not_picked":["Iron Wave","Cleave","Pommel Strike"],"picked":"SKIP","floor":12}],"player_experience":879506,"relics_obtained":[{"floor":2.0,"key":"Bottled Tornado"},{"floor":6.0,"key":"Red Skull"},{"floor":9.0,"key":"Gremlin Horn"},{"floor":12,"key":"Omamori"}],"event_choices":[{"damage_healed":0.0,"max_hp_gain":0.0,"max_hp_loss":0.0,"gold_gain":75.0,"event_name":"World of Goop","player_choice":"Gather Gold","floor":5.0,"gold_loss":0.0,"damage_taken":11.0},{"damage_healed":0.0,"max_hp_gain":0.0,"max_hp_loss":0.0,"gold_gain":0.0,"event_name":"Living Wall","player_choice":"Grow","floor":11.0,"gold_loss":0.0,"damage_taken":0.0,"cards_upgraded":["Sword Boomerang"]}],"is_beta":false,"boss_relics":[],"items_purged_floors":[],"is_endless":false,"potions_floor_spawned":[1,3,12],"killed_by":"Lagavulin","ascension_level":20}}