{"host":"s9znsjs818tlhh47","time":1610865980,"event":{"mods":["2.2 Compatiblity","AchievementEnabler","Act Like it!","BaseMod","Bestiary","Better Note","Better Skull","Better Third Choice","Better Vampires","Card Forge","Colored Powertips","Force Act Four","Gensokyo","Ironclad Rager","Marked Mod","Minty Spire (QoL Compilation)","Permanent Neow","Quick Restart","RumiaBox-露米娅的神秘盒子","StSLib","The Invoker Mod","【功能Mod】混沌之环修复补丁","【遗物卡牌】REMEMod","残留之物"],"gold_per_floor":[110,123,123,134,148,180,105,137,162,162,188,188,213,288,288,363,363,379,429,169,186,203,236,236,253,253,45,76,95,125,138,138,214,214,229,254,195,248,265,300,300,332,358,358,368,378,411,426,426,426,426,426,426,93,123,123],"floor_reached":57,"language":"ZHS","playtime":2784,"items_purged":["Strike_R","Strike_R","Strike_R"],"score":3560,"play_id":"82db769c-c300-4185-a4c2-a4665bba30ca","local_time":"20210117014620","is_ascension_mode":true,"campfire_choices":[{"floor":12.0,"key":"REST"},{"floor":15.0,"key":"REST"},{"floor":24.0,"key":"REST"},{"floor":32.0,"key":"REST"},{"floor":41.0,"key":"REST"},{"floor":49,"key":"RECALL"},{"floor":53,"key":"REST"}],"circlet_count":0,"master_deck":["AscendersBane","Defend_R","Defend_R","Defend_R","Defend_R","Ghostly Armor+1","Flame Barrier+1","Power Through+1","Evolve+1","Headbutt+1","Warcry+1","Dark Embrace+1","Corruption+1","Mayhem+1","Second Wind+1","Fire Breathing+1","Body Slam+1","Deep Breath+1","True Grit+1","Entrench+1","REME_BodyOfCthun+1","Finesse+1","REME_FirmDetermination+1"],"relics":["Hammer of Thor","Seething Fire","Anvil of the Gods","REME_ComplimentaryCards","Fusion Hammer","Blood Vial","SSSystem","Akabeko","Gremlin Horn","REME_LowDesire","Bag of Marbles","REME_PuzzleBoxRelic","PreservedInsect","Vajra","HornCleat","Lantern","Blue Candle","Astrolabe","Calipers","Incense Burner","Oddly Smooth Stone","LastBattle","Art of War","Pen Nib","CaptainsWheel","Happy Flower"],"acts_visited":["Exordium","TheCity","TheBeyond","TheEnding"],"potions_floor_usage":[56,56],"damage_taken":[{"damage":2.0,"enemies":"Small Slimes","floor":1.0,"turns":2.0},{"damage":8.0,"enemies":"Cultist","floor":2.0,"turns":3.0},{"damage":2.0,"enemies":"Jaw Worm","floor":4.0,"turns":3.0},{"damage":4.0,"enemies":"Looter","floor":5.0,"turns":3.0},{"damage":10.0,"enemies":"Lagavulin","floor":6.0,"turns":6.0},{"damage":24.0,"enemies":"3 Sentries","floor":8.0,"turns":6.0},{"damage":9.0,"enemies":"Lagavulin","floor":11.0,"turns":5.0},{"damage":2.0,"enemies":"Gremlin Nob","floor":13.0,"turns":3.0},{"damage":19.0,"enemies":"Slime Boss","floor":16.0,"turns":13.0},{"damage":4.0,"enemies":"Spheric Guardian","floor":18.0,"turns":3.0},{"damage":3.0,"enemies":"3 Byrds","floor":21.0,"turns":2.0},{"damage":12.0,"enemies":"Snecko","floor":22.0,"turns":4.0},{"damage":4.0,"enemies":"Slavers","floor":23.0,"turns":3.0},{"damage":6.0,"enemies":"Centurion and Healer","floor":25.0,"turns":5.0},{"damage":22.0,"enemies":"REME_1_Revenger","floor":28.0,"turns":4.0},{"damage":7.0,"enemies":"Shelled Parasite and Fungi","floor":29.0,"turns":2.0},{"damage":8.0,"enemies":"Gremlin Leader","floor":30.0,"turns":4.0},{"damage":16.0,"enemies":"Snecko","floor":31.0,"turns":5.0},{"damage":25.0,"enemies":"Collector","floor":33.0,"turns":6.0},{"damage":9.0,"enemies":"3 Darklings","floor":35.0,"turns":3.0},{"damage":12.0,"enemies":"Mind Bloom Boss Battle","floor":36.0,"turns":4.0},{"damage":0.0,"enemies":"2 Orb Walkers","floor":38.0,"turns":2.0},{"damage":0.0,"enemies":"Orb Walker","floor":39.0,"turns":3.0},{"damage":0.0,"enemies":"Giant Head","floor":40.0,"turns":3.0},{"damage":0,"enemies":"Reptomancer","floor":42,"turns":2},{"damage":0,"enemies":"Maw","floor":45,"turns":4},{"damage":0,"enemies":"Jaw Worm Horde","floor":46,"turns":4},{"damage":0,"enemies":"Giant Head","floor":47,"turns":1},{"damage":0,"enemies":"Sphere and 2 Shapes","floor":48,"turns":3},{"damage":0,"enemies":"Time Eater","floor":50,"turns":5},{"damage":0,"enemies":"Donu and Deca","floor":51,"turns":3},{"damage":0,"enemies":"Shield and Spear","floor":55,"turns":3},{"damage":3,"enemies":"The Heart","floor":56,"turns":5}],"seed_played":"6880166417422448457","potions_obtained":[{"floor":5.0,"key":"ColorlessPotion"},{"floor":6.0,"key":"FearPotion"},{"floor":8.0,"key":"DuplicationPotion"},{"floor":16.0,"key":"SkillPotion"},{"floor":21.0,"key":"LiquidMemories"},{"floor":22.0,"key":"Explosive Potion"},{"floor":23.0,"key":"HeartOfIron"},{"floor":31.0,"key":"REME_GoldPotion"},{"floor":33.0,"key":"SmokeBomb"},{"floor":36.0,"key":"LiquidMemories"},{"floor":40.0,"key":"Dexterity Potion"},{"floor":42,"key":"Dexterity Potion"}],"is_trial":false,"path_per_floor":["M","M","?","M","M","E","$","E","T","?","E","R","E","?","R","B",null,"M","?","$","M","M","E","R","M","T","$","E","M","E","M","R","B",null,"M","?","$","?","M","E","R","E","T","?","M","M","E","M","R","B","B",null,"R","$","E","B",null],"character_chosen":"IRONCLAD","items_purchased":["PreservedInsect","Combust","True Grit","CaptainsWheel"],"campfire_rested":6,"item_purchase_floors":[20,27,37,54],"current_hp_per_floor":[66,58,58,56,52,42,42,20,20,20,13,35,35,24,46,29,64,62,62,62,61,51,49,71,67,67,67,47,42,36,22,44,21,62,55,45,45,47,49,51,73,75,75,75,75,75,75,75,75,75,75,75,75,75,75,72],"gold":123,"neow_bonus":"BOSS_RELIC","is_daily":false,"chose_seed":false,"campfire_upgraded":0,"win_rate":0.0,"timestamp":1610865980,"path_taken":["M","M","?","M","?","E","$","E","T","?","E","R","E","?","R","BOSS","M","?","$","M","M","E","R","M","T","$","E","M","E","?","R","BOSS","M","?","$","?","M","E","R","E","T","?","?","M","E","M","R","BOSS","BOSS","R","$","E","BOSS"],"items_purchased_type":["Relic","Card","Card","Relic"],"build_version":"2020-12-22","purchased_purges":3,"victory":true,"max_hp_per_floor":[75,75,75,75,75,75,75,75,75,75,75,75,75,75,75,75,75,75,75,75,75,75,75,75,75,75,75,75,75,75,75,75,75,75,75,75,75,75,75,75,75,75,75,75,75,75,75,75,75,75,75,75,75,75,75,75],"card_choices":[{"not_picked":["Heavy Blade","Rampage"],"picked":"Feel No Pain","floor":1.0},{"not_picked":["Searing Blow","Sword Boomerang"],"picked":"Ghostly Armor","floor":2.0},{"not_picked":["Headbutt","Flex"],"picked":"Blood for Blood","floor":4.0},{"not_picked":["Iron Wave","Heavy Blade"],"picked":"Rupture","floor":5.0},{"not_picked":["Flame Barrier","Cleave","Bludgeon"],"picked":"SKIP","floor":6.0},{"not_picked":["Warcry","Reckless Charge"],"picked":"Shrug It Off","floor":8.0},{"not_picked":["Iron Wave","Heavy Blade"],"picked":"Armaments","floor":11.0},{"not_picked":["Metallicize","Sentinel","Flame Barrier"],"picked":"SKIP","floor":13.0},{"not_picked":["REME_ACTH","Juggernaut"],"picked":"Brutality","floor":16.0},{"not_picked":["Twin Strike","REME_FearOfPain","Anger+1"],"picked":"Secret Weapon","floor":18.0},{"not_picked":["Iron Wave","Ghostly Armor","Rage","REME_Flogging"],"picked":"SKIP","floor":21.0},{"not_picked":["Clash","Power Through","PanicButton"],"picked":"Evolve","floor":22.0},{"not_picked":["Seeing Red","Clash","Purity"],"picked":"Sever Soul","floor":23.0},{"not_picked":["Bludgeon","Carnage","Thinking Ahead"],"picked":"Headbutt+1","floor":25.0},{"not_picked":["Evolve","Infernal Blade+1","REME_Flogging"],"picked":"Warcry","floor":28.0},{"not_picked":["Shrug It Off","Clash","Havoc","Metamorphosis"],"picked":"SKIP","floor":29.0},{"not_picked":["Havoc","Cleave","Headbutt+1","REME_ShortnessOfBreath"],"picked":"SKIP","floor":30.0},{"not_picked":["Thunderclap","Wild Strike","Deep Breath"],"picked":"Dark Embrace","floor":31.0},{"not_picked":["REME_ACTH","Demon Form","Flash of Steel"],"picked":"Corruption","floor":33.0},{"not_picked":["Pummel","Iron Wave","Good Instincts"],"picked":"Body Slam","floor":35.0},{"not_picked":["Flex","Warcry","Shrug It Off"],"picked":"Deep Breath+1","floor":36.0},{"not_picked":["Twin Strike","True Grit","Mayhem"],"picked":"Battle Trance+1","floor":38.0},{"not_picked":["Warcry","Cleave","Trip+1"],"picked":"Entrench+1","floor":39.0},{"not_picked":["Carnage","Rampage","Pommel Strike","Metamorphosis"],"picked":"SKIP","floor":40.0},{"not_picked":["Sever Soul","Anger+1","Infernal Blade+1","Secret Weapon"],"picked":"SKIP","floor":42},{"not_picked":["Juggernaut","Clash","Shrug It Off"],"picked":"REME_BodyOfCthun","floor":45},{"not_picked":["Thunderclap","Headbutt","Perfected Strike","Swift Strike"],"picked":"SKIP","floor":46},{"not_picked":["Reckless Charge","Berserk","REME_SingleHolding+1"],"picked":"Finesse","floor":47},{"not_picked":["Clash","Shrug It Off","Whirlwind","REME_ProfessionalPlagiarism"],"picked":"SKIP","floor":48},{"not_picked":["Headbutt","Perfected Strike","Uppercut"],"picked":"REME_FirmDetermination","floor":55}],"player_experience":316465,"relics_obtained":[{"floor":6.0,"key":"Blood Vial"},{"floor":8.0,"key":"SSSystem"},{"floor":11.0,"key":"Akabeko"},{"floor":13.0,"key":"Gremlin Horn"},{"floor":17.0,"key":"Bag of Marbles"},{"floor":17.0,"key":"REME_PuzzleBoxRelic"},{"floor":23.0,"key":"Vajra"},{"floor":26.0,"key":"HornCleat"},{"floor":28.0,"key":"Lantern"},{"floor":30.0,"key":"Blue Candle"},{"floor":36.0,"key":"Calipers"},{"floor":38.0,"key":"Incense Burner"},{"floor":40.0,"key":"Oddly Smooth Stone"},{"floor":42,"key":"LastBattle"},{"floor":43,"key":"Art of War"},{"floor":47,"key":"Pen Nib"},{"floor":55,"key":"Happy Flower"}],"event_choices":[{"damage_healed":0.0,"max_hp_gain":0.0,"max_hp_loss":0.0,"gold_gain":0.0,"cards_transformed":["Strike_R"],"event_name":"Transmorgrifier","player_choice":"Transformed","floor":3.0,"gold_loss":0.0,"damage_taken":0.0,"cards_obtained":["Flame Barrier"]},{"damage_healed":0.0,"max_hp_gain":0.0,"max_hp_loss":0.0,"gold_gain":0.0,"cards_transformed":["Strike_R"],"event_name":"Living Wall","player_choice":"Change","floor":10.0,"gold_loss":0.0,"damage_taken":0.0,"cards_obtained":["Power Through"]},{"damage_healed":0.0,"max_hp_gain":0.0,"max_hp_loss":0.0,"gold_gain":75.0,"event_name":"betterThird:BetterGoop","player_choice":"Gold","floor":14.0,"gold_loss":0.0,"damage_taken":11.0},{"damage_healed":0.0,"max_hp_gain":0.0,"max_hp_loss":0.0,"gold_gain":100.0,"event_name":"The Joust","player_choice":"Bet on Murderer","floor":19.0,"gold_loss":50.0,"damage_taken":0.0},{"damage_healed":0.0,"max_hp_gain":0.0,"max_hp_loss":0.0,"gold_gain":0.0,"event_name":"MindBloom","player_choice":"Fight","floor":36.0,"gold_loss":0.0,"damage_taken":0.0},{"damage_healed":0.0,"max_hp_gain":0.0,"max_hp_loss":0.0,"gold_gain":0.0,"event_name":"Mysterious Sphere","player_choice":"Fight","floor":38.0,"gold_loss":0.0,"damage_taken":0.0},{"cards_removed":["Corruption"],"damage_healed":0,"gold_gain":0,"player_choice":"Give","damage_taken":0,"max_hp_gain":0,"max_hp_loss":0,"event_name":"betterNote:BetterNote","floor":44,"gold_loss":0,"cards_obtained":["None"]}],"is_beta":false,"boss_relics":[{"not_picked":["Cursed Key","Empty Cage"],"picked":"REME_LowDesire"},{"not_picked":["Runic Pyramid","Mark of Pain"],"picked":"Astrolabe"}],"items_purged_floors":[7,20,27],"is_endless":false,"potions_floor_spawned":[5,6,8,16,21,22,23,29,31,33,36,40,42,46,48,55],"ascension_level":20}}