{"host":"0tiuc76yumknr6qf","time":1610851228,"event":{"mods":["Aspiration","BaseMod","Bestiary","Colored Map","DeckTracker","Highlight Path","Minty Spire (QoL Compilation)","StSLib"],"gold_per_floor":[113,113,113,131,131,175,175,193,241,281,281,281,112,126,126,224,224,242,67,67,94,108,132,132,173,173,48,86,86,100,113,113,206,206,227,227,246,297,322,353,367,367,367,122,140,153,171,171,171],"floor_reached":48,"language":"ENG","playtime":2654,"items_purged":["Injury","Strike_G","Regret","Writhe"],"score":1224,"play_id":"28a2e5a4-1b3c-48b1-a6e8-83dd898f351a","local_time":"20210116204028","is_ascension_mode":true,"campfire_choices":[{"data":"Neutralize","floor":7.0,"key":"SMITH"},{"data":"Backstab","floor":12.0,"key":"SMITH"},{"floor":15.0,"key":"REST"},{"floor":24,"key":"REST"},{"data":"Accuracy","floor":29,"key":"SMITH"},{"floor":32,"key":"REST"},{"data":"Envenom","floor":42,"key":"SMITH"}],"circlet_count":0,"master_deck":["AscendersBane","Strike_G","Strike_G","Strike_G+1","Strike_G","Defend_G","Defend_G","Defend_G","Defend_G","Defend_G","Survivor","Neutralize+1","Slice+1","Deadly Poison","Blade Dance+1","Backstab+1","Deadly Poison+1","Dodge and Roll+1","Accuracy+1","Noxious Fumes","Wraith Form v2","Expertise+1","Accuracy","Dodge and Roll+1","Blade Dance+1","Night Terror+1","Backflip+1","Cloak And Dagger+1","Dodge and Roll+1","Adrenaline+1","PiercingWail+1","Leg Sweep+1","Shrug It Off+1","Envenom+1","Acrobatics+1","Purity+1","True Grit+1","Dodge and Roll+1"],"relics":["Ring of the Snake","NeowsBlessing","Golden Idol","Toxic Egg 2","Strawberry","aspiration:Lifesprig","Bottled Lightning","Cursed Key","aspiration:RitualStick","Potion Belt","Bag of Marbles","Lantern","aspiration:IroncladSkillbook","aspiration:FrozenJewel"],"acts_visited":["Exordium","TheCity","TheBeyond"],"potions_floor_usage":[16,23,33,37,39,39,39,39,45,47,48,48,48,48,48,48],"damage_taken":[{"damage":0.0,"enemies":"2 Louse","floor":1.0,"turns":1.0},{"damage":0.0,"enemies":"Jaw Worm","floor":4.0,"turns":1.0},{"damage":0.0,"enemies":"Gremlin Nob","floor":6.0,"turns":1.0},{"damage":0.0,"enemies":"Cultist","floor":8.0,"turns":2.0},{"damage":27.0,"enemies":"3 Sentries","floor":10.0,"turns":9.0},{"damage":4.0,"enemies":"3 Louse","floor":14.0,"turns":3.0},{"damage":7,"enemies":"Slime Boss","floor":16,"turns":5},{"damage":6,"enemies":"2 Thieves","floor":18,"turns":5},{"damage":10,"enemies":"3 Byrds","floor":22,"turns":5},{"damage":9,"enemies":"Sentry and Sphere","floor":23,"turns":6},{"damage":9,"enemies":"Gremlin Leader","floor":25,"turns":6},{"damage":0,"enemies":"Book of Stabbing","floor":28,"turns":1},{"damage":0,"enemies":"Shelled Parasite and Fungi","floor":30,"turns":2},{"damage":0,"enemies":"Cultist and Chosen","floor":31,"turns":2},{"damage":29,"enemies":"Champ","floor":33,"turns":9},{"damage":10,"enemies":"3 Shapes","floor":35,"turns":6},{"damage":0,"enemies":"Orb Walker","floor":37,"turns":2},{"damage":24,"enemies":"Maw","floor":39,"turns":8},{"damage":0,"enemies":"Reptomancer","floor":40,"turns":8},{"damage":0,"enemies":"Sphere and 2 Shapes","floor":41,"turns":4},{"damage":37,"enemies":"3 Darklings","floor":45,"turns":5},{"damage":0,"enemies":"Jaw Worm Horde","floor":46,"turns":4},{"damage":0,"enemies":"Spire Growth","floor":47,"turns":6},{"damage":28,"enemies":"Giant Head","floor":48,"turns":7}],"seed_played":"3678563028064067679","potions_obtained":[{"floor":1.0,"key":"EntropicBrew"},{"floor":4.0,"key":"Strength Potion"},{"floor":18,"key":"AttackPotion"},{"floor":28,"key":"SkillPotion"},{"floor":30,"key":"BlessingOfTheForge"},{"floor":31,"key":"EntropicBrew"},{"floor":37,"key":"Explosive Potion"},{"floor":39,"key":"ColorlessPotion"},{"floor":40,"key":"GamblersBrew"},{"floor":46,"key":"CunningPotion"}],"is_trial":false,"path_per_floor":["M","?","?","M","?","E","R","M","T","E","?","R","$","M","R","B",null,"M","$","?","T","M","M","R","E","T","$","E","R","M","M","R","B",null,"M","?","M","T","M","E","M","R","T","$","M","M","M","E"],"character_chosen":"THE_SILENT","items_purchased":["Dodge and Roll+1","Accuracy","Accuracy","Purity+1"],"campfire_rested":3,"item_purchase_floors":[13,13,19,44],"current_hp_per_floor":[59,39,39,39,39,46,46,46,46,19,19,19,19,15,35,28,57,51,51,34,34,24,15,35,26,26,26,26,26,26,26,46,17,55,49,49,53,53,33,37,41,41,41,41,8,12,16,0,0],"gold":171,"neow_bonus":"THREE_ENEMY_KILL","is_daily":false,"chose_seed":false,"campfire_upgraded":4,"win_rate":0.0,"timestamp":1610851228,"path_taken":["M","?","?","?","?","E","R","M","T","E","?","R","$","M","R","BOSS","M","$","?","?","M","M","R","E","T","$","E","R","?","M","R","BOSS","M","?","M","?","M","E","M","R","T","$","M","?","M","E"],"items_purchased_type":["Card","Card","Card","Card"],"build_version":"2020-12-22","purchased_purges":4,"victory":false,"max_hp_per_floor":[66,66,60,60,60,67,67,67,67,67,67,67,67,67,67,67,67,67,67,67,67,67,67,67,67,67,67,67,67,67,67,67,67,67,67,67,67,67,67,67,67,67,67,67,67,67,67,67,67],"card_choices":[{"not_picked":["Expertise","Flechettes"],"picked":"Slice","floor":1.0},{"not_picked":["Underhanded Strike","Tactician"],"picked":"Deadly Poison","floor":4.0},{"not_picked":["Flying Knee","Setup+1"],"picked":"Blade Dance+1","floor":6.0},{"not_picked":["Underhanded Strike","Deflect+1"],"picked":"Backstab","floor":8.0},{"not_picked":["Quick Slash","Outmaneuver+1"],"picked":"Deadly Poison+1","floor":10.0},{"not_picked":["Dagger Throw","Distraction+1"],"picked":"Noxious Fumes","floor":14.0},{"not_picked":["Phantasmal Killer+1","aspiration:Lunge"],"picked":"Wraith Form v2","floor":16},{"not_picked":["Tactician+1","Quick Slash"],"picked":"Expertise+1","floor":18},{"not_picked":["Poisoned Stab","Riddle With Holes"],"picked":"Dodge and Roll+1","floor":22},{"not_picked":["Slice","Choke"],"picked":"Blade Dance+1","floor":23},{"not_picked":["Escape Plan+1","Footwork"],"picked":"Night Terror+1","floor":25},{"not_picked":["Choke","Underhanded Strike+1"],"picked":"Backflip+1","floor":28},{"not_picked":["Footwork","Quick Slash"],"picked":"Cloak And Dagger+1","floor":30},{"not_picked":["Bane","Deadly Poison+1"],"picked":"Dodge and Roll+1","floor":31},{"not_picked":["Bullet Time+1","Venomology+1"],"picked":"Adrenaline+1","floor":33},{"not_picked":["Metallicize","Bane","Sucker Punch"],"picked":"PiercingWail+1","floor":35},{"not_picked":["Perfected Strike+1","Bouncing Flask+1","PiercingWail+1"],"picked":"Leg Sweep+1","floor":37},{"not_picked":["Headbutt+1","Clash","Skewer"],"picked":"Shrug It Off+1","floor":39},{"not_picked":["Clothesline","PiercingWail+1","Heavy Blade"],"picked":"Envenom","floor":40},{"not_picked":["Shrug It Off+1","Metallicize","Flex+1"],"picked":"Acrobatics+1","floor":41},{"not_picked":["Poisoned Stab","Iron Wave","Thunderclap","Body Slam"],"picked":"SKIP","floor":45},{"not_picked":["Poisoned Stab","Perfected Strike","PiercingWail+1"],"picked":"True Grit+1","floor":46},{"not_picked":["Twin Strike","Thunderclap+1","Pummel"],"picked":"Dodge and Roll+1","floor":47}],"player_experience":1893685,"relics_obtained":[{"floor":6.0,"key":"Strawberry"},{"floor":9.0,"key":"aspiration:Lifesprig"},{"floor":10.0,"key":"Bottled Lightning"},{"floor":21,"key":"Potion Belt"},{"floor":25,"key":"Bag of Marbles"},{"floor":28,"key":"Lantern"},{"floor":40,"key":"aspiration:FrozenJewel"}],"event_choices":[{"damage_healed":0.0,"max_hp_gain":0.0,"max_hp_loss":0.0,"gold_gain":0.0,"event_name":"Shining Light","player_choice":"Entered Light","floor":2.0,"gold_loss":0.0,"damage_taken":20.0,"cards_upgraded":["Slice","Strike_G"]},{"damage_healed":0.0,"max_hp_gain":0.0,"max_hp_loss":6.0,"gold_gain":0.0,"event_name":"Golden Idol","player_choice":"Lose Max HP","floor":3.0,"gold_loss":0.0,"damage_taken":0.0,"relics_obtained":["Golden Idol"]},{"damage_healed":0.0,"max_hp_gain":0.0,"max_hp_loss":0.0,"gold_gain":0.0,"event_name":"Scrap Ooze","player_choice":"Fled","floor":11.0,"gold_loss":0.0,"damage_taken":0.0},{"damage_healed":0,"gold_gain":0,"player_choice":"Ignored","damage_taken":0,"max_hp_gain":0,"max_hp_loss":0,"event_name":"Tomb of Lord Red Mask","floor":36,"gold_loss":0}],"is_beta":false,"boss_relics":[{"not_picked":["Snecko Eye","Velvet Choker"],"picked":"Cursed Key"},{"not_picked":["Tiny House","Coffee Dripper"],"picked":"aspiration:IroncladSkillbook"}],"items_purged_floors":[13,19,27,44],"is_endless":false,"potions_floor_spawned":[1,4,8,10,18,28,30,31,37,39,40,46],"killed_by":"Giant Head","ascension_level":20}}