{"host":"6es90lqcwaoc0kgm","time":1610862622,"event":{"mods":["Act Like it!","Bard","BaseMod","Hallownest","HololiveMod","Jorbs\u0027s Wanderer Trilogy","Marisa£®ÏF”Í°°ƒß¿Ì…≥£©","Minty Spire (QoL Compilation)","Quick Restart","Remilia£®¿Ÿ√◊¿Ú—«£©","Replay The Spire","StSLib","The Administrix","The Animator","The Bug Knight","The Cursed","The Disciple","The Hierophant","The Necromancer","The Runesmith","The Servant 0.9.4","[GremlinLeader]The Maniac"],"gold_per_floor":[116,116,126,126,139,166,178,205,205,221,221,221],"floor_reached":11,"language":"ZHS","playtime":358,"items_purged":[],"score":145,"play_id":"39b76bdb-d1a4-46ce-ba88-8cb8d5c421d4","local_time":"20210117135022","is_ascension_mode":true,"campfire_choices":[],"circlet_count":0,"master_deck":["AscendersBane","Strike_R","Strike_R","Strike_R","Strike_R","Defend_R","Defend_R","Defend_R","Bash","Spot Weakness","Perfected Strike","Headbutt","Heavy Blade","ReplayTheSpireMod:Strike From Hell","Infernal Blade","Hemogenesis","Pommel Strike"],"relics":["Burning Blood","NeowsBlessing","Unceasing Top","ReplayTheSpireMod:TigerMarble"],"acts_visited":["Exordium"],"potions_floor_usage":[10],"damage_taken":[{"damage":0.0,"enemies":"2 Louse","floor":1.0,"turns":1.0},{"damage":0.0,"enemies":"Cultist","floor":3.0,"turns":1.0},{"damage":0.0,"enemies":"Small Slimes","floor":5.0,"turns":1.0},{"damage":40.0,"enemies":"Lagavulin","floor":6.0,"turns":4.0},{"damage":16.0,"enemies":"Blue Slaver","floor":7.0,"turns":3.0},{"damage":28.0,"enemies":"Gremlin Nob","floor":8.0,"turns":4.0},{"damage":22,"enemies":"Gremlin Gang","floor":10,"turns":5},{"damage":15,"enemies":"Lagavulin","floor":11,"turns":2}],"seed_played":"-2750901810268200840","potions_obtained":[{"floor":1.0,"key":"Cursed Concoction"},{"floor":7.0,"key":"ElixirPotion"},{"floor":8.0,"key":"BloodPotion"}],"is_trial":false,"path_per_floor":["M","?","M","?","M","E","M","E","T","M","E"],"character_chosen":"IRONCLAD","items_purchased":[],"campfire_rested":0,"item_purchase_floors":[],"current_hp_per_floor":[74,74,75,75,75,41,31,9,9,8,0,0],"gold":221,"neow_bonus":"THREE_ENEMY_KILL","is_daily":false,"chose_seed":false,"campfire_upgraded":0,"win_rate":0.0,"timestamp":1610862622,"path_taken":["M","?","M","?","?","E","?","E","T","M","E"],"items_purchased_type":[],"build_version":"2020-12-22","purchased_purges":0,"victory":false,"max_hp_per_floor":[75,75,75,75,75,75,75,75,75,75,75,75],"card_choices":[{"not_picked":["Sentinel","Wild Strike"],"picked":"Spot Weakness","floor":1.0},{"not_picked":["ReplayTheSpireMod:Corrosion Curse","Warcry"],"picked":"Headbutt","floor":3.0},{"not_picked":["Flex","Hemokinesis"],"picked":"Heavy Blade","floor":5.0},{"not_picked":["True Grit","Whirlwind"],"picked":"ReplayTheSpireMod:Strike From Hell","floor":6.0},{"not_picked":["ReplayTheSpireMod:Strike From Hell","Thunderclap"],"picked":"Infernal Blade","floor":7.0},{"not_picked":["Havoc","Headbutt"],"picked":"Hemogenesis","floor":8.0},{"not_picked":["Wild Strike","Sever Soul"],"picked":"Pommel Strike","floor":10}],"player_experience":703912,"relics_obtained":[{"floor":6.0,"key":"Unceasing Top"},{"floor":8.0,"key":"ReplayTheSpireMod:TigerMarble"}],"event_choices":[{"damage_healed":0.0,"max_hp_gain":0.0,"max_hp_loss":0.0,"gold_gain":0.0,"cards_transformed":["Defend_R"],"event_name":"Living Wall","player_choice":"Change","floor":2.0,"gold_loss":0.0,"damage_taken":0.0,"cards_obtained":["Perfected Strike"]},{"cards_removed":["Strike_R"],"damage_healed":0.0,"max_hp_gain":0.0,"max_hp_loss":0.0,"gold_gain":0.0,"event_name":"Wheel of Change","player_choice":"Card Removal","floor":4.0,"gold_loss":0.0,"damage_taken":0.0}],"is_beta":false,"boss_relics":[],"items_purged_floors":[],"is_endless":false,"potions_floor_spawned":[1,7,8],"killed_by":"Lagavulin","ascension_level":14}}