{"host":"37dk0reb6x0du8wx","time":1610871255,"event":{"mods":["BaseMod","Colored Map","DeckTracker","Minty Spire (QoL Compilation)","Quick Restart","StSLib"],"gold_per_floor":[119,119,119,139,139,170,184,184,184,184,200,57,57,57,57,182,182,201,220,70,93,93,116,116,116,116,116,316,360,360,22,22,22,22],"floor_reached":33,"language":"KOR","playtime":811,"items_purged":["Strike_G"],"score":337,"play_id":"00729ce2-1364-4971-9a92-3fdc70222f0a","local_time":"20210117171415","is_ascension_mode":true,"campfire_choices":[{"floor":8,"key":"REST"},{"data":"Footwork","floor":10,"key":"SMITH"},{"floor":15,"key":"REST"},{"floor":25,"key":"REST"},{"floor":27,"key":"REST"},{"floor":30,"key":"REST"},{"data":"Crippling Poison","floor":32,"key":"SMITH"}],"circlet_count":0,"master_deck":["Strike_G+1","Strike_G+1","Defend_G","Defend_G","Defend_G","Defend_G","Defend_G","Survivor","Neutralize","Slice","Footwork+1","Slice","Deadly Poison","Venomology","Slice+1","Crippling Poison+1","Deadly Poison+1","Slice","Blade Dance"],"relics":["Ring of the Snake","NeowsBlessing","Golden Idol","Juzu Bracelet","Mercury Hourglass","Tiny Chest","SlaversCollar","Dream Catcher","Nunchaku","Ornamental Fan","Calipers","Ninja Scroll","Membership Card","Vajra","Regal Pillow"],"acts_visited":["Exordium","TheCity"],"potions_floor_usage":[16,23,29,29,29,29,33,33],"damage_taken":[{"damage":0,"enemies":"Jaw Worm","floor":1,"turns":1},{"damage":0,"enemies":"2 Louse","floor":4,"turns":1},{"damage":0,"enemies":"Gremlin Nob","floor":6,"turns":1},{"damage":0,"enemies":"Cultist","floor":7,"turns":4},{"damage":8,"enemies":"Lots of Slimes","floor":11,"turns":3},{"damage":51,"enemies":"Hexaghost","floor":16,"turns":11},{"damage":12,"enemies":"3 Byrds","floor":18,"turns":6},{"damage":22,"enemies":"Spheric Guardian","floor":19,"turns":5},{"damage":10,"enemies":"Chosen and Byrds","floor":23,"turns":6},{"damage":21,"enemies":"Slavers","floor":29,"turns":4},{"damage":72,"enemies":"Champ","floor":33,"turns":12}],"seed_played":"-5715135979463182378","potions_obtained":[{"floor":6,"key":"Explosive Potion"},{"floor":7,"key":"DuplicationPotion"},{"floor":11,"key":"ColorlessPotion"},{"floor":29,"key":"SteroidPotion"}],"is_trial":false,"path_per_floor":["M","?","?","M","?","E","M","R","T","R","M","$","?","$","R","B",null,"M","M","$","T","?","M","T","R","T","R","?","E","R","$","R","B"],"character_chosen":"THE_SILENT","items_purchased":["Tiny Chest","Dream Catcher","Membership Card","Vajra","Regal Pillow"],"campfire_rested":5,"item_purchase_floors":[12,20,31,31,31],"current_hp_per_floor":[70,56,56,56,39,39,39,60,60,60,52,52,52,52,70,19,70,58,36,36,36,36,26,26,47,47,68,68,47,68,68,68,0,0],"gold":22,"neow_bonus":"THREE_ENEMY_KILL","is_daily":false,"chose_seed":false,"campfire_upgraded":2,"win_rate":0.0,"timestamp":1610871255,"path_taken":["M","?","?","M","?","E","M","R","T","R","M","?","?","$","R","BOSS","M","M","$","?","?","M","?","R","T","R","?","E","R","?","R","BOSS"],"items_purchased_type":["Relic","Relic","Relic","Relic","Relic"],"build_version":"2020-12-22","purchased_purges":1,"victory":false,"max_hp_per_floor":[70,70,70,70,70,70,70,70,70,70,70,70,70,70,70,70,70,70,70,70,70,70,70,70,70,70,70,70,70,70,70,70,70,70],"card_choices":[{"not_picked":["Sucker Punch","Acrobatics"],"picked":"Slice","floor":1},{"not_picked":["Infinite Blades","Well Laid Plans"],"picked":"Footwork","floor":4},{"not_picked":["Bane","Heel Hook","Concentrate"],"picked":"SKIP","floor":6},{"not_picked":["Deflect","Footwork"],"picked":"Slice","floor":7},{"not_picked":["Catalyst","Distraction"],"picked":"Deadly Poison","floor":11},{"not_picked":["Bane","PiercingWail"],"picked":"Slice+1","floor":18},{"not_picked":["All Out Attack","Leg Sweep"],"picked":"Crippling Poison","floor":19},{"not_picked":["Caltrops","Dagger Spray","Predator"],"picked":"SKIP","floor":23},{"not_picked":["Deflect","Setup"],"picked":"Deadly Poison+1","floor":25},{"not_picked":["Blur","Dodge and Roll"],"picked":"Slice","floor":27},{"not_picked":["Dagger Spray","PiercingWail","Riddle With Holes"],"picked":"SKIP","floor":29},{"not_picked":["All Out Attack","Flying Knee+1"],"picked":"Blade Dance","floor":30}],"player_experience":213458,"relics_obtained":[{"floor":6,"key":"Juzu Bracelet"},{"floor":9,"key":"Mercury Hourglass"},{"floor":21,"key":"Nunchaku"},{"floor":24,"key":"Ornamental Fan"},{"floor":26,"key":"Calipers"},{"floor":29,"key":"Ninja Scroll"}],"event_choices":[{"damage_healed":0,"gold_gain":0,"player_choice":"Entered Light","damage_taken":14,"max_hp_gain":0,"max_hp_loss":0,"event_name":"Shining Light","floor":2,"gold_loss":0,"cards_upgraded":["Strike_G","Strike_G"]},{"cards_removed":["Strike_G"],"damage_healed":0,"gold_gain":0,"player_choice":"Forget","damage_taken":0,"max_hp_gain":0,"max_hp_loss":0,"event_name":"Living Wall","floor":3,"gold_loss":0},{"damage_healed":0,"gold_gain":0,"player_choice":"Take Damage","damage_taken":17,"relics_obtained":["Golden Idol"],"max_hp_gain":0,"max_hp_loss":0,"event_name":"Golden Idol","floor":5,"gold_loss":0},{"damage_healed":0,"gold_gain":0,"player_choice":"1 cards matched","damage_taken":0,"max_hp_gain":0,"max_hp_loss":0,"event_name":"Match and Keep!","floor":13,"gold_loss":0,"cards_obtained":["Venomology"]},{"cards_removed":["Strike_G"],"damage_healed":0,"gold_gain":0,"player_choice":"Elegance","damage_taken":0,"max_hp_gain":0,"max_hp_loss":0,"event_name":"Back to Basics","floor":22,"gold_loss":0},{"damage_healed":0,"gold_gain":250,"player_choice":"Bet on Owner","damage_taken":0,"max_hp_gain":0,"max_hp_loss":0,"event_name":"The Joust","floor":28,"gold_loss":50}],"is_beta":false,"boss_relics":[{"not_picked":["Cursed Key","Astrolabe"],"picked":"SlaversCollar"}],"items_purged_floors":[31],"is_endless":false,"potions_floor_spawned":[6,7,11,29],"killed_by":"Champ","ascension_level":2}}