{"host":"l84l8xigz5v5foa2","time":1610868582,"event":{"mods":["2.2 Compatiblity","AchievementEnabler","BaseMod","Better Note","Better Vampires","Card Filter","Colored Map","DeckTracker","Downfall","Gremlin Skip","Highlight Path","Keyboard Shortcuts","Minty Spire (QoL Compilation)","Permanent Neow","Quick Restart","Relic Filter","Relic Stats","StSLib","SuperFastMode","Transform Curses","Unknown Chances"],"gold_per_floor":[349,361,372,389,405,405,454,12,12,23,23,8,34,19,36,36,36,36],"floor_reached":16,"language":"ENG","playtime":721,"items_purged":[],"score":204,"play_id":"5ab03492-28e1-449e-8adc-a8b75acd1a82","local_time":"20210117162942","is_ascension_mode":true,"campfire_choices":[{"data":"hexamod:Float","floor":1.0,"key":"SMITH"},{"data":"hexamod:NecessarySacrifice","floor":6.0,"key":"SMITH"},{"data":"hexamod:CatchUp","floor":11.0,"key":"SMITH"}],"circlet_count":0,"master_deck":["AscendersBane","hexamod:Strike","hexamod:Strike","hexamod:Strike","hexamod:Strike","hexamod:Defend","hexamod:Defend","hexamod:Defend","hexamod:Defend","hexamod:Sear","hexamod:Float+1","hexamod:SuperheatedStrike","hexamod:NecessarySacrifice+1","hexamod:CatchUp+1","hexamod:AdvancingGuard","hexamod:NightmareStrike","hexamod:HeatMetal+1","hexamod:NecessarySacrifice+1","hexamod:RainOfEmbers+1","hexamod:GhostflameBarrier+1","hexamod:HauntingEcho+1"],"relics":["hexamod:SpiritBrand","Anchor","Membership Card","Toxic Egg 2","Molten Egg 2","Gremlin Horn","Mango"],"acts_visited":[],"potions_floor_usage":[13],"damage_taken":[{"damage":0.0,"enemies":"Cultist","floor":2.0,"turns":4.0},{"damage":0.0,"enemies":"2 Louse","floor":3.0,"turns":3.0},{"damage":2.0,"enemies":"Jaw Worm","floor":4.0,"turns":3.0},{"damage":5.0,"enemies":"Large Slime","floor":5.0,"turns":4.0},{"damage":0.0,"enemies":"downfall:FleeingMerchant","floor":8.0,"turns":4.0},{"damage":0.0,"enemies":"3 Louse","floor":10.0,"turns":2.0},{"damage":5,"enemies":"downfall:FleeingMerchant","floor":12,"turns":4},{"damage":5,"enemies":"Lagavulin","floor":13,"turns":6},{"damage":5,"enemies":"downfall:FleeingMerchant","floor":14,"turns":4},{"damage":0,"enemies":"Exordium Thugs","floor":15,"turns":3},{"damage":35,"enemies":"SI_SHIV_ARCHETYPE","floor":16,"turns":5}],"seed_played":"7855827292841081211","potions_obtained":[{"floor":4.0,"key":"bronze:BurnAndBuffPotion"},{"floor":10.0,"key":"Dexterity Potion"},{"floor":13,"key":"Energy Potion"}],"is_trial":false,"path_per_floor":["R","M","M","M","M","R","T","$","T","M","R","$","E","$","M","B"],"character_chosen":"THE_SPIRIT","items_purchased":["Membership Card","Toxic Egg 2","Molten Egg 2"],"campfire_rested":0,"item_purchase_floors":[8,8,8],"current_hp_per_floor":[42,42,42,40,35,35,35,35,35,35,35,30,39,34,34,0,0,0],"gold":36,"neow_bonus":"TWO_FIFTY_GOLD","is_daily":false,"chose_seed":false,"campfire_upgraded":3,"win_rate":0.0,"timestamp":1610868582,"path_taken":["R","M","?","?","M","R","T","$","?","M","R","$","E","?","M","BOSS"],"items_purchased_type":["Relic","Relic","Relic"],"build_version":"2020-12-22","purchased_purges":0,"victory":false,"max_hp_per_floor":[63,63,63,63,63,63,63,63,63,63,63,63,77,77,77,77,77,77],"relic_stats":{"Gremlin Horn":[2,2],"counters":[11,42],"obtain_stats":[{"Anchor":7,"Gremlin Horn":9,"Molten Egg 2":8,"Mango":13,"Membership Card":8,"Toxic Egg 2":8,"hexamod:SpiritBrand":0},{"Anchor":4,"Gremlin Horn":5,"Molten Egg 2":5,"Mango":8,"Membership Card":5,"Toxic Egg 2":5,"hexamod:SpiritBrand":0},{"Anchor":14,"Gremlin Horn":18,"Molten Egg 2":18,"Mango":30,"Membership Card":18,"Toxic Egg 2":18,"hexamod:SpiritBrand":0}]},"card_choices":[{"not_picked":["hexamod:ChargedBarrage","hexamod:NightmareStrike"],"picked":"hexamod:SuperheatedStrike","floor":2.0},{"not_picked":["hexamod:NightmareGuise","hexamod:BacktrackSmack"],"picked":"hexamod:NecessarySacrifice","floor":3.0},{"not_picked":["hexamod:EmpoweredFlame","hexamod:BurningTouch"],"picked":"hexamod:CatchUp","floor":4.0},{"not_picked":["hexamod:SuperheatedStrike","hexamod:GhostShield"],"picked":"hexamod:AdvancingGuard","floor":5.0},{"not_picked":["hexamod:GhostflameInferno","hexamod:GhostOfSpireFuture"],"picked":"hexamod:NightmareStrike","floor":8.0},{"not_picked":["hexamod:GhostShield+1","hexamod:Incineration+1"],"picked":"hexamod:HeatMetal+1","floor":10.0},{"not_picked":["hexamod:WildfireWeapon","hexamod:Hexaguard+1"],"picked":"hexamod:NecessarySacrifice+1","floor":12},{"not_picked":["hexamod:UnleashSpirits+1","hexamod:SwordOfDarkness+1"],"picked":"hexamod:RainOfEmbers+1","floor":13},{"not_picked":["hexamod:AdvancingGuard+1","hexamod:Incineration+1"],"picked":"hexamod:GhostflameBarrier+1","floor":14},{"not_picked":["hexamod:ThermalTransfer+1","hexamod:BurningTouch+1"],"picked":"hexamod:HauntingEcho+1","floor":15}],"player_experience":3284418,"relics_obtained":[{"floor":7.0,"key":"Anchor"},{"floor":9.0,"key":"Gremlin Horn"},{"floor":13,"key":"Mango"}],"event_choices":[],"is_beta":false,"boss_relics":[],"items_purged_floors":[],"is_endless":false,"potions_floor_spawned":[4,10,13,15],"killed_by":"SI_SHIV_ARCHETYPE","ascension_level":20}}