{"host":"q6ff4ns2kep02ti6","time":1610907177,"event":{"mods":["AchievementEnabler","BaseMod","Minty Spire (QoL Compilation)","Relic Stats","StSLib","Unceasing Turn Reminder"],"gold_per_floor":[111,186,186,186,206,232,248,19,19,19,50,50,76,94,94,171,171,186,204,218,218,233,233,263,276,300,120,153,153,133,147,147,224,224,238,258,45,370,370,370,370,370],"floor_reached":41,"language":"ENG","playtime":3292,"items_purged":["Regret","Strike_R"],"score":1048,"play_id":"dac75a30-6529-4b7e-8a41-36dbd3b0a1bd","local_time":"20210117191257","is_ascension_mode":true,"campfire_choices":[{"data":"Barricade","floor":10,"key":"SMITH"},{"data":"Flame Barrier","floor":12,"key":"SMITH"},{"data":"Flame Barrier","floor":15,"key":"SMITH"},{"data":"Blood for Blood","floor":23,"key":"SMITH"},{"data":"Impervious","floor":29,"key":"SMITH"},{"floor":32,"key":"REST"},{"data":"Battle Trance","floor":40,"key":"SMITH"}],"circlet_count":0,"master_deck":["AscendersBane","Strike_R","Strike_R","Strike_R","Strike_R","Defend_R","Defend_R","Defend_R","Defend_R","Bash+1","Barricade+1","Cleave","Shockwave","Flame Barrier+1","True Grit","Metallicize+1","Impervious+1","Combust+1","Flame Barrier+1","Blood for Blood+1","Berserk+1","Dark Embrace+1","Carnage","Intimidate+1","Dual Wield+1","Battle Trance+1","Shrug It Off+1","Disarm","Feel No Pain+1","Disarm","Corruption+1","True Grit+1","Impervious+1"],"relics":["Black Blood","NeowsBlessing","Frozen Egg 2","Smiling Mask","Bronze Scales","StrikeDummy","Cursed Key","Bottled Tornado","Strawberry","DollysMirror","Old Coin"],"acts_visited":["Exordium","TheCity","TheBeyond"],"potions_floor_usage":[13,14,22,24,28,33,41,41],"damage_taken":[{"damage":0,"enemies":"Small Slimes","floor":1,"turns":1},{"damage":0,"enemies":"Jaw Worm","floor":5,"turns":1},{"damage":0,"enemies":"Gremlin Nob","floor":6,"turns":1},{"damage":1,"enemies":"Cultist","floor":7,"turns":3},{"damage":26,"enemies":"Lagavulin","floor":11,"turns":13},{"damage":28,"enemies":"Gremlin Nob","floor":13,"turns":5},{"damage":2,"enemies":"Exordium Thugs","floor":14,"turns":5},{"damage":33,"enemies":"The Guardian","floor":16,"turns":10},{"damage":19,"enemies":"Shell Parasite","floor":18,"turns":7},{"damage":17,"enemies":"Spheric Guardian","floor":19,"turns":7},{"damage":7,"enemies":"Centurion and Healer","floor":20,"turns":7},{"damage":12,"enemies":"Snake Plant","floor":22,"turns":3},{"damage":25,"enemies":"Gremlin Leader","floor":24,"turns":8},{"damage":0,"enemies":"Snecko","floor":25,"turns":7},{"damage":9,"enemies":"Slavers","floor":28,"turns":5},{"damage":0,"enemies":"Centurion and Healer","floor":31,"turns":11},{"damage":10,"enemies":"Champ","floor":33,"turns":16},{"damage":2,"enemies":"3 Darklings","floor":35,"turns":7},{"damage":31,"enemies":"3 Shapes","floor":36,"turns":5},{"damage":0,"enemies":"Mind Bloom Boss Battle","floor":38,"turns":10},{"damage":124,"enemies":"Giant Head","floor":41,"turns":12}],"seed_played":"9132118062644912282","potions_obtained":[{"floor":6,"key":"BloodPotion"},{"floor":11,"key":"LiquidBronze"},{"floor":13,"key":"Explosive Potion"},{"floor":16,"key":"Swift Potion"},{"floor":18,"key":"LiquidMemories"},{"floor":22,"key":"DuplicationPotion"},{"floor":30,"key":"EssenceOfSteel"},{"floor":33,"key":"AttackPotion"}],"is_trial":false,"path_per_floor":["M","?","?","?","M","E","M","$","T","R","E","R","E","M","R","B",null,"M","M","M","?","M","R","E","M","T","$","E","R","?","M","R","B",null,"M","M","$","?","?","R","E"],"character_chosen":"IRONCLAD","items_purchased":["Metallicize+1","Impervious","SkillPotion","Disarm","DollysMirror"],"campfire_rested":1,"item_purchase_floors":[8,8,27,27,37],"current_hp_per_floor":[74,63,63,63,69,75,75,75,75,75,55,55,48,52,52,25,63,50,39,38,38,32,32,13,19,19,19,23,23,23,29,53,49,74,82,63,63,75,75,75,0,0],"gold":370,"neow_bonus":"THREE_ENEMY_KILL","is_daily":false,"chose_seed":false,"campfire_upgraded":6,"win_rate":0.0,"timestamp":1610907177,"path_taken":["M","?","?","?","M","E","?","$","T","R","E","R","E","M","R","BOSS","M","M","M","?","M","R","E","M","T","$","E","R","?","?","R","BOSS","M","M","$","?","?","R","E"],"items_purchased_type":["Card","Card","Potion","Card","Relic"],"build_version":"2020-12-22","purchased_purges":2,"victory":false,"max_hp_per_floor":[75,75,75,75,75,75,75,75,75,75,75,75,75,75,75,75,75,75,75,75,75,75,75,75,75,75,75,82,82,82,82,82,82,82,82,82,82,82,78,78,78,78],"relic_stats":{"counters":[21,144],"Bronze Scales":[329],"Black Blood":131,"Smiling Mask":75,"Cursed Key":1,"obtain_stats":[{"NeowsBlessing":0,"DollysMirror":37,"Bronze Scales":11,"Strawberry":28,"Black Blood":34,"Frozen Egg 2":6,"Bottled Tornado":24,"Smiling Mask":9,"StrikeDummy":13,"Cursed Key":17,"Burning Blood":0,"Old Coin":38},{"NeowsBlessing":0,"DollysMirror":19,"Bronze Scales":5,"Strawberry":15,"Black Blood":17,"Frozen Egg 2":3,"Bottled Tornado":13,"Smiling Mask":4,"StrikeDummy":6,"Cursed Key":8,"Burning Blood":0,"Old Coin":20},{"NeowsBlessing":0,"DollysMirror":122,"Bronze Scales":19,"Strawberry":83,"Black Blood":110,"Frozen Egg 2":3,"Bottled Tornado":71,"Smiling Mask":6,"StrikeDummy":24,"Cursed Key":39,"Burning Blood":0,"Old Coin":132}]},"card_choices":[{"not_picked":["Warcry","Thunderclap","Entrench"],"picked":"SKIP","floor":1},{"not_picked":["Heavy Blade","Dropkick"],"picked":"Shockwave","floor":5},{"not_picked":["Body Slam","Iron Wave"],"picked":"Flame Barrier","floor":6},{"not_picked":["Exhume","Body Slam"],"picked":"True Grit","floor":7},{"not_picked":["Sword Boomerang","Pommel Strike"],"picked":"Combust+1","floor":11},{"not_picked":["Pommel Strike","Iron Wave"],"picked":"Flame Barrier","floor":13},{"not_picked":["Sever Soul","Second Wind"],"picked":"Blood for Blood","floor":14},{"not_picked":["Feed","Double Tap"],"picked":"Berserk+1","floor":16},{"not_picked":["Warcry","Shrug It Off"],"picked":"Dark Embrace+1","floor":18},{"not_picked":["Flex","Reckless Charge"],"picked":"Carnage","floor":19},{"not_picked":["Body Slam","Armaments"],"picked":"Intimidate+1","floor":20},{"not_picked":["Shrug It Off","Iron Wave"],"picked":"Dual Wield+1","floor":22},{"not_picked":["Spot Weakness+1","Anger"],"picked":"Battle Trance","floor":24},{"not_picked":["True Grit","Pummel"],"picked":"Shrug It Off+1","floor":25},{"not_picked":["Blood for Blood","Reaper"],"picked":"Feel No Pain+1","floor":28},{"not_picked":["Pommel Strike+1","Dark Embrace+1"],"picked":"Disarm","floor":31},{"not_picked":["Exhume","Bludgeon"],"picked":"Corruption+1","floor":33},{"not_picked":["Sword Boomerang","Iron Wave"],"picked":"True Grit+1","floor":35},{"not_picked":["Sever Soul","Sword Boomerang","Headbutt"],"picked":"SKIP","floor":36}],"player_experience":971483,"relics_obtained":[{"floor":6,"key":"Frozen Egg 2"},{"floor":9,"key":"Smiling Mask"},{"floor":11,"key":"Bronze Scales"},{"floor":13,"key":"StrikeDummy"},{"floor":24,"key":"Bottled Tornado"},{"floor":28,"key":"Strawberry"},{"floor":38,"key":"Old Coin"}],"event_choices":[{"damage_healed":0,"gold_gain":75,"player_choice":"Gather Gold","damage_taken":11,"max_hp_gain":0,"max_hp_loss":0,"event_name":"World of Goop","floor":2,"gold_loss":0},{"damage_healed":0,"gold_gain":0,"player_choice":"Grow","damage_taken":0,"max_hp_gain":0,"max_hp_loss":0,"event_name":"Living Wall","floor":3,"gold_loss":0,"cards_upgraded":["Bash"]},{"damage_healed":0,"gold_gain":0,"player_choice":"2 cards matched","damage_taken":0,"max_hp_gain":0,"max_hp_loss":0,"event_name":"Match and Keep!","floor":4,"gold_loss":0,"cards_obtained":["Barricade","Cleave"]},{"damage_healed":0,"gold_gain":0,"player_choice":"Ignored","damage_taken":0,"max_hp_gain":0,"max_hp_loss":0,"event_name":"The Mausoleum","floor":21,"gold_loss":0},{"damage_healed":0,"gold_gain":0,"player_choice":"Bought 1 Potion","damage_taken":0,"max_hp_gain":0,"max_hp_loss":0,"event_name":"The Woman in Blue","floor":30,"gold_loss":0},{"damage_healed":0,"gold_gain":0,"player_choice":"Fight","damage_taken":0,"max_hp_gain":0,"max_hp_loss":0,"event_name":"MindBloom","floor":38,"gold_loss":0},{"damage_healed":0,"gold_gain":0,"player_choice":"Max HP","damage_taken":0,"max_hp_gain":0,"max_hp_loss":4,"event_name":"Winding Halls","floor":39,"gold_loss":0}],"is_beta":false,"boss_relics":[{"not_picked":["Ectoplasm","SlaversCollar"],"picked":"Cursed Key"},{"not_picked":["Velvet Choker","Tiny House"],"picked":"Black Blood"}],"items_purged_floors":[27,37],"is_endless":false,"potions_floor_spawned":[6,11,13,16,18,22,31,33,36],"killed_by":"Giant Head","ascension_level":20}}