{"host":"dtvgc7uk609653br","time":1610862129,"event":{"mods":["BaseMod","Downfall","Minty Spire (QoL Compilation)","Shade Mod","StSLib","The Bladedancer","The Druid"],"gold_per_floor":[199,210,220,220,237,312,392,402,402,419,419,447,447,463,474,570,570,570,589,589,539,556,569,569,569,584,178,197,197,197,247,263,363,363,363,383,383,395,395,395,395],"floor_reached":39,"language":"ENG","playtime":1729,"items_purged":[],"score":410,"play_id":"37b811a9-37ec-4eeb-a3f6-d41a8ffb168a","local_time":"20210117004209","is_ascension_mode":false,"campfire_choices":[{"data":"Slimebound:CorrosiveSpit","floor":1,"key":"SMITH"},{"data":"Slimebound:Gluttony","floor":9,"key":"SMITH"},{"data":"Slimebound:HauntingLick","floor":13,"key":"SMITH"},{"data":"Slimebound:Schlurp","floor":18,"key":"SMITH"},{"data":"Slimebound:HauntingLick","floor":25,"key":"SMITH"},{"data":"Slimebound:RejuvenatingLick","floor":35,"key":"SMITH"}],"circlet_count":0,"master_deck":["Slimebound:Strike_Slimebound","Slimebound:Strike_Slimebound","Slimebound:Strike_Slimebound","Slimebound:Tackle","Slimebound:Defend_Slimebound","Slimebound:Defend_Slimebound","Slimebound:Defend_Slimebound","Slimebound:Defend_Slimebound","Slimebound:Split","Slimebound:CorrosiveSpit+1","Slimebound:Gluttony+1","Slimebound:LeechEnergy","Slimebound:SamplingLick","Slimebound:HauntingLick+1","Slimebound:HauntingLick+1","Slimebound:Schlurp+1","Slimebound:SamplingLick","Slimebound:SamplingLick+1","Slimebound:ItLooksTasty","Slimebound:Schlurp+1","Slimebound:ItLooksTasty+1","Slimebound:RejuvenatingLick+1","Slimebound:GoopSpray","Slimebound:GoopSpray+1"],"relics":["Slimebound:AbsorbEndCombatUpgraded","Pear","Oddly Smooth Stone","Slimebound:TarBlob","MutagenicStrength","Turnip","Mercury Hourglass","Toolbox","Molten Egg 2","Vajra","downfall:TeleportStone"],"acts_visited":["Exordium","TheCity","TheBeyond"],"potions_floor_usage":[12,12,16,33,36,38],"damage_taken":[{"damage":3,"enemies":"Small Slimes","floor":2,"turns":4},{"damage":1,"enemies":"Cultist","floor":3,"turns":3},{"damage":6,"enemies":"Jaw Worm","floor":5,"turns":3},{"damage":14,"enemies":"3 Louse","floor":8,"turns":3},{"damage":16,"enemies":"Gremlin Gang","floor":10,"turns":4},{"damage":13,"enemies":"Gremlin Nob","floor":12,"turns":3},{"damage":1,"enemies":"2 Fungi Beasts","floor":14,"turns":5},{"damage":5,"enemies":"Exordium Wildlife","floor":15,"turns":3},{"damage":55,"enemies":"DF_ARCHETYPE_STREAMLINE","floor":16,"turns":14},{"damage":15,"enemies":"3 Byrds","floor":19,"turns":6},{"damage":3,"enemies":"Chosen","floor":22,"turns":3},{"damage":17,"enemies":"3 Cultists","floor":23,"turns":5},{"damage":19,"enemies":"Cultist and Chosen","floor":26,"turns":6},{"damage":4,"enemies":"downfall:FleeingMerchant","floor":27,"turns":4},{"damage":6,"enemies":"Centurion and Healer","floor":28,"turns":4},{"damage":8,"enemies":"Shelled Parasite and Fungi","floor":32,"turns":3},{"damage":38,"enemies":"IC_MUSHROOM_ARCHETYPE","floor":33,"turns":7},{"damage":13,"enemies":"3 Darklings","floor":36,"turns":4},{"damage":0,"enemies":"Orb Walker","floor":38,"turns":2},{"damage":96,"enemies":"SI_POISON_ARCHETYPE","floor":39,"turns":11}],"seed_played":"6533446096309349960","potions_obtained":[{"floor":3,"key":"SkillPotion"},{"floor":8,"key":"Strength Potion"},{"floor":10,"key":"Explosive Potion"},{"floor":15,"key":"GamblersBrew"},{"floor":26,"key":"Swift Potion"},{"floor":32,"key":"Explosive Potion"},{"floor":33,"key":"Swift Potion"},{"floor":38,"key":"Fruit Juice"}],"is_trial":false,"path_per_floor":["R","M","M","?","M","?","T","M","R","M","?","E","R","M","M","B",null,"R","M","?","?","M","M","T","R","M","$","M","T","?","T","M","B",null,"R","M","?","M","B"],"character_chosen":"SLIMEBOUND","items_purchased":["Mercury Hourglass","Toolbox"],"campfire_rested":0,"item_purchase_floors":[27,27],"current_hp_per_floor":[65,63,65,65,62,62,72,61,61,52,52,43,43,46,44,7,75,75,66,66,75,74,62,62,62,51,52,53,53,53,53,50,24,75,75,64,64,71,0,0,0],"gold":395,"neow_bonus":"HUNDRED_GOLD","is_daily":false,"chose_seed":false,"campfire_upgraded":6,"win_rate":0.0,"timestamp":1610862129,"path_taken":["R","M","M","?","?","?","T","M","R","M","?","E","R","?","M","BOSS","R","M","?","?","M","M","T","R","M","?","M","?","?","?","M","BOSS","R","M","?","M","BOSS"],"items_purchased_type":["Relic","Relic"],"build_version":"2020-12-22","purchased_purges":0,"victory":false,"max_hp_per_floor":[65,65,65,65,65,65,75,75,75,75,75,75,75,75,75,75,75,75,75,75,75,75,75,75,75,75,75,75,75,75,75,75,75,75,75,75,75,80,80,80,80],"card_choices":[{"not_picked":["Slimebound:GoopSpray","Slimebound:ForwardTackle"],"picked":"Slimebound:Gluttony","floor":2},{"not_picked":["Slimebound:SplitLeeching","Slimebound:DisruptingSlam"],"picked":"Slimebound:LeechEnergy","floor":3},{"not_picked":["Slimebound:GrowthPunch","Slimebound:LeechEnergy","Slimebound:RollThrough"],"picked":"SKIP","floor":5},{"not_picked":["Slimebound:LivingWall","Slimebound:SlimeTap"],"picked":"Slimebound:SamplingLick","floor":8},{"not_picked":["Slimebound:SplitAcid","Slimebound:GoopTackle"],"picked":"Slimebound:HauntingLick","floor":10},{"not_picked":["Slimebound:ViciousTackle","Slimebound:SplitMire"],"picked":"Slimebound:HauntingLick","floor":12},{"not_picked":["Slimebound:Grow","Slimebound:DisruptingSlam"],"picked":"Slimebound:Schlurp","floor":14},{"not_picked":["Slimebound:LevelUp","Slimebound:ServeAndProtect"],"picked":"Slimebound:SamplingLick","floor":15},{"not_picked":["Slimebound:ForwardTackle+1","Slimebound:BestDefense+1","Slimebound:GoopTackle"],"picked":"SKIP","floor":19},{"not_picked":["Slimebound:GrowthPunch+1","Slimebound:ComboTackle"],"picked":"Slimebound:SamplingLick+1","floor":22},{"not_picked":["Slimebound:SplitMire","Slimebound:RollThrough"],"picked":"Slimebound:ItLooksTasty","floor":23},{"not_picked":["Slimebound:SlimeTap","Slimebound:SplitLeeching"],"picked":"Slimebound:Schlurp+1","floor":26},{"not_picked":["Slimebound:SlimeBrawl","Slimebound:AcidTongue"],"picked":"Slimebound:ItLooksTasty+1","floor":27},{"not_picked":["Slimebound:ItLooksTasty","Slimebound:ForwardTackle+1"],"picked":"Slimebound:RejuvenatingLick","floor":28},{"not_picked":["Slimebound:Dissolve","Slimebound:SamplingLick","Slimebound:DivideAndConquer+1"],"picked":"SKIP","floor":32},{"not_picked":["Slimebound:RollThrough+1","Slimebound:LeechEnergy+1"],"picked":"Slimebound:GoopSpray","floor":36},{"not_picked":["Slimebound:FinishingTackle+1","Slimebound:ItLooksTasty+1"],"picked":"Slimebound:GoopSpray+1","floor":38}],"player_experience":548246,"relics_obtained":[{"floor":7,"key":"Pear"},{"floor":12,"key":"Oddly Smooth Stone"},{"floor":24,"key":"Turnip"},{"floor":29,"key":"Molten Egg 2"},{"floor":31,"key":"Vajra"}],"event_choices":[{"damage_healed":0,"gold_gain":0,"player_choice":"Ignored","damage_taken":0,"max_hp_gain":0,"max_hp_loss":0,"event_name":"NoteForYourself","floor":4,"gold_loss":0},{"damage_healed":0,"gold_gain":0,"player_choice":"Got Potions","damage_taken":0,"max_hp_gain":0,"max_hp_loss":0,"event_name":"Lab","floor":11,"gold_loss":0},{"damage_healed":0,"gold_gain":0,"player_choice":"Inject Mutagens","damage_taken":0,"relics_obtained":["MutagenicStrength"],"max_hp_gain":0,"max_hp_loss":0,"event_name":"Drug Dealer","floor":20,"gold_loss":0}],"is_beta":false,"boss_relics":[{"not_picked":["Calling Bell","Busted Crown"],"picked":"Slimebound:TarBlob"},{"not_picked":["Velvet Choker","Astrolabe"],"picked":"Slimebound:AbsorbEndCombatUpgraded"}],"items_purged_floors":[],"is_endless":false,"potions_floor_spawned":[3,8,10,15,26,32,33,38],"killed_by":"SI_POISON_ARCHETYPE","ascension_level":0}}