{"host":"ss2ocoam53r2lno0","time":1610875610,"event":{"mods":["Act Like it!","BaseMod","ChefMod","Clockwork Mod","Colored Powertips","Curses Come First","Displayed Cursed Tome","Downfall","Evolution","Googly Eyes","Hallownest","Highlight Path","Minty Spire (QoL Compilation)","Poor People Problems","Rare Cards Sparkle","Robot Space Explorer","Shade Mod","Shop Mod","Spicy Shops","StSLib","The Marked"],"gold_per_floor":[111,124,199,199,223,223,247,247,247],"floor_reached":8,"language":"ENG","playtime":1068,"items_purged":[],"score":72,"play_id":"fe732c0b-3b8c-4fc0-99df-c2be77f77ade","local_time":"20210117102650","is_ascension_mode":true,"campfire_choices":[{"floor":6,"key":"REST"}],"circlet_count":0,"master_deck":["AscendersBane","Clockwork:Strike","Clockwork:Strike","Clockwork:Strike","Clockwork:Strike","Clockwork:Shield","Clockwork:Shield","Clockwork:Shield","Clockwork:Shield","Clockwork:Tinker","Clockwork:WarmUp","Clockwork:UnlimitedCogworks","Clockwork:ChargingShield"],"relics":["Clockwork:MomentumEngine","EVO:Axolotl","Golden Idol"],"acts_visited":["Exordium"],"potions_floor_usage":[8],"damage_taken":[{"damage":21,"enemies":"Small Slimes","floor":1,"turns":10},{"damage":10,"enemies":"Jaw Worm","floor":2,"turns":12},{"damage":1,"enemies":"2 Louse","floor":5,"turns":5},{"damage":16,"enemies":"Lots of Slimes","floor":7,"turns":11},{"damage":20,"enemies":"Gremlin Nob","floor":8,"turns":2}],"seed_played":"6915848098124697526","potions_obtained":[{"floor":1,"key":"bronze:BurnAndBuffPotion"},{"floor":2,"key":"Swift Potion"}],"is_trial":false,"path_per_floor":["M","M","?","?","M","R","M","E"],"character_chosen":"CLOCKWORK","items_purchased":[],"campfire_rested":1,"item_purchase_floors":[],"current_hp_per_floor":[35,25,14,14,13,36,20,0,0],"gold":247,"neow_bonus":"THREE_RARE_CARDS","is_daily":false,"chose_seed":false,"campfire_upgraded":0,"win_rate":0.0,"timestamp":1610875610,"path_taken":["M","M","?","?","M","R","M","E"],"items_purchased_type":[],"build_version":"2020-12-22","purchased_purges":0,"victory":false,"max_hp_per_floor":[85,85,85,79,79,79,79,79,79],"card_choices":[{"not_picked":["Clockwork:SiegeStrike","Clockwork:CraftQuicksilverHourglass"],"picked":"Clockwork:UnlimitedCogworks","floor":0},{"not_picked":["Clockwork:SpurOn","Clockwork:LogisticRegression"],"picked":"Clockwork:ChargingShield","floor":1},{"not_picked":["Clockwork:Minimalism","Clockwork:SystemHardening","Clockwork:Pluck"],"picked":"SKIP","floor":2},{"not_picked":["Clockwork:SystemHardening","Clockwork:Redundancy","Clockwork:RitualDaggerMk0"],"picked":"SKIP","floor":5},{"not_picked":["Clockwork:CogShield","Clockwork:AdaptiveCannon","Clockwork:ForgeStrike"],"picked":"SKIP","floor":7}],"player_experience":760511,"relics_obtained":[],"event_choices":[{"damage_healed":0,"gold_gain":75,"player_choice":"Gather Gold","damage_taken":11,"max_hp_gain":0,"max_hp_loss":0,"event_name":"World of Goop","floor":3,"gold_loss":0},{"damage_healed":0,"gold_gain":0,"player_choice":"Lose Max HP","damage_taken":0,"relics_obtained":["Golden Idol"],"max_hp_gain":0,"max_hp_loss":6,"event_name":"Golden Idol","floor":4,"gold_loss":0}],"is_beta":false,"boss_relics":[],"items_purged_floors":[],"is_endless":false,"potions_floor_spawned":[1,2],"killed_by":"Gremlin Nob","ascension_level":10}}