{"host":"e4wnmsyty9uvvtwf","time":1610862452,"event":{"mods":["Act Like it!","Aspiration","BaseMod","Colored Map","Colored Powertips","Gensokyo","Minty Spire (QoL Compilation)","Rare Cards Sparkle","Reimu£®≤©¿ˆ¡È√Œ£©","Replay The Spire","StSLib"],"gold_per_floor":[113,113,113,113,126,156,156,256,256,256,48,68,68,37,37,142,142,160,160,12,12,212,212],"floor_reached":22,"language":"ZHS","playtime":502,"items_purged":[],"score":178,"play_id":"6650439d-9aad-40aa-9a6e-142b4324674b","local_time":"20210117134732","is_ascension_mode":false,"campfire_choices":[{"data":"Gensokyo:CrescentMoonSlash","floor":7,"key":"SMITH"},{"data":"FineLineFantasy:ReiMu","floor":10,"key":"SMITH"},{"data":"Conquer:ReiMu","floor":13,"key":"SMITH"},{"data":"NB:ReiMu","floor":15,"key":"SMITH"}],"circlet_count":0,"master_deck":["Strike_Lin:ReiMu","Strike_Lin:ReiMu","Strike_Lin:ReiMu","Strike_Lin:ReiMu","Defend_Lin:ReiMu","Defend_Lin:ReiMu","Defend_Lin:ReiMu","Defend_Lin:ReiMu","NB:ReiMu+1","Stagnation:ReiMu","Gensokyo:CrescentMoonSlash+1","Enchanting:ReiMu","FineLineFantasy:ReiMu+1","Conquer:ReiMu+1","LearningPray:ReiMu","RunawayExorcism:ReiMu","TakeOff:ReiMu","Night Terror"],"relics":["FlyPower:ReiMu","Replay:Towering Pillar of Hats","Gensokyo:Justice","Bow_fan:ReiMu","Mirror","Lee\u0027s Waffle","Replay:Grab Bag","Busted Crown","SlaversCollar","RedLine:ReiMu","ClockworkSouvenir","Gensokyo:UndefinedDarkness"],"acts_visited":["Exordium","Gensokyo:Gensokyo"],"potions_floor_usage":[],"damage_taken":[{"damage":0,"enemies":"Gensokyo:Python","floor":1,"turns":4},{"damage":0,"enemies":"Gensokyo:Gryphon","floor":5,"turns":4},{"damage":10,"enemies":"Gensokyo:Cirno","floor":6,"turns":5},{"damage":0,"enemies":"Gensokyo:2_Kodama","floor":12,"turns":1},{"damage":35,"enemies":"Gensokyo:Kokoro","floor":16,"turns":12},{"damage":28,"enemies":"Gensokyo:3_Dogs","floor":18,"turns":5},{"damage":21,"enemies":"Gensokyo:AngelMirror","floor":22,"turns":4}],"seed_played":"-3534189164020385543","potions_obtained":[{"floor":5,"key":"SneckoOil"},{"floor":16,"key":"Languid Potion"}],"is_trial":false,"path_per_floor":["M","?","?","?","M","E","R","?","T","R","$","M","R","COS","R","B",null,"M","?","$","?","M"],"character_chosen":"REIMU","items_purchased":["Conquer:ReiMu","Lee\u0027s Waffle","ClockworkSouvenir"],"campfire_rested":0,"item_purchase_floors":[11,11,20],"current_hp_per_floor":[47,54,45,45,45,35,35,35,35,35,72,72,72,72,72,37,72,44,37,37,37,16,16],"gold":212,"neow_bonus":"ONE_RARE_RELIC","is_daily":false,"chose_seed":false,"campfire_upgraded":4,"win_rate":0.0,"timestamp":1610862452,"path_taken":["M","?","?","?","?","E","R","?","T","R","?","M","R","COS","R","BOSS","M","?","?","?","M"],"items_purchased_type":["Card","Relic","Relic"],"build_version":"2020-12-22","purchased_purges":0,"victory":false,"max_hp_per_floor":[65,65,65,65,65,65,65,65,65,65,72,72,72,72,72,72,72,72,72,72,72,72,72],"card_choices":[{"not_picked":["SafetyPray:ReiMu","Amulet:ReiMu"],"picked":"CareerPray:ReiMu","floor":1},{"not_picked":["OrbThrow:ReiMu","AlertArray:ReiMu"],"picked":"Enchanting:ReiMu","floor":5},{"not_picked":["SubAcupoint:ReiMu","SpringWay:ReiMu"],"picked":"FineLineFantasy:ReiMu","floor":6},{"not_picked":["KamiSacrifice:ReiMu","Conquer:ReiMu"],"picked":"LearningPray:ReiMu","floor":12},{"not_picked":["HakureiPhantom:ReiMu","Authority:ReiMu"],"picked":"RunawayExorcism:ReiMu","floor":16},{"not_picked":[],"picked":"TakeOff:ReiMu","floor":18}],"player_experience":563961,"relics_obtained":[{"floor":6,"key":"Bow_fan:ReiMu"},{"floor":9,"key":"Mirror"}],"event_choices":[],"is_beta":false,"boss_relics":[{"not_picked":["Black Star","Painkiller Herb"],"picked":"Replay:Grab Bag"},{"not_picked":["Cursed Key","ChewingGum"],"picked":"Busted Crown"},{"not_picked":["Velvet Choker","Coffee Dripper"],"picked":"SlaversCollar"},{"not_picked":["aspiration:RunicSpoon","Honey Jar"],"picked":"RedLine:ReiMu"}],"items_purged_floors":[],"is_endless":false,"potions_floor_spawned":[5,16],"killed_by":"Gensokyo:AngelMirror","ascension_level":0}}