{"host":"knduvrfsmt572yyo","time":1610886871,"event":{"mods":["AchievementEnabler","BaseMod","Bestiary","Better Match","Better Note","Better Skull","Better Third Choice","Colored Powertips","Minty Spire (QoL Compilation)","Permanent Neow","Quick Restart","Spicy Shops","StSLib","Thieving Mod","Waifu the Spire","everything is the same but u backflip on backflip"],"gold_per_floor":[109,109,125,142,36,36,65,65,65,84,112,128,128,188,188,283,283,298,298,308,308,326,326,357,357,384,394,394,394,405,423,423,528,528,542,554,604,654,0,0,0],"floor_reached":40,"language":"ENG","playtime":1487,"items_purged":["Defend_R"],"score":551,"play_id":"a916e80e-887b-4f6c-bbe3-b7309fc048fa","local_time":"20210117153431","is_ascension_mode":true,"campfire_choices":[{"data":"Anger","floor":6,"key":"SMITH"},{"data":"Rage","floor":8,"key":"SMITH"},{"data":"Rupture","floor":13,"key":"SMITH"},{"floor":15,"key":"REST"},{"data":"Brutality","floor":23,"key":"SMITH"},{"floor":25,"key":"REST"},{"data":"Brutality","floor":28,"key":"SMITH"},{"data":"Flex","floor":32,"key":"SMITH"}],"circlet_count":0,"master_deck":["Strike_R","Strike_R","Strike_R","Defend_R+1","Defend_R+1","Bash","Clash","Anger+1","Rage+1","Rupture+1","Flex+1","Brutality+1","Rampage+1","Twin Strike+1","Twin Strike+1","Rupture+1","Brutality+1","Twin Strike+1","Impervious","Anger+1","Thunderclap+1","Heavy Blade+1","Combust+1","Pummel+1","Hemokinesis+1","Rupture+1"],"relics":["Black Blood","Bag of Preparation","Molten Egg 2","Paper Frog","Thread and Needle","Frozen Egg 2","War Paint","Philosopher\u0027s Stone","Gambling Chip","Pocketwatch","Red Mask"],"acts_visited":["Exordium","TheCity","TheBeyond"],"potions_floor_usage":[11,12,24,33,37],"damage_taken":[{"damage":2,"enemies":"2 Louse","floor":1,"turns":2},{"damage":6,"enemies":"Cultist","floor":3,"turns":3},{"damage":2,"enemies":"Jaw Worm","floor":4,"turns":3},{"damage":6,"enemies":"Gremlin Nob","floor":7,"turns":3},{"damage":0,"enemies":"2 Fungi Beasts","floor":10,"turns":2},{"damage":40,"enemies":"Lagavulin","floor":11,"turns":4},{"damage":5,"enemies":"Red Slaver","floor":12,"turns":2},{"damage":22,"enemies":"Lagavulin Event","floor":14,"turns":3},{"damage":44,"enemies":"Hexaghost","floor":16,"turns":6},{"damage":17,"enemies":"2 Thieves","floor":18,"turns":3},{"damage":12,"enemies":"Chosen","floor":20,"turns":4},{"damage":17,"enemies":"Snake Plant","floor":22,"turns":4},{"damage":26,"enemies":"Book of Stabbing","floor":24,"turns":4},{"damage":10,"enemies":"Chosen and Byrds","floor":27,"turns":3},{"damage":18,"enemies":"Snecko","floor":30,"turns":3},{"damage":9,"enemies":"Snake Plant","floor":31,"turns":3},{"damage":27,"enemies":"Champ","floor":33,"turns":6},{"damage":9,"enemies":"3 Shapes","floor":35,"turns":3},{"damage":9,"enemies":"3 Darklings","floor":36,"turns":4},{"damage":44,"enemies":"2 Orb Walkers","floor":37,"turns":4},{"damage":11,"enemies":"Mind Bloom Boss Battle","floor":38,"turns":5},{"damage":102,"enemies":"Reptomancer","floor":40,"turns":2}],"seed_played":"4723978606293483547","potions_obtained":[{"floor":1,"key":"BloodPotion"},{"floor":10,"key":"SkillPotion"},{"floor":12,"key":"Fruit Juice"},{"floor":16,"key":"Energy Potion"},{"floor":24,"key":"DuplicationPotion"},{"floor":27,"key":"FairyPotion"},{"floor":33,"key":"ElixirPotion"},{"floor":36,"key":"Explosive Potion"}],"is_trial":false,"path_per_floor":["M","?","M","M","$","R","E","R","T","M","E","M","R","?","R","B",null,"M","?","M","?","M","R","E","R","T","M","R","?","M","M","R","B",null,"M","M","?","?","?","E"],"character_chosen":"IRONCLAD","items_purchased":["Flex"],"campfire_rested":2,"item_purchase_floors":[5],"current_hp_per_floor":[80,80,80,80,80,80,80,80,80,80,62,68,68,52,77,39,74,69,69,69,69,64,64,50,75,75,77,77,77,71,74,74,59,79,82,85,53,54,54,0,0],"gold":0,"neow_bonus":"TRANSFORM_CARD","is_daily":false,"chose_seed":false,"campfire_upgraded":6,"win_rate":0.0,"timestamp":1610886871,"path_taken":["M","?","M","?","?","R","E","R","T","M","E","M","R","?","R","BOSS","M","?","?","?","M","R","E","R","T","?","R","?","M","?","R","BOSS","M","M","?","?","?","E"],"items_purchased_type":["Card"],"build_version":"2020-12-22","purchased_purges":1,"victory":false,"max_hp_per_floor":[80,80,80,80,80,80,80,80,80,80,80,85,85,85,85,85,85,85,85,85,85,85,85,85,85,85,85,85,85,85,85,85,85,85,85,85,85,85,85,85,85],"card_choices":[{"not_picked":["Blood for Blood","Thunderclap"],"picked":"Anger","floor":1},{"not_picked":["Clash","Uppercut"],"picked":"Rage","floor":3},{"not_picked":["Infernal Blade","Ghostly Armor"],"picked":"Rupture","floor":4},{"not_picked":["Metallicize","Dual Wield"],"picked":"Brutality","floor":7},{"not_picked":["Entrench","Seeing Red"],"picked":"Rampage+1","floor":10},{"not_picked":["Havoc","Shockwave"],"picked":"Twin Strike+1","floor":11},{"not_picked":["Havoc","Clothesline+1"],"picked":"Twin Strike+1","floor":12},{"not_picked":["Berserk","Warcry"],"picked":"Rupture","floor":14},{"not_picked":["Reaper+1","Demon Form"],"picked":"Brutality","floor":16},{"not_picked":["Iron Wave+1","Seeing Red"],"picked":"Twin Strike+1","floor":18},{"not_picked":["Evolve+1","Headbutt+1","Wild Strike+1"],"picked":"SKIP","floor":20},{"not_picked":["Wild Strike+1","Armaments"],"picked":"Anger+1","floor":22},{"not_picked":["Anger+1","Armaments"],"picked":"Thunderclap+1","floor":24},{"not_picked":["Pommel Strike+1","Body Slam+1"],"picked":"Heavy Blade+1","floor":27},{"not_picked":["Sever Soul+1","Clothesline+1"],"picked":"Combust+1","floor":30},{"not_picked":["Double Tap","Spot Weakness"],"picked":"Pummel+1","floor":31},{"not_picked":["Whirlwind+1","Shrug It Off"],"picked":"Hemokinesis+1","floor":35},{"not_picked":["Wild Strike+1","Havoc+1"],"picked":"Rupture+1","floor":36}],"player_experience":307270,"relics_obtained":[{"floor":7,"key":"Bag of Preparation"},{"floor":9,"key":"Molten Egg 2"},{"floor":11,"key":"Paper Frog"},{"floor":14,"key":"Thread and Needle"},{"floor":24,"key":"Frozen Egg 2"},{"floor":26,"key":"War Paint"},{"floor":37,"key":"Gambling Chip"},{"floor":38,"key":"Pocketwatch"}],"event_choices":[{"damage_healed":0,"gold_gain":0,"player_choice":"Bought 0 Potions","damage_taken":0,"max_hp_gain":0,"max_hp_loss":0,"event_name":"The Woman in Blue","floor":2,"gold_loss":0},{"damage_healed":0,"gold_gain":30,"player_choice":"Searched \u00272\u0027 times","damage_taken":0,"max_hp_gain":0,"max_hp_loss":0,"event_name":"Dead Adventurer","floor":14,"gold_loss":0},{"damage_healed":0,"gold_gain":0,"cards_transformed":["Strike_R"],"player_choice":"Transformed","damage_taken":0,"max_hp_gain":0,"max_hp_loss":0,"event_name":"Transmorgrifier","floor":19,"gold_loss":0,"cards_obtained":["Impervious"]},{"damage_healed":0,"gold_gain":0,"player_choice":"Forge","damage_taken":0,"max_hp_gain":0,"max_hp_loss":0,"event_name":"Accursed Blacksmith","floor":21,"gold_loss":0,"cards_upgraded":["Rupture"]},{"cards_removed":["Strike_R"],"damage_healed":0,"gold_gain":0,"player_choice":"Purged","damage_taken":0,"max_hp_gain":0,"max_hp_loss":0,"event_name":"Purifier","floor":29,"gold_loss":0},{"damage_healed":0,"gold_gain":0,"player_choice":"Fight","damage_taken":0,"max_hp_gain":0,"max_hp_loss":0,"event_name":"Mysterious Sphere","floor":37,"gold_loss":0},{"damage_healed":0,"gold_gain":0,"player_choice":"Fight","damage_taken":0,"max_hp_gain":0,"max_hp_loss":0,"event_name":"MindBloom","floor":38,"gold_loss":0},{"damage_healed":0,"gold_gain":0,"player_choice":"Paid","damage_taken":0,"relics_obtained":["Red Mask"],"max_hp_gain":0,"max_hp_loss":0,"event_name":"Tomb of Lord Red Mask","floor":39,"gold_loss":654}],"is_beta":false,"boss_relics":[{"not_picked":["Empty Cage","Runic Pyramid"],"picked":"Black Blood"},{"not_picked":["Mark of Pain","SlaversCollar"],"picked":"Philosopher\u0027s Stone"}],"items_purged_floors":[5],"is_endless":false,"potions_floor_spawned":[1,10,12,16,24,27,33,36],"killed_by":"Reptomancer","ascension_level":5}}