{"host":"94qggqh0xz0sp6ai","time":1610904490,"event":{"mods":["100% Spire Juice","Abigail Mod","Act Like it!","BaseMod","CapriCore","Downfall","Friendly Minions","Gensokyo","Hermit","Jorbs\u0027s Wanderer Trilogy","Koishi","Marisa（霧雨　魔理沙）","Minty Spire (QoL Compilation)","Permanent Neow","Reimu（博??梦）","StSLib","The Alterego","The Construct","The Cursed","The Hierophant","The Immortal","The Marked","The Servant 0.9.4","TheBandit","Waifu the Spire"],"gold_per_floor":[118,24,24,36,36,36,54,64,146,146,176,176,187,201,81,81,81],"floor_reached":16,"language":"ENG","playtime":399,"items_purged":[],"score":112,"play_id":"b9b2f179-6211-47fe-9325-6c9296ccb827","local_time":"20210117112810","is_ascension_mode":true,"campfire_choices":[{"data":"Moonworks:Ambush","floor":6,"key":"SMITH"},{"floor":12,"key":"REST"},{"floor":15,"key":"REST"}],"circlet_count":0,"master_deck":["Moonworks:Strike","Moonworks:Strike","Moonworks:Strike","Moonworks:Defend","Moonworks:Defend","Moonworks:Defend","Moonworks:Defend","Moonworks:Ambush+1","Moonworks:LongDistanceShot","Moonworks:SweetBattle","Moonworks:JonathanRush","Moonworks:RagingMadness","Moonworks:JonathanRush","Moonworks:EvilSpyWorkPreparation","Moonworks:CloudOfSeagulls","Moonworks:NicePresent","Moonworks:BackdoorTrade","Moonworks:StarBlastingFuse","Moonworks:JonathanRush"],"relics":["Moonworks:BrokenBomb","Moonworks:Homemark","Shuriken","Toy Ornithopter"],"acts_visited":["Exordium"],"potions_floor_usage":[11,13],"damage_taken":[{"damage":8,"enemies":"Jaw Worm","floor":1,"turns":4},{"damage":13,"enemies":"2 Louse","floor":4,"turns":3},{"damage":11,"enemies":"Cultist","floor":7,"turns":4},{"damage":9,"enemies":"Looter","floor":8,"turns":3},{"damage":23,"enemies":"Lagavulin","floor":11,"turns":5},{"damage":14,"enemies":"Exordium Thugs","floor":13,"turns":4},{"damage":8,"enemies":"2 Fungi Beasts","floor":14,"turns":4},{"damage":32,"enemies":"Hexaghost","floor":16,"turns":6}],"seed_played":"-5576547593025519894","potions_obtained":[{"floor":1,"key":"Block Potion"},{"floor":8,"key":"hexamod:SoulburnPotion"}],"is_trial":false,"path_per_floor":["M","$","?","M","?","R","M","M","T","?","E","R","M","M","R","B"],"character_chosen":"THE_STARBREAKER","items_purchased":["Moonworks:JonathanRush","Moonworks:RagingMadness"],"campfire_rested":2,"item_purchase_floors":[2,2],"current_hp_per_floor":[58,58,58,45,45,45,38,29,29,29,6,25,18,12,31,0,0],"gold":81,"neow_bonus":"TEN_PERCENT_HP_BONUS","is_daily":false,"chose_seed":false,"campfire_upgraded":1,"win_rate":0.0,"timestamp":1610904490,"path_taken":["M","$","?","M","?","R","M","?","T","?","E","R","M","?","R","BOSS"],"items_purchased_type":["Card","Card"],"build_version":"2020-12-22","purchased_purges":0,"victory":false,"max_hp_per_floor":[66,66,66,66,66,66,66,66,66,66,66,66,66,66,66,66,66],"card_choices":[{"not_picked":["Moonworks:TacticalRetreat","Moonworks:DeployBits"],"picked":"Moonworks:SweetBattle","floor":1},{"not_picked":["Moonworks:IndiscriminateFireSupport","Moonworks:Dinner"],"picked":"Moonworks:JonathanRush","floor":4},{"not_picked":["Moonworks:BigMagnum","Moonworks:SakisCookie"],"picked":"Moonworks:CloudOfSeagulls","floor":7},{"not_picked":["Moonworks:Assault","Moonworks:IndiscriminateFireSupport"],"picked":"Moonworks:NicePresent","floor":8},{"not_picked":["Moonworks:NicePresent","Moonworks:WindyEnchantment"],"picked":"Moonworks:BackdoorTrade","floor":11},{"not_picked":["Moonworks:Assault","Moonworks:LulusLuckyEgg"],"picked":"Moonworks:StarBlastingFuse","floor":13},{"not_picked":["Moonworks:NicePresent","Moonworks:SweetBattle"],"picked":"Moonworks:JonathanRush","floor":14}],"player_experience":1397726,"relics_obtained":[{"floor":9,"key":"Shuriken"},{"floor":11,"key":"Toy Ornithopter"}],"event_choices":[{"damage_healed":0,"gold_gain":0,"player_choice":"1 cards matched","damage_taken":0,"max_hp_gain":0,"max_hp_loss":0,"event_name":"Match and Keep!","floor":5,"gold_loss":0,"cards_obtained":["Moonworks:EvilSpyWorkPreparation"]},{"cards_removed":["Moonworks:Strike"],"damage_healed":0,"gold_gain":0,"player_choice":"Offered Basic","damage_taken":0,"max_hp_gain":0,"max_hp_loss":0,"event_name":"Bonfire Elementals","floor":10,"gold_loss":0}],"is_beta":false,"boss_relics":[],"items_purged_floors":[],"is_endless":false,"potions_floor_spawned":[1,8],"killed_by":"Hexaghost","ascension_level":2}}