{"host":"8u7tvcybuv0u72fd","time":1610869106,"event":{"mods":["BaseMod","BetterRewards","Colored Map","Colored Powertips","Minty Spire (QoL Compilation)","Quick Restart","Shop Mod"],"gold_per_floor":[112,112,130,142,142,167,267,279,279,265,265,265,281,295,295,391,391,410,410,425,425,425,450,450,48,130,9,9,9,76,76,76,178,178,217,235,280,355,355,380,380,160,160,160,160,10,10,21,21,71,71,71,15,75,75,75],"floor_reached":55,"language":"ENG","playtime":2518,"items_purged":[],"score":963,"play_id":"b8fd7ffc-7d76-498f-85bf-e85ae5e630d2","local_time":"20210117023826","is_ascension_mode":false,"campfire_choices":[{"data":"Bash","floor":12.0,"key":"SMITH"},{"data":"Clash","floor":15.0,"key":"SMITH"},{"data":"Feed","floor":24.0,"key":"SMITH"},{"data":"HandOfGreed","floor":28.0,"key":"SMITH"},{"data":"Offering","floor":32.0,"key":"SMITH"},{"data":"Juggernaut","floor":41.0,"key":"SMITH"},{"data":"Ghostly Armor","floor":47.0,"key":"SMITH"},{"floor":49.0,"key":"RECALL"},{"data":"Bandage Up","floor":52,"key":"SMITH"}],"circlet_count":0,"master_deck":["Strike_R+1","Strike_R+1","Strike_R+1","Defend_R+1","Defend_R+1","Defend_R+1","Bash+1","Clash+1","Feed+1","Headbutt","Offering+1","HandOfGreed+1","Reaper","Pommel Strike+1","Bandage Up+1","Juggernaut+1","Ghostly Armor+1"],"relics":["Burning Blood","Pantograph","Gremlin Horn","Paper Frog","Busted Crown","HornCleat","Membership Card","Ice Cream","Shuriken","Kunai","Coffee Dripper","Turnip","Bottled Flame","MerchantsRug","Bag of Preparation","Nunchaku","Bottled Lightning","FossilizedHelix","TungstenRod","Eternal Feather"],"acts_visited":["TheCity","TheBeyond","TheEnding"],"potions_floor_usage":[55,55,55],"damage_taken":[{"damage":5.0,"enemies":"Small Slimes","floor":1.0,"turns":4.0},{"damage":1.0,"enemies":"Cultist","floor":3.0,"turns":3.0},{"damage":1.0,"enemies":"Jaw Worm","floor":4.0,"turns":3.0},{"damage":32.0,"enemies":"Gremlin Nob","floor":6.0,"turns":5.0},{"damage":1.0,"enemies":"3 Louse","floor":8.0,"turns":4.0},{"damage":10.0,"enemies":"Exordium Thugs","floor":10.0,"turns":4.0},{"damage":6.0,"enemies":"Blue Slaver","floor":13.0,"turns":4.0},{"damage":5.0,"enemies":"Looter","floor":14.0,"turns":3.0},{"damage":102.0,"enemies":"Hexaghost","floor":16.0,"turns":14.0},{"damage":11.0,"enemies":"Spheric Guardian","floor":18.0,"turns":3.0},{"damage":8.0,"enemies":"Chosen","floor":20.0,"turns":2.0},{"damage":6.0,"enemies":"Gremlin Leader","floor":23.0,"turns":7.0},{"damage":6.0,"enemies":"3 Cultists","floor":30.0,"turns":3.0},{"damage":32.0,"enemies":"Collector","floor":33.0,"turns":7.0},{"damage":13.0,"enemies":"3 Darklings","floor":35.0,"turns":4.0},{"damage":10.0,"enemies":"Orb Walker","floor":36.0,"turns":2.0},{"damage":21.0,"enemies":"Writhing Mass","floor":37.0,"turns":4.0},{"damage":21.0,"enemies":"Mind Bloom Boss Battle","floor":38.0,"turns":4.0},{"damage":22.0,"enemies":"Reptomancer","floor":40.0,"turns":5.0},{"damage":0.0,"enemies":"3 Darklings","floor":48.0,"turns":3.0},{"damage":78,"enemies":"Awakened One","floor":50,"turns":9},{"damage":32,"enemies":"Shield and Spear","floor":54,"turns":6},{"damage":151,"enemies":"The Heart","floor":55,"turns":8}],"seed_played":"-2896226653852848082","potions_obtained":[{"floor":4.0,"key":"BloodPotion"},{"floor":6.0,"key":"EssenceOfSteel"},{"floor":8.0,"key":"EntropicBrew"},{"floor":13.0,"key":"SkillPotion"},{"floor":16.0,"key":"Weak Potion"},{"floor":38.0,"key":"CultistPotion"},{"floor":54,"key":"Strength Potion"}],"is_trial":false,"path_per_floor":["M","?","M","M","?","E","?","M","T","M","T","R","M","M","R","B",null,"M","?","M","?","?","E","R","$","T","$","R","$","M","?","R","B",null,"M","M","M","?","?","E","R","$","T","?","?","$","R","M","R","B",null,"R","$","E","B"],"character_chosen":"IRONCLAD","items_purchased":["Pantograph","MealTicket","Juzu Bracelet","Clash","Membership Card","Ice Cream","HandOfGreed","Kunai","MerchantsRug","Swift Potion","Bag of Preparation","Nunchaku","Bottled Lightning","FossilizedHelix","TungstenRod"],"campfire_rested":0,"item_purchase_floors":[0,0,0,0,25,25,25,27,42,42,42,42,46,46,53],"current_hp_per_floor":[59,90,94,94,94,68,68,76,76,72,72,72,95,99,99,7,103,98,98,99,99,99,102,102,109,109,109,109,109,113,113,113,91,117,117,117,109,106,106,113,113,125,125,125,125,125,125,125,125,73,129,129,129,115,0,0],"gold":75,"neow_bonus":"","is_daily":false,"chose_seed":false,"campfire_upgraded":8,"win_rate":0.0,"timestamp":1610869106,"path_taken":["M","?","M","M","?","E","?","M","T","M","?","R","M","M","R","BOSS","M","?","M","?","?","E","R","$","T","?","R","$","M","?","R","BOSS","M","M","M","?","?","E","R","$","T","?","?","$","R","M","R","BOSS","R","$","E","BOSS"],"items_purchased_type":["Relic","Relic","Relic","Card","Relic","Relic","Card","Relic","Relic","Potion","Relic","Relic","Relic","Relic","Relic"],"build_version":"2020-12-22","purchased_purges":0,"victory":false,"max_hp_per_floor":[94,94,94,94,94,94,94,97,97,97,97,97,100,103,103,103,103,103,103,106,106,106,109,109,109,109,109,109,109,113,113,113,117,117,117,121,121,121,121,125,125,125,125,125,125,125,125,125,125,129,129,129,129,133,133,133],"card_choices":[{"not_picked":["Anger","Reckless Charge","Seeing Red"],"picked":"SKIP","floor":1.0},{"not_picked":["Carnage","Twin Strike","Combust"],"picked":"SKIP","floor":3.0},{"not_picked":["Fire Breathing","Armaments","Thunderclap"],"picked":"SKIP","floor":4.0},{"not_picked":["Havoc","Bloodletting"],"picked":"Feed","floor":6.0},{"not_picked":["Second Wind","Clash","Hemokinesis"],"picked":"SKIP","floor":8.0},{"not_picked":["Heavy Blade","Thunderclap","Intimidate"],"picked":"SKIP","floor":10.0},{"not_picked":["Reaper","Infernal Blade"],"picked":"Headbutt","floor":13.0},{"not_picked":["True Grit","Headbutt","Thunderclap"],"picked":"SKIP","floor":14.0},{"not_picked":["Bludgeon","Corruption"],"picked":"Offering","floor":16.0},{"not_picked":["Warcry+1"],"picked":"SKIP","floor":18.0},{"not_picked":["Dual Wield"],"picked":"SKIP","floor":20.0},{"not_picked":["Anger+1"],"picked":"SKIP","floor":23.0},{"not_picked":["Armaments"],"picked":"SKIP","floor":30.0},{"not_picked":[],"picked":"Reaper","floor":33.0},{"not_picked":["Sword Boomerang"],"picked":"SKIP","floor":35.0},{"not_picked":["Anger+1"],"picked":"SKIP","floor":36.0},{"not_picked":["Thunderclap"],"picked":"SKIP","floor":37.0},{"not_picked":[],"picked":"Pommel Strike","floor":38.0},{"not_picked":[],"picked":"Ghostly Armor","floor":40.0},{"not_picked":["Thunderclap"],"picked":"SKIP","floor":48.0},{"not_picked":["Power Through"],"picked":"SKIP","floor":54}],"player_experience":1344451,"relics_obtained":[{"floor":6.0,"key":"Du-Vu Doll"},{"floor":9.0,"key":"Gremlin Horn"},{"floor":11.0,"key":"Paper Frog"},{"floor":23.0,"key":"HornCleat"},{"floor":26.0,"key":"Shuriken"},{"floor":38.0,"key":"Turnip"},{"floor":40.0,"key":"Bottled Flame"},{"floor":54,"key":"Eternal Feather"}],"event_choices":[{"damage_healed":31.0,"max_hp_gain":0.0,"max_hp_loss":0.0,"gold_gain":0.0,"event_name":"Big Fish","player_choice":"Banana","floor":2.0,"gold_loss":0.0,"damage_taken":0.0},{"cards_removed":["Strike_R"],"damage_healed":0.0,"max_hp_gain":0.0,"max_hp_loss":0.0,"gold_gain":0.0,"event_name":"Purifier","player_choice":"Purged","floor":5.0,"gold_loss":0.0,"damage_taken":0.0},{"damage_healed":0.0,"max_hp_gain":0.0,"max_hp_loss":0.0,"gold_gain":100.0,"event_name":"Golden Shrine","player_choice":"Pray","floor":7.0,"gold_loss":0.0,"damage_taken":0.0},{"damage_healed":0.0,"max_hp_gain":0.0,"max_hp_loss":0.0,"gold_gain":0.0,"event_name":"Back to Basics","player_choice":"Simplicity","floor":19.0,"gold_loss":0.0,"damage_taken":0.0,"cards_upgraded":["Strike_R","Strike_R","Strike_R","Strike_R","Defend_R","Defend_R","Defend_R","Defend_R"]},{"cards_removed":["Strike_R"],"damage_healed":0.0,"max_hp_gain":0.0,"max_hp_loss":0.0,"gold_gain":0.0,"event_name":"Wheel of Change","player_choice":"Card Removal","floor":21.0,"gold_loss":0.0,"damage_taken":0.0},{"damage_healed":0.0,"max_hp_gain":0.0,"max_hp_loss":0.0,"gold_gain":0.0,"event_name":"N\u0027loth","player_choice":"Traded Relic","floor":22.0,"relics_lost":["Mango"],"gold_loss":0.0,"damage_taken":0.0,"relics_obtained":["Nloth\u0027s Gift"]},{"damage_healed":0.0,"max_hp_gain":0.0,"max_hp_loss":0.0,"gold_gain":0.0,"event_name":"Ghosts","player_choice":"Ignored","floor":31.0,"gold_loss":0.0,"damage_taken":0.0},{"damage_healed":0.0,"max_hp_gain":0.0,"max_hp_loss":0.0,"gold_gain":0.0,"event_name":"MindBloom","player_choice":"Fight","floor":38.0,"gold_loss":0.0,"damage_taken":0.0},{"damage_healed":0.0,"max_hp_gain":0.0,"max_hp_loss":0.0,"gold_gain":0.0,"event_name":"Match and Keep!","player_choice":"2 cards matched","floor":39.0,"gold_loss":0.0,"damage_taken":0.0,"cards_obtained":["Bandage Up","Juggernaut"]},{"cards_removed":["Defend_R"],"damage_healed":0.0,"max_hp_gain":0.0,"max_hp_loss":0.0,"gold_gain":0.0,"event_name":"Falling","player_choice":"Removed Skill","floor":44.0,"gold_loss":0.0,"damage_taken":0.0},{"damage_healed":0.0,"max_hp_gain":0.0,"max_hp_loss":0.0,"gold_gain":0.0,"event_name":"Accursed Blacksmith","player_choice":"Forge","floor":45.0,"gold_loss":0.0,"damage_taken":0.0,"cards_upgraded":["Pommel Strike"]}],"is_beta":false,"boss_relics":[{"not_picked":["Cursed Key","Runic Dome"],"picked":"Busted Crown"},{"not_picked":["Sozu","Runic Cube"],"picked":"Coffee Dripper"}],"items_purged_floors":[],"is_endless":false,"potions_floor_spawned":[4,6,8,13,16,20,30,35,36,38,48,54],"killed_by":"The Heart","ascension_level":0}}