{"host":"kwv5rcxiitoh7ssi","time":1610911166,"event":{"mods":["2.2 Compatiblity","A Magickal Journey","AchievementEnabler","Act Like it!","Aspiration","Astrologer","BaseMod","Better Altar","Better Match","Better Note","Better Sensory Stone","Better Skull","Better Third Choice","BetterRewards","Colored Map","Colored Powertips","Conspire","Dark Map","Elementarium","Energized Spire","GifTheSpireLib","Gold Saver","GungeonMod","Hallownest","Hubris","Infinite Spire","Jorbs\u0027s Wanderer Trilogy","Marisa（霧雨　魔理沙）","Menagerie","Minty Spire (QoL Compilation)","Pale of the Ancients","Relic Stats","Replay The Spire","Somnambulant","Spicy Shops","Spikes Relics","StSLib","Stuff the Spire","The Animator","The Cursed","The Mystic","The Necromancer","The Runesmith","The Spell Scribe","Thieving Mod","Uncapped","UnlockEverythingMod","vexMod","【遗物卡牌】REMEMod"],"gold_per_floor":[420,435,360,373,598,626,626,642,642,8,25,25,58,71,71,175,175,186,200,213,213,224,253,291,291,291],"floor_reached":25,"language":"ENG","playtime":3103,"items_purged":["animator:Saitama"],"score":362,"play_id":"14d0c19a-82b0-4b2b-af6b-ca012e8580e5","local_time":"20210117141926","is_ascension_mode":false,"campfire_choices":[{"floor":12,"key":"REST"},{"floor":15,"key":"REST"}],"circlet_count":0,"master_deck":["stsjorbsmod:ForbiddenGrimoire+1","stsjorbsmod:Strike_Wanderer","stsjorbsmod:Strike_Wanderer","stsjorbsmod:Strike_Wanderer","stsjorbsmod:Strike_Wanderer","stsjorbsmod:Defend_Wanderer","stsjorbsmod:Defend_Wanderer","stsjorbsmod:Defend_Wanderer","stsjorbsmod:Defend_Wanderer","stsjorbsmod:FreshAdventure","stsjorbsmod:EyeOfTheStorm","stsjorbsmod:Firebolt","stsjorbsmod:ParryingBlow","stsjorbsmod:Message","DemoMod:Spice","stsjorbsmod:Thorns","stsjorbsmod:ChainLightning","stsjorbsmod:ArcaneWeapon","stsjorbsmod:SmithingStrike+1","stsjorbsmod:SmithingStrike+1","stsjorbsmod:ChainLightning","Shame","stsjorbsmod:ArcaneWeapon","stsjorbsmod:Firebolt","stsjorbsmod:FindFamiliar","stsjorbsmod:BlackTentacles+1","stsjorbsmod:ChainLightning","stsjorbsmod:ThirstingSword","stsjorbsmod:Fireball","stsjorbsmod:MageArmor+1","stsjorbsmod:Materialize","stsjorbsmod:Index","stsjorbsmod:ColorSpray+1","stsjorbsmod:Prepare+1","stsjorbsmod:ScorchingRay"],"relics":["stsjorbsmod:GrimoireRelic","REME_ComplimentaryCards","BargainBundle","White Beast Statue","Sundial","Pet Ghost","aspiration:Nostalgia","MiniHakkero","Dead Branch","Bottled Lightning","aspiration:MobileForge","RollingBoulder"],"acts_visited":["Exordium","Menagerie:Menagerie"],"potions_floor_usage":[4,6,6,6,14,16,16,18,20,20,22,23,25,25],"damage_taken":[{"damage":9,"enemies":"Menagerie:WhisperingWraith","floor":1,"turns":3},{"damage":3,"enemies":"Menagerie:2_RABBITS","floor":2,"turns":2},{"damage":7,"enemies":"Menagerie:MonstrousExperiment","floor":4,"turns":3},{"damage":10,"enemies":"Menagerie:MaskedSummoner","floor":6,"turns":4},{"damage":14,"enemies":"Menagerie:RedMage","floor":8,"turns":3},{"damage":10,"enemies":"Menagerie:DREAD_MOTH_AND_GRAFTED_WORMS","floor":11,"turns":2},{"damage":20,"enemies":"Menagerie:VoidReaper","floor":13,"turns":3},{"damage":9,"enemies":"Menagerie:STYGIAN_BOAR_AND_WHISPERING_WRAITH","floor":14,"turns":4},{"damage":4,"enemies":"Menagerie:Chimera","floor":16,"turns":6},{"damage":5,"enemies":"Elementarium:2_ELEMENTALS","floor":18,"turns":3},{"damage":0,"enemies":"Elementarium:VoidCorruption","floor":19,"turns":6},{"damage":8,"enemies":"Elementarium:RubyGolem","floor":20,"turns":3},{"damage":10,"enemies":"Elementarium:3_ELEMENTALS","floor":22,"turns":3},{"damage":21,"enemies":"Elementarium:FIRE_NOBILITY","floor":23,"turns":3},{"damage":14,"enemies":"Elementarium:CYCLONE_AND_LIVING_STORMCLOUD","floor":24,"turns":4},{"damage":26,"enemies":"Elementarium:ElementalPortal","floor":25,"turns":3}],"seed_played":"3986202401538343959","potions_obtained":[{"floor":8,"key":"Dexterity Potion"},{"floor":11,"key":"DuplicationPotion"},{"floor":13,"key":"Explosive Potion"},{"floor":14,"key":"SkillPotion"},{"floor":16,"key":"Energy Potion"},{"floor":18,"key":"Adrenaline Potion"},{"floor":19,"key":"Toxic Potion"},{"floor":20,"key":"Elixir"},{"floor":22,"key":"AttackPotion"},{"floor":23,"key":"FearPotion"},{"floor":24,"key":"stsjorbsmod:LiquidVirtue"}],"is_trial":false,"path_per_floor":["M","M","?","M","?","E","?","M","T","$","M","R","E","M","R","B",null,"M","M","M","?","M","E","M","E"],"character_chosen":"WANDERER","items_purchased":["BargainBundle","Ancient Potion","Explosive Potion","Block Potion","stsjorbsmod:Firebolt","stsjorbsmod:ParryingBlow","stsjorbsmod:Message","DemoMod:Spice","Pet Ghost","aspiration:Nostalgia","stsjorbsmod:FindFamiliar","Dead Branch"],"campfire_rested":2,"item_purchase_floors":[0,0,0,0,0,0,0,0,10,10,10,10],"current_hp_per_floor":[54,53,53,47,47,38,38,26,26,26,16,35,18,13,32,43,63,60,63,57,47,41,36,25,0,0],"gold":291,"neow_bonus":"","is_daily":false,"chose_seed":false,"campfire_upgraded":0,"win_rate":0.0,"timestamp":1610911166,"path_taken":["M","?","?","?","?","E","?","M","T","$","M","R","E","?","R","BOSS","M","M","M","?","M","E","M","E"],"items_purchased_type":["Relic","Potion","Potion","Potion","Card","Card","Card","Card","Relic","Relic","Card","Relic"],"build_version":"2020-12-22","purchased_purges":1,"victory":false,"max_hp_per_floor":[66,66,66,66,66,66,66,66,66,66,66,66,66,66,66,63,63,63,63,63,68,65,66,66,66,66],"relic_stats":{"counters":[34,130],"Sundial":[0],"Dead Branch":[70],"obtain_stats":[{"BargainBundle":0,"NeowsBlessing":0,"aspiration:Nostalgia":10,"Dead Branch":10,"stsjorbsmod:GrimoireRelic":0,"DemoMod:GlassGuonStoneRelic":1,"White Beast Statue":6,"Pet Ghost":10,"Replay:Rubber Ducky":17,"vexMod:Dragonfruit":11,"Replay:Baseball":17,"hubris:Icosahedron":3,"DemoMod:MeatBun":20,"Sundial":9,"aspiration:MobileForge":17,"StuffTheSpire:HeavyRock":6,"RollingBoulder":23,"Turnip":9,"MiniHakkero":10,"Bottled Lightning":13,"REME_LowDesire":17,"ReplayTheSpireMod:Lightbulb":26,"REME_ComplimentaryCards":0},{"BargainBundle":18,"NeowsBlessing":0,"aspiration:Nostalgia":23,"Dead Branch":23,"stsjorbsmod:GrimoireRelic":0,"DemoMod:GlassGuonStoneRelic":1,"White Beast Statue":22,"Pet Ghost":23,"Replay:Rubber Ducky":10,"vexMod:Dragonfruit":6,"Replay:Baseball":10,"hubris:Icosahedron":2,"DemoMod:MeatBun":12,"Sundial":23,"aspiration:MobileForge":27,"StuffTheSpire:HeavyRock":3,"RollingBoulder":32,"Turnip":5,"MiniHakkero":23,"Bottled Lightning":25,"REME_LowDesire":10,"ReplayTheSpireMod:Lightbulb":16,"REME_ComplimentaryCards":0},{"BargainBundle":75,"NeowsBlessing":0,"aspiration:Nostalgia":90,"Dead Branch":90,"stsjorbsmod:GrimoireRelic":0,"DemoMod:GlassGuonStoneRelic":1,"White Beast Statue":87,"Pet Ghost":90,"Replay:Rubber Ducky":34,"vexMod:Dragonfruit":16,"Replay:Baseball":34,"hubris:Icosahedron":2,"DemoMod:MeatBun":43,"Sundial":90,"aspiration:MobileForge":105,"StuffTheSpire:HeavyRock":3,"RollingBoulder":123,"Turnip":11,"MiniHakkero":90,"Bottled Lightning":95,"REME_LowDesire":34,"ReplayTheSpireMod:Lightbulb":67,"REME_ComplimentaryCards":0}]},"card_choices":[{"not_picked":["stsjorbsmod:UnseenServant","DemoMod:Spice"],"picked":"stsjorbsmod:ChainLightning","floor":1},{"not_picked":["stsjorbsmod:RayOfFrost","stsjorbsmod:TrueStrike"],"picked":"stsjorbsmod:ArcaneWeapon","floor":2},{"not_picked":["stsjorbsmod:Stalwart+1","stsjorbsmod:LoseGrip+1"],"picked":"stsjorbsmod:SmithingStrike+1","floor":3},{"not_picked":["DemoMod:Spice","stsjorbsmod:Thorns"],"picked":"stsjorbsmod:ChainLightning","floor":4},{"not_picked":["stsjorbsmod:Aid","DemoMod:Spice"],"picked":"stsjorbsmod:ArcaneWeapon","floor":6},{"not_picked":["stsjorbsmod:DisguiseSelf","DemoMod:Spice"],"picked":"stsjorbsmod:Firebolt","floor":8},{"not_picked":["stsjorbsmod:Channel","stsjorbsmod:WeightOfMemory"],"picked":"stsjorbsmod:BlackTentacles","floor":11},{"not_picked":["DemoMod:Spice","DemoMod:Spice"],"picked":"stsjorbsmod:ChainLightning","floor":13},{"not_picked":["stsjorbsmod:BurningFlask","stsjorbsmod:Message"],"picked":"stsjorbsmod:ThirstingSword","floor":14},{"not_picked":["stsjorbsmod:CorrodingBarrier","DemoMod:Spice"],"picked":"stsjorbsmod:Fireball","floor":16},{"not_picked":["stsjorbsmod:Message","stsjorbsmod:WeightOfMemory"],"picked":"stsjorbsmod:MageArmor+1","floor":18},{"not_picked":["stsjorbsmod:Prepare+1","stsjorbsmod:SchoolsOfMagic"],"picked":"stsjorbsmod:Materialize","floor":19},{"not_picked":["stsjorbsmod:DisguiseSelf+1","stsjorbsmod:Message"],"picked":"stsjorbsmod:Index","floor":20},{"not_picked":["stsjorbsmod:Introspection","stsjorbsmod:BlackTentacles+1"],"picked":"stsjorbsmod:ColorSpray+1","floor":22},{"not_picked":["stsjorbsmod:MistyStep","stsjorbsmod:Mania"],"picked":"stsjorbsmod:Prepare+1","floor":23},{"not_picked":["stsjorbsmod:Fear","stsjorbsmod:Index"],"picked":"stsjorbsmod:ScorchingRay","floor":24}],"player_experience":151362,"relics_obtained":[{"floor":6,"key":"White Beast Statue"},{"floor":9,"key":"Sundial"},{"floor":13,"key":"Bottled Lightning"},{"floor":23,"key":"RollingBoulder"}],"event_choices":[{"damage_healed":0,"gold_gain":0,"player_choice":"2","damage_taken":0,"max_hp_gain":0,"max_hp_loss":0,"event_name":"betterMatch:BetterMatch","floor":3,"gold_loss":0,"cards_obtained":["betterMatch:UncommonCard"]},{"damage_healed":0,"gold_gain":225,"player_choice":"Raid","damage_taken":0,"max_hp_gain":0,"max_hp_loss":0,"event_name":"Menagerie:SpiderNest","floor":5,"gold_loss":0,"cards_obtained":["Shame"]},{"damage_healed":0,"gold_gain":0,"player_choice":"Leave","damage_taken":0,"max_hp_gain":0,"max_hp_loss":0,"event_name":"conspire:Investor","floor":7,"gold_loss":0},{"damage_healed":0,"gold_gain":0,"player_choice":"Sacrifice","damage_taken":15,"max_hp_gain":5,"max_hp_loss":0,"event_name":"Elementarium:RadiantAltar","floor":21,"gold_loss":0}],"is_beta":false,"boss_relics":[{"not_picked":["Replay:Wanted Poster","hubris:Backtick"],"picked":"aspiration:MobileForge"}],"items_purged_floors":[0],"is_endless":false,"potions_floor_spawned":[2,8,11,13,14,16,18,19,20,22,23,24],"killed_by":"Elementarium:ElementalPortal","ascension_level":0}}