{"host":"l60rmjjsfi0fipmi","time":1610846469,"event":{"mods":["BaseMod","Colored Map","DeckTracker","Highlight Path","Minty Spire (QoL Compilation)","StSLib","The Cursed","The Servant 0.9.4"],"gold_per_floor":[114,131,61,78,97,97,97,97,173,173,204,169,187,187,187,291,291,309,269,56,68,88,88,118,128,128,128,144,164,177,177,177,177,177],"floor_reached":33,"language":"ENG","playtime":1932,"items_purged":["Strike_R"],"score":309,"play_id":"224d82c1-fb33-42e6-a37c-41a14ad05ee9","local_time":"20210116202109","is_ascension_mode":true,"campfire_choices":[{"data":"Flame Barrier","floor":6,"key":"SMITH"},{"data":"Fire Breathing","floor":8,"key":"SMITH"},{"data":"Rampage","floor":10,"key":"SMITH"},{"data":"Headbutt","floor":15,"key":"SMITH"},{"data":"Seeing Red","floor":23,"key":"SMITH"},{"floor":27,"key":"REST"},{"floor":32,"key":"REST"}],"circlet_count":0,"master_deck":["Strike_R","Strike_R+1","Defend_R","Defend_R","Defend_R","Defend_R","Bash+1","Iron Wave+1","Rampage+1","Fire Breathing+1","Flame Barrier+1","Reckless Charge","Seeing Red+1","Headbutt+1","Double Tap","Power Through","Flash of Steel","Blood for Blood","Cleave","Flex"],"relics":["Burning Blood","Mercury Hourglass","Vajra","TungstenRod","Empty Cage","Singing Bowl","Matryoshka"],"acts_visited":["Exordium","TheCity"],"potions_floor_usage":[16,24,24,28,33],"damage_taken":[{"damage":10,"enemies":"Small Slimes","floor":1,"turns":4},{"damage":2,"enemies":"2 Louse","floor":2,"turns":3},{"damage":6,"enemies":"Cultist","floor":4,"turns":4},{"damage":38,"enemies":"Exordium Thugs","floor":5,"turns":7},{"damage":22,"enemies":"Lagavulin","floor":11,"turns":8},{"damage":1,"enemies":"Gremlin Gang","floor":13,"turns":3},{"damage":10,"enemies":"Slime Boss","floor":16,"turns":8},{"damage":0,"enemies":"Chosen","floor":18,"turns":4},{"damage":13,"enemies":"2 Thieves","floor":21,"turns":5},{"damage":21,"enemies":"Snake Plant","floor":22,"turns":4},{"damage":36,"enemies":"Book of Stabbing","floor":24,"turns":6},{"damage":28,"enemies":"Centurion and Healer","floor":25,"turns":6},{"damage":4,"enemies":"Sentry and Sphere","floor":28,"turns":4},{"damage":9,"enemies":"3 Cultists","floor":29,"turns":4},{"damage":23,"enemies":"Snake Plant","floor":30,"turns":4},{"damage":74,"enemies":"Collector","floor":33,"turns":9}],"seed_played":"-5586713980717159168","potions_obtained":[{"floor":2,"key":"ElixirPotion"},{"floor":4,"key":"Swift Potion"},{"floor":5,"key":"DuplicationPotion"},{"floor":16,"key":"Fruit Juice"},{"floor":22,"key":"Regen Potion"},{"floor":25,"key":"Dexterity Potion"}],"is_trial":false,"path_per_floor":["M","M","$","M","M","R","?","R","T","R","E","?","M","?","R","B",null,"M","?","$","M","M","R","E","M","T","R","M","M","M","?","R","B"],"character_chosen":"IRONCLAD","items_purchased":["Fire Breathing","Flash of Steel","Explosive Potion"],"campfire_rested":2,"item_purchase_floors":[3,20,20],"current_hp_per_floor":[76,80,80,80,48,48,48,48,48,48,32,52,57,57,57,58,85,85,85,85,78,63,63,48,28,28,54,56,55,40,40,67,0,0],"gold":177,"neow_bonus":"RANDOM_COLORLESS","is_daily":false,"chose_seed":false,"campfire_upgraded":5,"win_rate":0.0,"timestamp":1610846469,"path_taken":["M","M","$","M","M","R","?","R","T","R","E","?","M","?","R","BOSS","M","?","?","M","M","R","E","?","T","R","M","M","M","?","R","BOSS"],"items_purchased_type":["Card","Card","Potion"],"build_version":"2020-12-22","purchased_purges":1,"victory":false,"max_hp_per_floor":[80,80,80,80,80,80,80,80,80,80,80,80,80,80,80,85,85,85,85,85,85,85,85,85,87,87,87,87,89,91,91,91,91,91],"card_choices":[{"not_picked":["Panacea","Impatience"],"picked":"Purity","floor":0},{"not_picked":["Body Slam","Shrug It Off"],"picked":"Iron Wave","floor":1},{"not_picked":["Entrench","Pommel Strike"],"picked":"Rampage","floor":2},{"not_picked":["Flex","Sever Soul"],"picked":"Flame Barrier","floor":4},{"not_picked":["Sword Boomerang","Brutality"],"picked":"Reckless Charge","floor":5},{"not_picked":["Hemokinesis","Clothesline"],"picked":"Seeing Red","floor":11},{"not_picked":["Dual Wield","Searing Blow"],"picked":"Headbutt","floor":13},{"not_picked":["Exhume","Impervious"],"picked":"Double Tap","floor":16},{"not_picked":["Headbutt","Intimidate"],"picked":"Power Through","floor":18},{"not_picked":["Perfected Strike+1","Fire Breathing"],"picked":"Blood for Blood","floor":21},{"not_picked":["Rampage+1","Flame Barrier","Warcry"],"picked":"SKIP","floor":22},{"not_picked":["Fire Breathing","Burning Pact"],"picked":"Cleave","floor":24},{"not_picked":["Pommel Strike","Rupture+1","Twin Strike"],"picked":"Singing Bowl","floor":25},{"not_picked":["Perfected Strike+1","Sword Boomerang"],"picked":"Flex","floor":28},{"not_picked":["Sever Soul+1","Clash","Ghostly Armor+1"],"picked":"Singing Bowl","floor":29},{"not_picked":["Perfected Strike","Cleave","Flame Barrier"],"picked":"Singing Bowl","floor":30}],"player_experience":445525,"relics_obtained":[{"floor":9,"key":"Mercury Hourglass"},{"floor":11,"key":"Vajra"},{"floor":24,"key":"Singing Bowl"},{"floor":26,"key":"Matryoshka"}],"event_choices":[{"damage_healed":0,"gold_gain":0,"player_choice":"Grow","damage_taken":0,"max_hp_gain":0,"max_hp_loss":0,"event_name":"Living Wall","floor":7,"gold_loss":0,"cards_upgraded":["Iron Wave"]},{"damage_healed":20,"gold_gain":0,"player_choice":"Healed","damage_taken":0,"max_hp_gain":0,"max_hp_loss":0,"event_name":"The Cleric","floor":12,"gold_loss":35},{"cards_removed":["Purity"],"damage_healed":0,"gold_gain":0,"player_choice":"Gave Card","damage_taken":0,"relics_obtained":["TungstenRod"],"max_hp_gain":0,"max_hp_loss":0,"event_name":"WeMeetAgain","floor":14,"gold_loss":0},{"damage_healed":0,"gold_gain":0,"player_choice":"Upgraded Two","damage_taken":0,"max_hp_gain":0,"max_hp_loss":0,"event_name":"Designer","floor":19,"gold_loss":40,"cards_upgraded":["Bash","Strike_R"]},{"damage_healed":0,"gold_gain":0,"player_choice":"Ignored","damage_taken":0,"max_hp_gain":0,"max_hp_loss":0,"event_name":"The Mausoleum","floor":31,"gold_loss":0}],"is_beta":false,"boss_relics":[{"not_picked":["Philosopher\u0027s Stone","Cursed Key"],"picked":"Empty Cage"}],"items_purged_floors":[20],"is_endless":false,"potions_floor_spawned":[2,4,5,16,21,22,25],"killed_by":"Collector","ascension_level":3}}