{"host":"2zw05eexjythz74b","time":1610914075,"event":{"mods":["AchievementEnabler","BaseMod","Better Altar","Colored Map","Minty Spire (QoL Compilation)","StSLib","everything is the same but u backflip on backflip"],"gold_per_floor":[112,127,127,26,45,75,86,86,86,86,86,86,86,99,99,200,200,220,231,231,231,231],"floor_reached":21,"language":"ENG","playtime":795,"items_purged":[],"score":231,"play_id":"f5f5a773-1c08-436c-8e51-d52ea43c2963","local_time":"20210117140755","is_ascension_mode":true,"campfire_choices":[{"data":"Bane","floor":8.0,"key":"SMITH"},{"data":"Masterful Stab","floor":11.0,"key":"SMITH"},{"data":"Noxious Fumes","floor":13.0,"key":"SMITH"},{"floor":15.0,"key":"REST"}],"circlet_count":0,"master_deck":["Strike_G","Strike_G","Strike_G","Strike_G","Strike_G","Defend_G","Defend_G","Defend_G","Defend_G","Defend_G","Survivor","Neutralize","Masterful Stab+1","Bullet Time","Noxious Fumes+1","Bane+1","Poisoned Stab","Flying Knee","A Thousand Cuts","Leg Sweep+1","Ghostly","Ghostly","Ghostly","Ghostly","Ghostly"],"relics":["Ring of the Snake","Ice Cream","Toy Ornithopter","Letter Opener","Happy Flower","HoveringKite"],"acts_visited":["Exordium","TheCity"],"potions_floor_usage":[19],"damage_taken":[{"damage":0.0,"enemies":"2 Louse","floor":1.0,"turns":3.0},{"damage":1.0,"enemies":"Jaw Worm","floor":2.0,"turns":4.0},{"damage":0.0,"enemies":"Small Slimes","floor":5.0,"turns":3.0},{"damage":17.0,"enemies":"Lagavulin","floor":6.0,"turns":5.0},{"damage":3.0,"enemies":"Blue Slaver","floor":7.0,"turns":3.0},{"damage":6.0,"enemies":"Large Slime","floor":14.0,"turns":5.0},{"damage":36.0,"enemies":"The Guardian","floor":16.0,"turns":10.0},{"damage":50.0,"enemies":"Shell Parasite","floor":18.0,"turns":6.0},{"damage":25,"enemies":"2 Thieves","floor":19,"turns":5},{"damage":16,"enemies":"Chosen and Byrds","floor":21,"turns":6}],"seed_played":"-9032357350377349971","potions_obtained":[{"floor":1.0,"key":"Explosive Potion"},{"floor":5.0,"key":"SteroidPotion"},{"floor":14.0,"key":"BlessingOfTheForge"},{"floor":16.0,"key":"LiquidMemories"}],"is_trial":false,"path_per_floor":["M","M","?","$","M","E","M","R","T","?","R","$","R","M","R","B",null,"M","M","?","M"],"character_chosen":"THE_SILENT","items_purchased":["Noxious Fumes","Bane"],"campfire_rested":1,"item_purchase_floors":[4,4],"current_hp_per_floor":[63,62,50,50,50,38,35,35,35,40,40,40,40,34,54,23,68,23,3,3,0,0],"gold":231,"neow_bonus":"ONE_RARE_RELIC","is_daily":false,"chose_seed":false,"campfire_upgraded":3,"win_rate":0.0,"timestamp":1610914075,"path_taken":["M","M","?","$","M","E","M","R","T","?","R","?","R","M","R","BOSS","M","M","?","M"],"items_purchased_type":["Card","Card"],"build_version":"2020-12-22","purchased_purges":0,"victory":false,"max_hp_per_floor":[63,63,63,63,63,63,63,63,63,68,68,68,68,68,68,68,68,68,68,34,34,34],"card_choices":[{"not_picked":["Backflip","Dodge and Roll"],"picked":"Masterful Stab","floor":1.0},{"not_picked":["Blur","Dodge and Roll"],"picked":"Bullet Time","floor":2.0},{"not_picked":["Backflip","Escape Plan"],"picked":"Poisoned Stab","floor":5.0},{"not_picked":["Underhanded Strike","Sucker Punch","Flechettes"],"picked":"SKIP","floor":6.0},{"not_picked":["Choke","Acrobatics"],"picked":"Flying Knee","floor":7.0},{"not_picked":["Catalyst","Backstab","Blur"],"picked":"SKIP","floor":14.0},{"not_picked":["Burst","Phantasmal Killer"],"picked":"A Thousand Cuts","floor":16.0},{"not_picked":["Predator","Quick Slash+1","Dodge and Roll"],"picked":"SKIP","floor":18.0},{"not_picked":["Outmaneuver","Endless Agony"],"picked":"Leg Sweep+1","floor":19}],"player_experience":234467,"relics_obtained":[{"floor":6.0,"key":"Letter Opener"},{"floor":9.0,"key":"Happy Flower"}],"event_choices":[{"damage_healed":0.0,"max_hp_gain":0.0,"max_hp_loss":0.0,"gold_gain":0.0,"event_name":"Scrap Ooze","player_choice":"Success","floor":3.0,"gold_loss":0.0,"damage_taken":12.0,"relics_obtained":["Toy Ornithopter"]},{"damage_healed":0.0,"max_hp_gain":5.0,"max_hp_loss":0.0,"gold_gain":0.0,"event_name":"Big Fish","player_choice":"Donut","floor":10.0,"gold_loss":0.0,"damage_taken":0.0},{"damage_healed":0,"gold_gain":0,"player_choice":"Became a Ghost","damage_taken":0,"max_hp_gain":0,"max_hp_loss":34,"event_name":"Ghosts","floor":20,"gold_loss":0,"cards_obtained":["Ghostly","Ghostly","Ghostly","Ghostly","Ghostly"]}],"is_beta":false,"boss_relics":[{"not_picked":["SacredBark","Sozu"],"picked":"HoveringKite"}],"items_purged_floors":[],"is_endless":false,"potions_floor_spawned":[1,5,14,16],"killed_by":"Chosen and Byrds","ascension_level":3}}