{"host":"g5ztulhog0otympt","time":1610901395,"event":{"mods":["AchievementEnabler","BaseMod","Downfall","Hermit","Minty Spire (QoL Compilation)","StSLib","The Cursed"],"gold_per_floor":[212,58,75,75,75,75,105,16,16,33,47,47,47,75,75,174,174,184,202,37,37,56,56,56,76,76,76,86,86,103,137,137,137,137],"floor_reached":33,"language":"ENG","playtime":1414,"items_purged":[],"score":265,"play_id":"38b59e76-a53f-4367-bf2e-85c7ad8e506d","local_time":"20210117183635","is_ascension_mode":false,"campfire_choices":[{"data":"Neutralize","floor":6.0,"key":"SMITH"},{"floor":12.0,"key":"REST"},{"floor":15.0,"key":"REST"},{"floor":23.0,"key":"REST"},{"floor":29.0,"key":"REST"},{"floor":32.0,"key":"REST"}],"circlet_count":0,"master_deck":["Strike_G","Strike_G","Strike_G","Strike_G","Strike_G","Defend_G","Defend_G","Defend_G","Defend_G","Defend_G","Survivor","Neutralize+1","Escape Plan","Backstab","Dagger Spray","Deadly Poison","Bouncing Flask","Envenom","Noxious Fumes+1","Poisoned Stab+1","Terror","Corpse Explosion"],"relics":["Ring of the Snake","Membership Card","Bronze Scales","InkBottle","Pantograph","Odd Mushroom","bronze:MakeshiftBattery","Frozen Egg 2","Boot","Paper Crane"],"acts_visited":["Exordium","TheCity"],"potions_floor_usage":[],"damage_taken":[{"damage":7.0,"enemies":"Jaw Worm","floor":1.0,"turns":5.0},{"damage":3.0,"enemies":"2 Louse","floor":3.0,"turns":3.0},{"damage":41.0,"enemies":"Lagavulin","floor":7.0,"turns":13.0},{"damage":8.0,"enemies":"Small Slimes","floor":10.0,"turns":2.0},{"damage":9.0,"enemies":"Exordium Thugs","floor":11.0,"turns":4.0},{"damage":22.0,"enemies":"The Mushroom Lair","floor":14.0,"turns":4.0},{"damage":17.0,"enemies":"Hexaghost","floor":16.0,"turns":7.0},{"damage":10.0,"enemies":"Shell Parasite","floor":18.0,"turns":4.0},{"damage":9.0,"enemies":"2 Thieves","floor":19.0,"turns":4.0},{"damage":21.0,"enemies":"Snecko","floor":22.0,"turns":4.0},{"damage":12.0,"enemies":"Centurion and Healer","floor":25.0,"turns":6.0},{"damage":6.0,"enemies":"Snake Plant","floor":28.0,"turns":3.0},{"damage":11.0,"enemies":"Snecko","floor":30.0,"turns":3.0},{"damage":27.0,"enemies":"Slavers","floor":31.0,"turns":4.0},{"damage":70,"enemies":"Collector","floor":33,"turns":7}],"seed_played":"7747874659026845897","potions_obtained":[{"floor":7.0,"key":"SkillPotion"},{"floor":14.0,"key":"PowerPotion"},{"floor":16.0,"key":"SkillPotion"},{"floor":18.0,"key":"EssenceOfSteel"},{"floor":19.0,"key":"LiquidBronze"},{"floor":25.0,"key":"GamblersBrew"},{"floor":28.0,"key":"AttackPotion"},{"floor":30.0,"key":"Block Potion"}],"is_trial":false,"path_per_floor":["M","$","M","?","?","R","E","$","T","M","M","R","T","?","R","B",null,"M","M","$","?","M","R","$","M","T","?","M","R","M","E","R","B"],"character_chosen":"THE_SILENT","items_purchased":["Membership Card","Fruit Juice","Regen Potion","Frozen Egg 2","Noxious Fumes+1"],"campfire_rested":5,"item_purchase_floors":[2,8,8,20,20],"current_hp_per_floor":[63,63,60,60,60,60,19,19,19,16,19,41,41,19,41,49,75,65,56,56,56,35,57,57,45,45,45,39,61,50,23,45,0,0],"gold":137,"neow_bonus":"HUNDRED_GOLD","is_daily":false,"chose_seed":false,"campfire_upgraded":1,"win_rate":0.0,"timestamp":1610901395,"path_taken":["M","$","M","?","?","R","E","$","T","M","M","R","?","?","R","BOSS","M","M","$","?","M","R","$","M","T","?","?","R","M","E","R","BOSS"],"items_purchased_type":["Relic","Potion","Potion","Relic","Card"],"build_version":"2020-12-22","purchased_purges":0,"victory":false,"max_hp_per_floor":[70,70,70,70,70,70,70,70,70,75,75,75,75,75,75,75,75,75,75,75,75,75,75,75,75,75,75,75,75,75,75,75,75,75],"card_choices":[{"not_picked":["Underhanded Strike","Blur","PiercingWail"],"picked":"SKIP","floor":1.0},{"not_picked":["Slice","Dodge and Roll"],"picked":"Escape Plan","floor":3.0},{"not_picked":["Glass Knife","Well Laid Plans"],"picked":"Backstab","floor":7.0},{"not_picked":["Poisoned Stab","Blade Dance"],"picked":"Dagger Spray","floor":10.0},{"not_picked":["Bane","Prepared"],"picked":"Deadly Poison","floor":11.0},{"not_picked":["Poisoned Stab","Escape Plan"],"picked":"Bouncing Flask","floor":14.0},{"not_picked":["After Image","Tools of the Trade"],"picked":"Envenom","floor":16.0},{"not_picked":["Masterful Stab","Poisoned Stab","Acrobatics"],"picked":"SKIP","floor":18.0},{"not_picked":["Skewer","Flying Knee","Riddle With Holes"],"picked":"SKIP","floor":19.0},{"not_picked":["Quick Slash+1","Distraction"],"picked":"Poisoned Stab+1","floor":22.0},{"not_picked":["Dodge and Roll","Deflect"],"picked":"Terror","floor":25.0},{"not_picked":["Dagger Throw+1","Underhanded Strike","Bane"],"picked":"SKIP","floor":28.0},{"not_picked":["Deadly Poison","Heel Hook"],"picked":"Corpse Explosion","floor":30.0},{"not_picked":["Heel Hook","Slice","Sucker Punch"],"picked":"SKIP","floor":31.0}],"player_experience":82975,"relics_obtained":[{"floor":7.0,"key":"Bronze Scales"},{"floor":9.0,"key":"InkBottle"},{"floor":13.0,"key":"Pantograph"},{"floor":14.0,"key":"Odd Mushroom"},{"floor":26.0,"key":"Boot"},{"floor":31.0,"key":"Paper Crane"}],"event_choices":[{"damage_healed":0.0,"max_hp_gain":0.0,"max_hp_loss":0.0,"gold_gain":0.0,"event_name":"Golden Wing","player_choice":"Ignored","floor":4.0,"gold_loss":0.0,"damage_taken":0.0},{"damage_healed":0.0,"max_hp_gain":0.0,"max_hp_loss":0.0,"gold_gain":0.0,"event_name":"Liars Game","player_choice":"Ignored","floor":5.0,"gold_loss":0.0,"damage_taken":0.0},{"damage_healed":0.0,"max_hp_gain":0.0,"max_hp_loss":0.0,"gold_gain":0.0,"event_name":"Mushrooms","player_choice":"Fought Mushrooms","floor":14.0,"gold_loss":0.0,"damage_taken":0.0},{"damage_healed":0.0,"max_hp_gain":0.0,"max_hp_loss":0.0,"gold_gain":0.0,"event_name":"Ghosts","player_choice":"Ignored","floor":21.0,"gold_loss":0.0,"damage_taken":0.0},{"damage_healed":0.0,"max_hp_gain":0.0,"max_hp_loss":0.0,"gold_gain":0.0,"event_name":"Beggar","player_choice":"Ignored","floor":27.0,"gold_loss":0.0,"damage_taken":0.0}],"is_beta":false,"boss_relics":[{"not_picked":["Velvet Choker","Astrolabe"],"picked":"bronze:MakeshiftBattery"}],"items_purged_floors":[],"is_endless":false,"potions_floor_spawned":[7,14,16,18,19,25,28,30],"killed_by":"Collector","ascension_level":0}}