{"host":"oigynbtg272c19pw","time":1610883316,"event":{"mods":["BaseMod","Colored Map","Minty Spire (QoL Compilation)","Relic Stats","Slay the Relics Exporter","StSLib"],"gold_per_floor":[114,23,36,47,0,0,30,30,30,30,43,82,82,122,122,220,220,241,265,190,190,204,244,257,257,283,283,283],"floor_reached":27,"playtime":1507,"items_purged":[],"score":602,"play_id":"ace974df-465c-45bd-a18e-5bc3c5c381f3","local_time":"20210117123516","is_ascension_mode":true,"campfire_choices":[{"data":"WheelKick","floor":6.0,"key":"SMITH"},{"data":"SpiritShield","floor":8.0,"key":"SMITH"},{"data":"Fasting2","floor":15.0,"key":"SMITH"},{"floor":25,"key":"REST"}],"circlet_count":0,"master_deck":["AscendersBane","Strike_P+1","Strike_P+1","Strike_P","Defend_P","Defend_P","Defend_P","Defend_P","Eruption+1","Vigilance","SpiritShield+1","Perseverance","Panacea","WheelKick+1","InnerPeace","Tantrum","Fasting2+1","WaveOfTheHand","LessonLearned+1","CutThroughFate+1","Worship","Conclude","WaveOfTheHand","DevaForm","Evaluate+1"],"relics":["PureWater","Mercury Hourglass","Question Card","Golden Idol","HornCleat","Singing Bowl","Snecko Eye","Whetstone","Nunchaku"],"acts_visited":["Exordium","TheCity"],"potions_floor_usage":[24],"damage_taken":[{"damage":1.0,"enemies":"2 Louse","floor":1.0,"turns":6.0},{"damage":4.0,"enemies":"Jaw Worm","floor":3.0,"turns":3.0},{"damage":1.0,"enemies":"Cultist","floor":4.0,"turns":3.0},{"damage":7.0,"enemies":"3 Sentries","floor":7.0,"turns":7.0},{"damage":1.0,"enemies":"3 Louse","floor":11.0,"turns":3.0},{"damage":11.0,"enemies":"Lagavulin","floor":12.0,"turns":6.0},{"damage":23.0,"enemies":"3 Sentries","floor":14.0,"turns":7.0},{"damage":0.0,"enemies":"Hexaghost","floor":16.0,"turns":8.0},{"damage":0.0,"enemies":"2 Thieves","floor":18.0,"turns":3.0},{"damage":0.0,"enemies":"Chosen","floor":19.0,"turns":5.0},{"damage":12.0,"enemies":"Sentry and Sphere","floor":22.0,"turns":6.0},{"damage":27.0,"enemies":"Gremlin Leader","floor":23.0,"turns":6.0},{"damage":11,"enemies":"Snake Plant","floor":24,"turns":4},{"damage":34,"enemies":"Slavers","floor":27,"turns":2}],"seed_played":"480173669584399903","potions_obtained":[{"floor":1.0,"key":"Energy Potion"},{"floor":3.0,"key":"Explosive Potion"},{"floor":7.0,"key":"BottledMiracle"},{"floor":22.0,"key":"Dexterity Potion"}],"is_trial":false,"path_per_floor":["M","$","M","M","?","R","E","R","T","?","M","E","?","E","R","B",null,"M","M","?","?","M","E","M","R","T","E"],"character_chosen":"WATCHER","items_purchased":["Panacea"],"campfire_rested":1,"item_purchase_floors":[2],"current_hp_per_floor":[60,60,56,55,55,55,48,48,48,48,47,36,41,18,18,18,55,55,55,55,55,43,16,5,25,25,0,0],"gold":283,"neow_bonus":"ONE_RANDOM_RARE_CARD","is_daily":false,"chose_seed":false,"campfire_upgraded":3,"win_rate":0.0,"timestamp":1610883316,"path_taken":["M","$","M","M","?","R","E","R","T","?","M","E","?","E","R","BOSS","M","M","?","?","M","E","M","R","T","E"],"items_purchased_type":["Card"],"build_version":"2020-12-13","purchased_purges":0,"victory":false,"max_hp_per_floor":[68,68,68,68,68,68,68,68,68,62,62,62,67,67,67,67,67,67,67,67,67,67,67,67,67,67,67,67],"relic_stats":{"Nunchaku":[0],"Singing Bowl":0,"counters":[14,67],"Golden Idol":62,"Snecko Eye":[45,37,46,49],"Whetstone":["CutThroughFate","Strike_P"],"Question Card":9,"obtain_stats":[{"Nunchaku":26,"HornCleat":12,"Singing Bowl":14,"Golden Idol":10,"Snecko Eye":17,"Whetstone":23,"PureWater":0,"Question Card":9,"Mercury Hourglass":7},{"Nunchaku":13,"HornCleat":6,"Singing Bowl":7,"Golden Idol":4,"Snecko Eye":8,"Whetstone":12,"PureWater":0,"Question Card":4,"Mercury Hourglass":4},{"Nunchaku":65,"HornCleat":27,"Singing Bowl":33,"Golden Idol":19,"Snecko Eye":41,"Whetstone":61,"PureWater":0,"Question Card":19,"Mercury Hourglass":19}],"Mercury Hourglass":[196]},"card_choices":[{"not_picked":["JustLucky","WreathOfFlame"],"picked":"Perseverance","floor":1.0},{"not_picked":["SashWhip","CutThroughFate"],"picked":"WheelKick","floor":3.0},{"not_picked":["SashWhip","Evaluate"],"picked":"InnerPeace","floor":4.0},{"not_picked":["FlyingSleeves","MentalFortress"],"picked":"Tantrum","floor":7.0},{"not_picked":["InnerPeace","Vault","WreathOfFlame"],"picked":"Fasting2","floor":11.0},{"not_picked":["CrushJoints","Nirvana","Vengeance","InnerPeace"],"picked":"SKIP","floor":12.0},{"not_picked":["CrushJoints","Nirvana","Vengeance","InnerPeace"],"picked":"SKIP","floor":12.0},{"not_picked":["SignatureMove","Prostrate","Ragnarok"],"picked":"WaveOfTheHand","floor":14.0},{"not_picked":["Devotion","Brilliance","DevaForm"],"picked":"LessonLearned","floor":16.0},{"not_picked":["SashWhip","CrushJoints","PathToVictory"],"picked":"CutThroughFate","floor":18.0},{"not_picked":["BowlingBash","ThirdEye","Indignation"],"picked":"Worship","floor":19.0},{"not_picked":["FlyingSleeves","Halt","PathToVictory"],"picked":"WaveOfTheHand","floor":22.0},{"not_picked":["FearNoEvil","Protect","SignatureMove"],"picked":"DevaForm","floor":23.0},{"not_picked":["EmptyBody","Vengeance","WindmillStrike"],"picked":"Evaluate+1","floor":24}],"player_experience":1425714,"relics_obtained":[{"floor":7.0,"key":"Mercury Hourglass"},{"floor":9.0,"key":"Question Card"},{"floor":12.0,"key":"HornCleat"},{"floor":14.0,"key":"Singing Bowl"},{"floor":23.0,"key":"Whetstone"},{"floor":26,"key":"Nunchaku"}],"event_choices":[{"damage_healed":0.0,"max_hp_gain":0.0,"max_hp_loss":0.0,"gold_gain":0.0,"event_name":"World of Goop","player_choice":"Left Gold","floor":5.0,"gold_loss":47.0,"damage_taken":0.0},{"damage_healed":0.0,"max_hp_gain":0.0,"max_hp_loss":6.0,"gold_gain":0.0,"event_name":"Golden Idol","player_choice":"Lose Max HP","floor":10.0,"gold_loss":0.0,"damage_taken":0.0,"relics_obtained":["Golden Idol"]},{"damage_healed":0.0,"max_hp_gain":5.0,"max_hp_loss":0.0,"gold_gain":0.0,"event_name":"Big Fish","player_choice":"Donut","floor":13.0,"gold_loss":0.0,"damage_taken":0.0},{"cards_removed":["Strike_P"],"damage_healed":0.0,"max_hp_gain":0.0,"max_hp_loss":0.0,"gold_gain":0.0,"event_name":"Beggar","player_choice":"Gave Gold","floor":20.0,"gold_loss":75.0,"damage_taken":0.0},{"damage_healed":0.0,"max_hp_gain":0.0,"max_hp_loss":0.0,"gold_gain":0.0,"event_name":"Match and Keep!","player_choice":"1 cards matched","floor":21.0,"gold_loss":0.0,"damage_taken":0.0,"cards_obtained":["Conclude"]}],"is_beta":false,"boss_relics":[{"not_picked":["Velvet Choker","Philosopher\u0027s Stone"],"picked":"Snecko Eye"}],"items_purged_floors":[],"is_endless":false,"potions_floor_spawned":[1,3,7,12,14,22],"killed_by":"Slavers","ascension_level":20}}