{"host":"lv71j503waqnafdc","time":1610874284,"event":{"mods":["Act Like it!","Arknights The Spire","BaseMod","Hermit","Jorbs\u0027s Wanderer Trilogy","Minty Spire (QoL Compilation)","Replay The Spire","StSLib","The Cursed"],"gold_per_floor":[115,115,115,115,134,162,162,21,21,59,87,99,111,137,149,161,161],"floor_reached":16,"language":"ZHS","playtime":497,"items_purged":[],"score":108,"play_id":"cd0444b9-fca3-4878-8e08-041df904b123","local_time":"20210117170444","is_ascension_mode":false,"campfire_choices":[{"data":"ats:Disruption Kick","floor":7,"key":"SMITH"},{"floor":15,"key":"REST"}],"circlet_count":0,"master_deck":["ats:Strike C","ats:Strike G+1","ats:Strike S","ats:Strike V","ats:Armor Crushing Shot","ats:Defend","ats:Defend+1","ats:Defend","ats:Defend","ats:Emotion Absorption","ats:True Silver Slash+1","ats:Apocalypse","ats:Powerful Strike","ats:Disruption Kick+1","ats:Ignite","ats:Automatic Cover","ats:Cat Scratch","ats:Ignite","ats:Apocalypse","Shame","Finesse"],"relics":["ats:Sanity","Orichalcum","ats:Originium","ats:Berate","MawBank","Onion Ring","PrismaticShard"],"acts_visited":["Exordium"],"potions_floor_usage":[6,14,16],"damage_taken":[{"damage":5,"enemies":"Cultist","floor":1,"turns":4},{"damage":5,"enemies":"Jaw Worm","floor":5,"turns":4},{"damage":16,"enemies":"Gremlin Nob","floor":6,"turns":4},{"damage":20,"enemies":"3 Sentries","floor":10,"turns":6},{"damage":4,"enemies":"Small Slimes","floor":11,"turns":2},{"damage":0,"enemies":"Exordium Wildlife","floor":14,"turns":2},{"damage":55,"enemies":"The Guardian","floor":16,"turns":9}],"seed_played":"-212745878975335780","potions_obtained":[{"floor":5,"key":"AttackPotion"},{"floor":10,"key":"AttackPotion"},{"floor":11,"key":"Milkshake"}],"is_trial":false,"path_per_floor":["M","?","T","?","M","E","R","$","T","E","M","?","?","M","R","B"],"character_chosen":"DOCTOR_CLASS","items_purchased":["ats:Ignite","ats:Automatic Cover","ats:Cat Scratch"],"campfire_rested":1,"item_purchase_floors":[8,8,8],"current_hp_per_floor":[67,67,67,67,66,50,50,50,50,34,30,30,16,16,37,0,0],"gold":161,"neow_bonus":"ONE_RANDOM_RARE_CARD","is_daily":false,"chose_seed":false,"campfire_upgraded":1,"win_rate":0.0,"timestamp":1610874284,"path_taken":["M","?","?","?","M","E","R","$","T","E","?","?","?","M","R","BOSS"],"items_purchased_type":["Card","Card","Card"],"build_version":"2020-12-22","purchased_purges":0,"victory":false,"max_hp_per_floor":[72,72,72,72,72,72,72,72,72,72,72,72,72,72,72,72,72],"card_choices":[{"not_picked":["ats:Hammer On","ats:Shell Defense"],"picked":"ats:Apocalypse","floor":1},{"not_picked":["ats:LN2 Cannon","ats:Composite Medical Shells"],"picked":"ats:Powerful Strike","floor":5},{"not_picked":["ats:Apocalypse","ats:Directed Diagnosis"],"picked":"ats:Disruption Kick","floor":6},{"not_picked":["ats:Cat Scratch","ats:Childhood Dance"],"picked":"ats:Ignite","floor":10},{"not_picked":["ats:Explosion Area Strengthen","ats:Support Order"],"picked":"ats:Apocalypse","floor":11},{"not_picked":["Study","stsjorbsmod:WeightOfMemory"],"picked":"Finesse","floor":14}],"player_experience":256496,"relics_obtained":[{"floor":3,"key":"Orichalcum"},{"floor":6,"key":"ats:Originium"},{"floor":6,"key":"ats:Berate"},{"floor":9,"key":"MawBank"},{"floor":10,"key":"ats:Originium"},{"floor":10,"key":"Onion Ring"}],"event_choices":[{"damage_healed":0,"gold_gain":0,"player_choice":"Leave","damage_taken":0,"max_hp_gain":0,"max_hp_loss":0,"event_name":"The Cleric","floor":2,"gold_loss":0},{"damage_healed":0,"gold_gain":0,"player_choice":"Grow","damage_taken":0,"max_hp_gain":0,"max_hp_loss":0,"event_name":"Living Wall","floor":4,"gold_loss":0,"cards_upgraded":["ats:True Silver Slash"]},{"damage_healed":0,"gold_gain":0,"player_choice":"Entered Light","damage_taken":14,"max_hp_gain":0,"max_hp_loss":0,"event_name":"Shining Light","floor":13,"gold_loss":0,"cards_upgraded":["ats:Defend","ats:Strike G"]}],"is_beta":false,"boss_relics":[],"items_purged_floors":[],"is_endless":false,"potions_floor_spawned":[5,10,11],"killed_by":"The Guardian","ascension_level":0}}