{"host":"o9oojikv0j1jifqm","time":1610880666,"event":{"mods":["BaseMod","Colored Powertips","Marisa£®ÏF”Í°°ƒß¿Ì…≥£©","Minty Spire (QoL Compilation)","Quick Restart","Reimu£®≤©¿ˆ¡È√Œ£©","Remilia£®¿Ÿ√◊¿Ú—«£©","Replay The Spire","Shop Mod","Spicy Shops","StSLib","UnlockEverythingMod","Yakumo Yukari mod","Youmu£®ªÍ∆«—˝√Œ£©","°æ“≈ŒÔø®≈∆°øREMEMod"],"gold_per_floor":[116,116,131,227,227,227,3,18,18,18,18,52,63,78,78,181,181,201,201,61,71,3,38,38,38,64,64,64,64,79,92,92,192,192,211,211,275,356,356,421,421,515,515,526,526,581,581,644,644,644],"floor_reached":51,"language":"ZHS","playtime":7347,"items_purged":["Pain"],"score":700,"play_id":"4f1e4c37-51a4-4eb0-8449-ad15217b40d7","local_time":"20210117185106","is_ascension_mode":false,"campfire_choices":[{"data":"EmergencyRegeneration","floor":6,"key":"SMITH"},{"data":"SuperhumanBloodyKnife","floor":11,"key":"SMITH"},{"floor":15,"key":"DIG"},{"data":"QueenOfMidnight","floor":24,"key":"SMITH"},{"data":"MastersStateliness","floor":27,"key":"SMITH"},{"data":"ChaoticDestiny","floor":29,"key":"SMITH"},{"floor":32,"key":"DIG"},{"data":"BloodyHallows","floor":41,"key":"SMITH"},{"data":"CeilingFear","floor":49,"key":"SMITH"}],"circlet_count":0,"master_deck":["RedMoon","ScarletShoot","BloodySeventeenLaser+1","RedRainbow","ScarletImprint","EmergencyRegeneration+1","UnstableMagic","VampireSweep+1","Amnesia","SuperhumanBloodyKnife+1","EndlessAdversity","CharismaGuard","QueenOfMidnight+1","BloodySeventeenLaser","Stigmanizer+1","MastersStateliness+1","ReincarnationDial","UltimateOffering","BlasphemousPunishment","Gluttony_TH","ChaoticDestiny+1","FavorOfDestiny","ScarletNetherworld","BloodAndWine","Ultimatum","BatForm","EquivalentExchange","FitfulNightmare","CeilingFear+1","Septette","BlasphemousPunishment+1","Voices","ScarletDevilSign+1","BloodyHallows+1","Magnetism","BloodyMagicSquare","ScarletImprint","MastersStateliness+1","BloodyMagicSquare+1","BadLadyScramble"],"relics":["ScarletHat","REME_ComplimentaryCards","NeowsBlessing","Membership Card","Guide Book","Gungnir","Onion Ring","ReplayTheSpireMod:Shallot","Ring of Chaos","WarpedTongs","MerchantsRug","Mummified Hand","Mastiff:ReiMu","Tiny Chest","Turnip","Replay:Grab Bag","Coffee Dripper","Philosopher\u0027s Stone","Pandora\u0027s Box","ReplayTheSpireMod:Ring of Exchange","ReplayTheSpireMod:Ring of Challenge","REME_HandOfSuture","Blue Candle","RuthlessExorcism:ReiMu","ReplayTheSpireMod:Ninjato"],"acts_visited":["Exordium","TheCity","TheBeyond"],"potions_floor_usage":[33,35,40,44,46,50],"damage_taken":[{"damage":0,"enemies":"Jaw Worm","floor":1,"turns":1},{"damage":0,"enemies":"2 Louse","floor":3,"turns":1},{"damage":37,"enemies":"Cultist","floor":8,"turns":1},{"damage":0,"enemies":"Gremlin Nob","floor":12,"turns":2},{"damage":0,"enemies":"2 Fungi Beasts","floor":13,"turns":4},{"damage":0,"enemies":"Blue Slaver","floor":14,"turns":2},{"damage":73,"enemies":"Fading Forest","floor":16,"turns":11},{"damage":1,"enemies":"2 Thieves","floor":18,"turns":2},{"damage":0,"enemies":"3 Byrds","floor":21,"turns":6},{"damage":25,"enemies":"Slavers","floor":23,"turns":5},{"damage":0,"enemies":"Snake Plant","floor":30,"turns":1},{"damage":44,"enemies":"Snecko","floor":31,"turns":1},{"damage":153,"enemies":"Automaton","floor":33,"turns":9},{"damage":53,"enemies":"3 Darklings","floor":35,"turns":4},{"damage":45,"enemies":"Orb Walker","floor":37,"turns":3},{"damage":15,"enemies":"Sphere and 2 Shapes","floor":38,"turns":2},{"damage":47,"enemies":"R_Hoarder","floor":40,"turns":4},{"damage":78,"enemies":"Reptomancer","floor":42,"turns":3},{"damage":43,"enemies":"Maw","floor":44,"turns":2},{"damage":70,"enemies":"Jaw Worm Horde","floor":46,"turns":3},{"damage":50,"enemies":"4 Shapes","floor":48,"turns":1},{"damage":161,"enemies":"Replay:Hell Engine","floor":50,"turns":1}],"seed_played":"4215210138507174121","potions_obtained":[{"floor":8,"key":"Swift Potion"},{"floor":13,"key":"Strength Potion"},{"floor":14,"key":"BlessingOfTheForge"},{"floor":30,"key":"DuplicationPotion"},{"floor":31,"key":"Regen Potion"},{"floor":33,"key":"AttackPotion"},{"floor":44,"key":"Adrenaline Potion"},{"floor":46,"key":"ColorlessPotion"},{"floor":46,"key":"Dexterity Potion"}],"is_trial":false,"path_per_floor":["M","?","M","?","?","R","$","M","T","T","R","E","M","M","R","B",null,"M","?","$","M","$","E","R","?","T","R","?","R","M","M","R","B",null,"M","?","M","M","?","E","R","E","T","M","T","M","?","M","R","B",null],"character_chosen":"REMILIA","items_purchased":["Membership Card","Guide Book","MerchantsRug","MastersStateliness","ReincarnationDial","Mummified Hand"],"campfire_rested":0,"item_purchase_floors":[7,7,20,20,20,22],"current_hp_per_floor":[75,68,68,38,38,38,38,38,38,38,38,38,38,38,38,73,75,74,74,74,75,75,74,74,89,89,89,89,89,89,89,89,90,90,90,90,89,84,84,82,82,66,66,78,78,79,100,100,100,100],"gold":644,"neow_bonus":"THREE_ENEMY_KILL","is_daily":false,"chose_seed":false,"campfire_upgraded":7,"win_rate":0.0,"timestamp":1610880666,"path_taken":["M","?","M","?","?","R","$","M","T","?","R","E","M","M","R","BOSS","M","?","$","?","$","E","R","?","T","R","?","R","M","M","R","BOSS","M","?","M","M","?","E","R","E","T","M","?","M","?","?","R","BOSS"],"items_purchased_type":["Relic","Relic","Relic","Card","Card","Relic"],"build_version":"2020-12-22","purchased_purges":1,"victory":true,"max_hp_per_floor":[75,75,75,75,75,75,75,75,75,75,75,75,75,75,75,75,75,75,75,75,75,75,75,75,90,90,90,90,90,90,90,90,90,90,90,90,90,90,90,90,90,90,90,90,90,90,100,100,100,100],"card_choices":[{"not_picked":["ForbiddenFruit","VampireSweep"],"picked":"RedRainbow","floor":1},{"not_picked":["NightDance","HunterOfTheNight"],"picked":"ScarletImprint","floor":3},{"not_picked":["LeisurelyOfLord","TwelveNightmare"],"picked":"EmergencyRegeneration","floor":4},{"not_picked":["DiffusionOfMisfortune","ScarletDevil"],"picked":"UnstableMagic","floor":4},{"not_picked":["StarOfDavid","ScarletDevil"],"picked":"VampireSweep","floor":4},{"not_picked":["FavorOfDestiny","VampirishNight"],"picked":"SuperhumanBloodyKnife","floor":8},{"not_picked":["UnstableMagic","EmergencyRegeneration"],"picked":"EndlessAdversity","floor":12},{"not_picked":["UnstableMagic","LeisurelyOfLord"],"picked":"CharismaGuard","floor":13},{"not_picked":["ScarletDevil","MillenniumVampire"],"picked":"QueenOfMidnight","floor":14},{"not_picked":["QueenOfMidnight","HeartBreak"],"picked":"BloodySeventeenLaser","floor":16},{"not_picked":["MastersStateliness","RedRainbow"],"picked":"Stigmanizer+1","floor":18},{"not_picked":["Stigmanizer","EternalNight+1"],"picked":"UltimateOffering","floor":21},{"not_picked":["ScarletImprint+1","BombardNight"],"picked":"BlasphemousPunishment","floor":23},{"not_picked":["ReincarnationDial","BombardNight+1"],"picked":"FavorOfDestiny","floor":30},{"not_picked":["EndlessAdversity","VampireSweep"],"picked":"ScarletNetherworld","floor":31},{"not_picked":["BloodySeventeenLaser","ScarletMeister"],"picked":"BloodyHallows","floor":33},{"not_picked":["VampireFantasy","StarOfDavid"],"picked":"BlasphemousPunishment+1","floor":35},{"not_picked":["VampireClaw","Stigmanizer+1"],"picked":"ScarletDevilSign+1","floor":37},{"not_picked":["DiffusionOfMisfortune","ScarletDevilSign"],"picked":"BloodyHallows","floor":38},{"not_picked":["AfternoonTea","Stigmanizer","BloodyTrap"],"picked":"SKIP","floor":38},{"not_picked":["The Bomb","Dark Shackles"],"picked":"Magnetism","floor":39},{"not_picked":["VampirishNight","VampireClaw"],"picked":"BloodyMagicSquare","floor":40},{"not_picked":["RedRainbow","LeisurelyOfLord+1"],"picked":"ScarletImprint","floor":42},{"not_picked":["ScarletNetherworld","StarOfDavid"],"picked":"MastersStateliness+1","floor":44},{"not_picked":["RedNightlessCastle","DiffusionOfMisfortune","BombardNight+1"],"picked":"SKIP","floor":44},{"not_picked":["Maim","BlasphemousPunishment"],"picked":"BloodyMagicSquare+1","floor":46},{"not_picked":["VampireKiss+1","ChainGang"],"picked":"BadLadyScramble","floor":48}],"player_experience":203455,"relics_obtained":[{"floor":9,"key":"Gungnir"},{"floor":10,"key":"Onion Ring"},{"floor":12,"key":"Replay:Bottled Steam"},{"floor":15,"key":"ReplayTheSpireMod:Shallot"},{"floor":23,"key":"Mastiff:ReiMu"},{"floor":26,"key":"Tiny Chest"},{"floor":32,"key":"Turnip"},{"floor":36,"key":"ReplayTheSpireMod:Ring of Exchange"},{"floor":36,"key":"ReplayTheSpireMod:Ring of Challenge"},{"floor":40,"key":"REME_HandOfSuture"},{"floor":42,"key":"Blue Candle"},{"floor":42,"key":"RuthlessExorcism:ReiMu"},{"floor":43,"key":"ReplayTheSpireMod:Ninjato"}],"event_choices":[{"cards_removed":["Strike_RM"],"damage_healed":0,"gold_gain":0,"player_choice":"Card Removal","damage_taken":7,"max_hp_gain":0,"max_hp_loss":0,"event_name":"Golden Wing","floor":2,"gold_loss":0},{"damage_healed":0,"gold_gain":0,"player_choice":"Rummage","damage_taken":0,"relics_obtained":["WarpedTongs"],"max_hp_gain":0,"max_hp_loss":0,"event_name":"Accursed Blacksmith","floor":19,"gold_loss":0,"cards_obtained":["Pain"]},{"damage_healed":0,"gold_gain":0,"player_choice":"Read","damage_taken":0,"max_hp_gain":0,"max_hp_loss":0,"event_name":"The Library","floor":28,"gold_loss":0,"cards_obtained":["ChaoticDestiny"]},{"damage_healed":0,"gold_gain":0,"player_choice":"Memory 1","damage_taken":0,"max_hp_gain":0,"max_hp_loss":0,"event_name":"SensoryStone","floor":39,"gold_loss":0},{"cards_removed":["BloodyHallows"],"damage_healed":11,"gold_gain":0,"player_choice":"Offered Rare","damage_taken":0,"max_hp_gain":10,"max_hp_loss":0,"event_name":"Bonfire Elementals","floor":47,"gold_loss":0}],"is_beta":false,"boss_relics":[{"not_picked":["REME_LowDesire","Replay:Bronze Core"],"picked":"Ring of Chaos"},{"not_picked":["Sozu","Replay:Wanted Poster"],"picked":"Replay:Grab Bag"},{"not_picked":["Cursed Key","Fusion Hammer"],"picked":"Coffee Dripper"},{"not_picked":["Velvet Choker","Busted Crown"],"picked":"Philosopher\u0027s Stone"},{"not_picked":["Kintsugi","Honey Jar"],"picked":"Pandora\u0027s Box"}],"items_purged_floors":[20],"is_endless":false,"potions_floor_spawned":[8,13,14,18,30,31,44,46],"ascension_level":0}}