{"host":"x205naxbihvu3p76","time":1610879657,"event":{"mods":["AchievementEnabler","BaseMod","Minty Spire (QoL Compilation)","StSLib","SuperFastMode"],"gold_per_floor":[110,123,198,212,107,107,120,135,158,158,158,185,85,85,85,162,162,173,173,187,204,117,142,142,173,173,173,191,116,134,154,154,228,228,238,238,238,251,271,303,303,303,356,390,307,307,317,145,145,145,145],"floor_reached":50,"language":"KOR","playtime":1654,"items_purged":["Strike_B","Strike_B"],"score":1080,"play_id":"0c7fee09-e7b9-4245-8c23-ee643e5cbfc5","local_time":"20210117193417","is_ascension_mode":true,"campfire_choices":[{"data":"Echo Form","floor":6,"key":"SMITH"},{"data":"Self Repair","floor":11,"key":"SMITH"},{"data":"Zap","floor":15,"key":"SMITH"},{"floor":24,"key":"REST"},{"floor":27,"key":"REST"},{"data":"Defragment","floor":32,"key":"SMITH"},{"floor":42,"key":"REST"},{"floor":46,"key":"REST"},{"floor":49,"key":"RECALL"}],"circlet_count":0,"master_deck":["AscendersBane","Defend_B","Defend_B","Zap+1","Dualcast","Echo Form+1","Ball Lightning","Self Repair+1","Cold Snap","Chill","Ball Lightning","Turbo","Biased Cognition","Coolheaded+1","Defragment+1","Coolheaded+1","Reinforced Body","Defragment+1","FTL","Force Field","Heatsinks+1","Capacitor","Fusion+1","Core Surge","Cold Snap","Undo","Self Repair","Recycle","Storm+1"],"relics":["Cracked Core","Pen Nib","Bronze Scales","Astrolabe","Vajra","Kunai","Blue Candle","Inserter","Orichalcum","Turnip","Membership Card"],"acts_visited":["Exordium","TheCity","TheBeyond"],"potions_floor_usage":[23,23],"damage_taken":[{"damage":4,"enemies":"Small Slimes","floor":1,"turns":4},{"damage":6,"enemies":"2 Louse","floor":2,"turns":4},{"damage":7,"enemies":"Jaw Worm","floor":4,"turns":3},{"damage":16,"enemies":"3 Louse","floor":7,"turns":4},{"damage":4,"enemies":"Looter","floor":8,"turns":4},{"damage":18,"enemies":"Lagavulin","floor":12,"turns":6},{"damage":30,"enemies":"The Guardian","floor":16,"turns":11},{"damage":11,"enemies":"2 Thieves","floor":18,"turns":4},{"damage":6,"enemies":"3 Byrds","floor":20,"turns":2},{"damage":11,"enemies":"Cultist and Chosen","floor":21,"turns":5},{"damage":35,"enemies":"Slavers","floor":23,"turns":4},{"damage":20,"enemies":"Book of Stabbing","floor":25,"turns":5},{"damage":0,"enemies":"3 Cultists","floor":28,"turns":6},{"damage":11,"enemies":"Centurion and Healer","floor":30,"turns":10},{"damage":12,"enemies":"Snake Plant","floor":31,"turns":3},{"damage":17,"enemies":"Collector","floor":33,"turns":8},{"damage":29,"enemies":"Orb Walker","floor":35,"turns":4},{"damage":0,"enemies":"3 Shapes","floor":38,"turns":7},{"damage":61,"enemies":"Jaw Worm Horde","floor":39,"turns":7},{"damage":6,"enemies":"Giant Head","floor":40,"turns":11},{"damage":50,"enemies":"Reptomancer","floor":44,"turns":8},{"damage":0,"enemies":"Sphere and 2 Shapes","floor":47,"turns":7},{"damage":68,"enemies":"Time Eater","floor":50,"turns":12}],"seed_played":"3641800605090055002","potions_obtained":[{"floor":7,"key":"Explosive Potion"},{"floor":12,"key":"LiquidMemories"},{"floor":39,"key":"FearPotion"},{"floor":47,"key":"SteroidPotion"}],"is_trial":false,"path_per_floor":["M","M","?","M","$","R","M","M","T","?","R","E","$","?","R","B",null,"M","?","M","M","$","E","R","E","T","R","M","?","M","M","R","B",null,"M","?","?","M","M","E","?","R","T","E","$","R","M","$","R","B"],"character_chosen":"DEFECT","items_purchased":["Cold Snap","Heatsinks","Recycle","Membership Card"],"campfire_rested":4,"item_purchase_floors":[5,22,45,48],"current_hp_per_floor":[60,54,43,36,36,36,27,30,30,35,35,37,37,37,37,17,61,60,60,54,43,43,18,40,30,30,52,62,62,61,59,59,52,70,51,51,51,71,20,34,34,56,56,23,23,45,62,62,62,0,0],"gold":145,"neow_bonus":"ONE_RANDOM_RARE_CARD","is_daily":false,"chose_seed":false,"campfire_upgraded":4,"win_rate":0.0,"timestamp":1610879657,"path_taken":["M","M","?","M","$","R","M","M","T","?","R","E","$","?","R","BOSS","M","?","M","M","$","E","R","E","T","R","M","?","M","M","R","BOSS","M","?","?","?","M","E","?","R","T","E","?","R","M","$","R","BOSS"],"items_purchased_type":["Card","Card","Card","Relic"],"build_version":"2020-12-22","purchased_purges":2,"victory":false,"max_hp_per_floor":[71,71,71,71,71,71,71,71,71,76,76,76,76,76,76,76,76,76,76,76,76,76,76,76,76,76,76,76,76,76,76,76,76,76,76,76,76,76,76,76,76,76,76,76,76,76,76,76,76,76,76],"card_choices":[{"not_picked":["Gash","Blizzard"],"picked":"Ball Lightning","floor":1},{"not_picked":["Turbo","Hologram"],"picked":"Self Repair","floor":2},{"not_picked":["Beam Cell","Steam Power","Barrage"],"picked":"SKIP","floor":4},{"not_picked":["Rebound","Barrage"],"picked":"Chill","floor":7},{"not_picked":["Reprogram","Static Discharge"],"picked":"Ball Lightning","floor":8},{"not_picked":["Steam","Gash"],"picked":"Turbo","floor":12},{"not_picked":["All For One","Fission"],"picked":"Biased Cognition","floor":16},{"not_picked":["Lockon","Loop"],"picked":"Reinforced Body","floor":18},{"not_picked":["Go for the Eyes","Hologram"],"picked":"FTL","floor":20},{"not_picked":["Tempest","Ball Lightning"],"picked":"Force Field","floor":21},{"not_picked":["Ball Lightning","Hologram","Streamline"],"picked":"SKIP","floor":23},{"not_picked":["Barrage","Leap"],"picked":"Capacitor","floor":25},{"not_picked":["Stack","Turbo"],"picked":"Fusion+1","floor":28},{"not_picked":["Rip and Tear","Stack","Beam Cell"],"picked":"SKIP","floor":30},{"not_picked":["Hyperbeam","FTL+1","Steam"],"picked":"SKIP","floor":31},{"not_picked":["Seek","Amplify"],"picked":"Core Surge","floor":33},{"not_picked":["Stack","Genetic Algorithm+1"],"picked":"Cold Snap","floor":35},{"not_picked":["Barrage","Hologram+1"],"picked":"Undo","floor":38},{"not_picked":["Rebound+1","Compile Driver","Aggregate"],"picked":"SKIP","floor":39},{"not_picked":["Streamline","Steam"],"picked":"Self Repair","floor":40},{"not_picked":["Melter+1","Hello World+1","Sweeping Beam+1"],"picked":"SKIP","floor":44},{"not_picked":["Defragment","Cold Snap"],"picked":"Storm+1","floor":47}],"player_experience":977810,"relics_obtained":[{"floor":9,"key":"Pen Nib"},{"floor":12,"key":"Bronze Scales"},{"floor":23,"key":"Vajra"},{"floor":25,"key":"Kunai"},{"floor":26,"key":"Blue Candle"},{"floor":40,"key":"Orichalcum"},{"floor":44,"key":"Turnip"}],"event_choices":[{"damage_healed":0,"gold_gain":75,"player_choice":"Gather Gold","damage_taken":11,"max_hp_gain":0,"max_hp_loss":0,"event_name":"World of Goop","floor":3,"gold_loss":0},{"damage_healed":0,"gold_gain":0,"player_choice":"Donut","damage_taken":0,"max_hp_gain":5,"max_hp_loss":0,"event_name":"Big Fish","floor":10,"gold_loss":0},{"damage_healed":0,"gold_gain":0,"player_choice":"Ignored","damage_taken":0,"max_hp_gain":0,"max_hp_loss":0,"event_name":"Shining Light","floor":14,"gold_loss":0},{"damage_healed":0,"gold_gain":0,"player_choice":"Read","damage_taken":0,"max_hp_gain":0,"max_hp_loss":0,"event_name":"The Library","floor":19,"gold_loss":0,"cards_obtained":["Defragment"]},{"cards_removed":["Defend_B"],"damage_healed":0,"gold_gain":0,"player_choice":"Gave Gold","damage_taken":0,"max_hp_gain":0,"max_hp_loss":0,"event_name":"Beggar","floor":29,"gold_loss":75},{"damage_healed":0,"gold_gain":0,"player_choice":"Ignored","damage_taken":0,"max_hp_gain":0,"max_hp_loss":0,"event_name":"Tomb of Lord Red Mask","floor":36,"gold_loss":0},{"damage_healed":0,"gold_gain":0,"player_choice":"Forge","damage_taken":0,"max_hp_gain":0,"max_hp_loss":0,"event_name":"Accursed Blacksmith","floor":37,"gold_loss":0,"cards_upgraded":["Heatsinks"]},{"damage_healed":0,"gold_gain":0,"player_choice":"Ignored","damage_taken":0,"max_hp_gain":0,"max_hp_loss":0,"event_name":"SecretPortal","floor":41,"gold_loss":0}],"is_beta":false,"boss_relics":[{"not_picked":["Calling Bell","Black Star"],"picked":"Astrolabe"},{"not_picked":["Cursed Key","FrozenCore"],"picked":"Inserter"}],"items_purged_floors":[5,13],"is_endless":false,"potions_floor_spawned":[7,12,18,20,21,39,47],"killed_by":"Time Eater","ascension_level":20}}