{"host":"ojme7g6xlqwffsso","time":1610907565,"event":{"mods":["BaseMod","Downfall","Minty Spire (QoL Compilation)","StSLib"],"gold_per_floor":[99,110,121,135,153,167,190,225,325,357,157,176,205,222,242,242,242,242],"floor_reached":16,"language":"ENG","playtime":903,"items_purged":[],"score":145,"play_id":"7640717b-be62-4c93-a850-8096a070946f","local_time":"20210118031925","is_ascension_mode":true,"campfire_choices":[{"data":"Guardian:CurlUp","floor":1,"key":"SMITH"},{"floor":11,"key":"RECALL"}],"circlet_count":0,"master_deck":["Guardian:Strike_Guardian","Guardian:Strike_Guardian","Guardian:Strike_Guardian","Guardian:Strike_Guardian","Guardian:Defend_Guardian","Guardian:Defend_Guardian","Guardian:Defend_Guardian","Guardian:Defend_Guardian","Guardian:CurlUp+1","Guardian:TwinSlam","Guardian:PiercingHide","Guardian:BronzeOrb","Guardian:Preprogram","Guardian:TemporalStrike","Guardian:StasisField","Guardian:Incinerate","Guardian:Reroute","Guardian:RollAttack","Guardian:Planning"],"relics":["Guardian:ModeShifter","Ancient Tea Set","Bag of Preparation","PreservedInsect","downfall:HeartBlessingGreen","downfall:HeartBlessingBlue","Guardian:PickAxe"],"acts_visited":["Exordium"],"potions_floor_usage":[8,8],"damage_taken":[{"damage":2,"enemies":"Jaw Worm","floor":2,"turns":4},{"damage":0,"enemies":"2 Louse","floor":3,"turns":3},{"damage":7,"enemies":"Small Slimes","floor":4,"turns":4},{"damage":4,"enemies":"Exordium Wildlife","floor":5,"turns":7},{"damage":0,"enemies":"2 Fungi Beasts","floor":6,"turns":3},{"damage":14,"enemies":"Lagavulin","floor":8,"turns":8},{"damage":23,"enemies":"3 Sentries","floor":10,"turns":11},{"damage":1,"enemies":"Exordium Thugs","floor":12,"turns":4},{"damage":8,"enemies":"Gremlin Nob","floor":13,"turns":4},{"damage":0,"enemies":"Red Slaver","floor":14,"turns":5},{"damage":4,"enemies":"Lots of Slimes","floor":15,"turns":3},{"damage":29,"enemies":"SI_SHIV_ARCHETYPE","floor":16,"turns":7}],"seed_played":"6742816358349866120","potions_obtained":[{"floor":3,"key":"Dexterity Potion"},{"floor":5,"key":"SkillPotion"},{"floor":6,"key":"Fire Potion"},{"floor":14,"key":"EntropicBrew"},{"floor":15,"key":"Fire Potion"}],"is_trial":false,"path_per_floor":["R","M","M","M","M","M","T","E","?","E","R","M","E","M","M","B"],"character_chosen":"GUARDIAN","items_purchased":[],"campfire_rested":0,"item_purchase_floors":[],"current_hp_per_floor":[80,78,78,71,67,67,67,53,53,30,40,39,31,31,27,0,0,0],"gold":242,"neow_bonus":"RANDOM_COMMON_RELIC","is_daily":false,"chose_seed":false,"campfire_upgraded":1,"win_rate":0.0,"timestamp":1610907565,"path_taken":["R","M","M","M","M","M","T","E","?","E","R","M","E","M","M","BOSS"],"items_purchased_type":[],"build_version":"2020-12-22","purchased_purges":0,"victory":false,"max_hp_per_floor":[80,80,80,80,80,80,80,80,80,80,90,90,90,90,90,90,90,90],"card_choices":[{"not_picked":["Guardian:BodySlam","Guardian:PolyBeam"],"picked":"Guardian:PiercingHide","floor":2},{"not_picked":["Guardian:EvasiveProtocol","Guardian:Incinerate"],"picked":"Guardian:Gem_Red","floor":3},{"not_picked":["Guardian:Preprogram","Guardian:ChargeUp"],"picked":"Guardian:BronzeOrb","floor":4},{"not_picked":["Guardian:Gem_Crimson","Guardian:PiercingHide"],"picked":"Guardian:Preprogram","floor":5},{"not_picked":["Guardian:TimeBomb","Guardian:Gem_Crimson"],"picked":"Guardian:Gem_Fragmented","floor":6},{"not_picked":["Guardian:Repulse","Guardian:ShieldCharger"],"picked":"Guardian:TemporalStrike","floor":8},{"not_picked":["Guardian:Gem_Cyan","Guardian:Reroute"],"picked":"Guardian:StasisField","floor":10},{"not_picked":["Guardian:ChargeCore","Guardian:Gem_Cyan"],"picked":"Guardian:Incinerate","floor":12},{"not_picked":["Guardian:CrystalBeam","Guardian:ChargeCore"],"picked":"Guardian:Reroute","floor":13},{"not_picked":["Guardian:Gem_Green","Guardian:RefractedBeam"],"picked":"Guardian:RollAttack","floor":14},{"not_picked":["Guardian:PrismaticBeam","Guardian:ChargeCore"],"picked":"Guardian:Planning","floor":15}],"player_experience":877013,"relics_obtained":[{"floor":8,"key":"Bag of Preparation"},{"floor":10,"key":"PreservedInsect"},{"floor":13,"key":"Guardian:PickAxe"}],"event_choices":[],"is_beta":false,"boss_relics":[],"items_purged_floors":[],"is_endless":false,"potions_floor_spawned":[3,5,6,14,15],"killed_by":"SI_SHIV_ARCHETYPE","ascension_level":3}}