{"host":"0tx5hhfcaiyfjvb5","time":1610851027,"event":{"mods":["BaseMod","Downfall","Minty Spire (QoL Compilation)","StSLib"],"gold_per_floor":[99,117,137,150,164,164,164,192,210,310,310,410,20,20,34,134,134,134,144,159,9,9,28,28,28,28,28,28],"floor_reached":26,"language":"ENG","playtime":3340,"items_purged":[],"score":208,"play_id":"846e49af-efc3-4d05-9728-f86246ef95b4","local_time":"20210116213707","is_ascension_mode":false,"campfire_choices":[{"data":"Slimebound:RollThrough","floor":1.0,"key":"SMITH"},{"floor":11.0,"key":"REST"},{"data":"Slimebound:LeadByExample","floor":18.0,"key":"SMITH"}],"circlet_count":0,"master_deck":["Slimebound:Strike_Slimebound","Slimebound:Strike_Slimebound","Slimebound:Strike_Slimebound","Slimebound:Tackle","Slimebound:Defend_Slimebound","Slimebound:Defend_Slimebound","Slimebound:Defend_Slimebound","Slimebound:Split","Slimebound:CorrosiveSpit","Slimebound:RollThrough+1","Slimebound:ItLooksTasty","Slimebound:RollThrough","Slimebound:SplitLeeching","Slimebound:ComboTackle","Slimebound:LivingWall","Slimebound:Overexert","Slimebound:SlimeTap","Slimebound:SplitBruiser","Slimebound:LeadByExample+1","Slimebound:Nibble","Slimebound:LeechingTouch","Slimebound:SplitMire","Slimebound:WasteNot","Slimebound:SplitLeeching","Slimebound:HauntingLick","Slimebound:MinionMaster","Slimebound:LeadByExample","Slimebound:SplitMire","Slimebound:GoopSpray","Slimebound:SlimeBarrage"],"relics":["Slimebound:AbsorbEndCombat","Omamori","Shuriken","Pen Nib","Pear","Velvet Choker","Torii","Incense Burner"],"acts_visited":["Exordium","TheCity"],"potions_floor_usage":[],"damage_taken":[{"damage":8.0,"enemies":"Cultist","floor":2.0,"turns":3.0},{"damage":9.0,"enemies":"Small Slimes","floor":3.0,"turns":3.0},{"damage":12.0,"enemies":"Jaw Worm","floor":4.0,"turns":3.0},{"damage":14.0,"enemies":"Large Slime","floor":5.0,"turns":6.0},{"damage":38.0,"enemies":"Lagavulin","floor":8.0,"turns":4.0},{"damage":10.0,"enemies":"Blue Slaver","floor":9.0,"turns":4.0},{"damage":16.0,"enemies":"downfall:FleeingMerchant","floor":13.0,"turns":4.0},{"damage":12.0,"enemies":"2 Fungi Beasts","floor":15.0,"turns":2.0},{"damage":34.0,"enemies":"downfall:Ironclad","floor":16.0,"turns":6.0},{"damage":18.0,"enemies":"Chosen","floor":19.0,"turns":3.0},{"damage":35.0,"enemies":"3 Byrds","floor":20.0,"turns":4.0},{"damage":31.0,"enemies":"downfall:FleeingMerchant","floor":21.0,"turns":4.0},{"damage":57.0,"enemies":"Centurion and Healer","floor":23.0,"turns":6.0},{"damage":26,"enemies":"Sentry and Sphere","floor":26,"turns":3}],"seed_played":"-7028951721719793211","potions_obtained":[{"floor":2.0,"key":"Swift Potion"},{"floor":3.0,"key":"hexamod:EctoCoolerPotion"},{"floor":9.0,"key":"Dexterity Potion"}],"is_trial":false,"path_per_floor":["R","M","M","M","M","?","T","E","M","?","R","?","$","T","M","B",null,"R","M","M","$","?","M","T","?","M"],"character_chosen":"SLIMEBOUND","items_purchased":["Pen Nib","Slimebound:SplitBruiser","Slimebound:LeadByExample","Slimebound:Nibble","Slimebound:LeechingTouch","Slimebound:LeadByExample","Slimebound:SplitMire","Slimebound:GoopSpray"],"campfire_rested":1,"item_purchase_floors":[13,13,13,13,13,21,21,21],"current_hp_per_floor":[60,58,55,53,51,51,51,29,33,33,51,51,45,55,59,49,70,70,66,55,50,50,19,19,19,0,0,0],"gold":28,"neow_bonus":"THREE_CARDS","is_daily":false,"chose_seed":false,"campfire_upgraded":2,"win_rate":0.0,"timestamp":1610851027,"path_taken":["R","M","M","?","?","?","T","E","?","?","R","?","$","?","M","BOSS","R","M","M","$","?","M","T","?","M"],"items_purchased_type":["Relic","Card","Card","Card","Card","Card","Card","Card"],"build_version":"2020-12-22","purchased_purges":0,"victory":false,"max_hp_per_floor":[60,60,60,60,60,60,60,60,60,60,60,60,60,70,70,70,70,70,70,70,70,70,70,70,70,70,70,70],"card_choices":[{"not_picked":["Slimebound:FinishingTackle","Slimebound:SplitMire"],"picked":"Slimebound:RollThrough","floor":0.0},{"not_picked":["Slimebound:LeechingTouch","Slimebound:SplitBruiser"],"picked":"Slimebound:ItLooksTasty","floor":2.0},{"not_picked":["Slimebound:SlimeBarrage","Slimebound:PressTheAttack"],"picked":"Slimebound:RollThrough","floor":3.0},{"not_picked":["Slimebound:TongueLash","Slimebound:PressTheAttack"],"picked":"Slimebound:SplitLeeching","floor":4.0},{"not_picked":["Slimebound:SamplingLick","Slimebound:PressTheAttack"],"picked":"Slimebound:ComboTackle","floor":5.0},{"not_picked":["Slimebound:ViciousTackle","Slimebound:Grow"],"picked":"Slimebound:LivingWall","floor":8.0},{"not_picked":["Slimebound:Gluttony","Slimebound:GoopSpray"],"picked":"Slimebound:Overexert","floor":9.0},{"not_picked":["Slimebound:RollThrough","Slimebound:SamplingLick"],"picked":"Slimebound:SlimeTap","floor":13.0},{"not_picked":["Slimebound:FinishingTackle","Slimebound:ViciousTackle"],"picked":"Slimebound:SplitMire","floor":15.0},{"not_picked":["Slimebound:DouseInSlime","Slimebound:DuplicatedForm"],"picked":"Slimebound:WasteNot","floor":16.0},{"not_picked":["Slimebound:HauntingLick+1","Slimebound:LeechingTouch+1"],"picked":"Slimebound:SplitLeeching","floor":19.0},{"not_picked":["Slimebound:SamplingLick","Slimebound:SplitBruiser"],"picked":"Slimebound:HauntingLick","floor":20.0},{"not_picked":["Slimebound:Replication","Slimebound:Schlurp"],"picked":"Slimebound:MinionMaster","floor":21.0},{"not_picked":["Slimebound:SplitAcid+1","Slimebound:GrowthPunch"],"picked":"Slimebound:SlimeBarrage","floor":23.0}],"player_experience":298451,"relics_obtained":[{"floor":7.0,"key":"Omamori"},{"floor":8.0,"key":"Shuriken"},{"floor":14.0,"key":"Pear"},{"floor":24.0,"key":"Incense Burner"}],"event_choices":[{"cards_removed":["Slimebound:Defend_Slimebound"],"damage_healed":0.0,"max_hp_gain":0.0,"max_hp_loss":0.0,"gold_gain":0.0,"event_name":"Purifier","player_choice":"Purged","floor":6.0,"gold_loss":0.0,"damage_taken":0.0}],"is_beta":false,"boss_relics":[{"not_picked":["Busted Crown","Tiny House"],"picked":"Velvet Choker"}],"items_purged_floors":[],"is_endless":false,"potions_floor_spawned":[2,3,9],"killed_by":"Sentry and Sphere","ascension_level":0}}