{"host":"dwppbb1tkuy5qbmv","time":1610862197,"event":{"mods":["AchievementEnabler","BaseMod","Better Third Choice","BetterRewards","Minty Spire (QoL Compilation)","Shop Mod","StSLib","UnlockEverythingMod"],"gold_per_floor":[144,204,249,24,24,24,69,114,114,289,289,334,409,25,25,325,325,370,370,370,415,415,415,514,559,559,301,301,346,346,346,346,646,646,691,432,432,3,48,48,48],"floor_reached":40,"language":"ZHS","playtime":3245,"items_purged":[],"score":772,"play_id":"bd0482e1-c3b5-4a07-8bfe-21de7385fa5b","local_time":"20210117134317","daily_mods":["SealedDeck","Hoarder","Midas"],"is_ascension_mode":false,"campfire_choices":[{"floor":6,"key":"REST"},{"floor":15,"key":"REST"},{"floor":23,"key":"REST"},{"data":"Doubt","floor":32,"key":"PURGE"}],"circlet_count":0,"master_deck":["Compile Driver","Compile Driver","Compile Driver","Coolheaded","Coolheaded","Coolheaded","Beam Cell","Beam Cell","Beam Cell","Streamline","Streamline","Streamline","Turbo","Turbo","Turbo","Beam Cell","Beam Cell","Beam Cell","Turbo","Turbo","Turbo","Go for the Eyes","Go for the Eyes","Go for the Eyes","Steam","Steam","Steam","Go for the Eyes","Go for the Eyes","Go for the Eyes","Scrape","Scrape","Scrape","Double Energy","Double Energy","Double Energy","Steam","Steam","Steam","Bandage Up","Bandage Up","Bandage Up","Bandage Up","Bandage Up","Bandage Up","Cold Snap","Cold Snap","Cold Snap","Barrage","Barrage","Barrage","Doubt","Machine Learning","Machine Learning","Machine Learning","Chill","Chill","Chill","Blizzard","Blizzard","Blizzard","Coolheaded","Coolheaded","Coolheaded","Steam","Steam","Steam","Beam Cell","Beam Cell","Beam Cell","Good Instincts","Good Instincts","Good Instincts","All For One","All For One","All For One","Ball Lightning","Ball Lightning","Ball Lightning","Deep Breath","Deep Breath","Deep Breath","Genetic Algorithm+1","Genetic Algorithm+1","Genetic Algorithm+1","All For One","All For One","All For One","Capacitor","Capacitor","Capacitor","Sunder","Sunder","Sunder","J.A.X.","J.A.X.","J.A.X.","FTL","FTL","FTL","Decay","Decay","Decay","Creative AI","Creative AI","Creative AI","Conserve Battery+1","Conserve Battery+1","Conserve Battery+1","Capacitor","Capacitor","Capacitor","Barrage","Barrage","Barrage","Bandage Up","Bandage Up","Bandage Up","Madness","Madness","Madness","Madness","Madness","Madness","Compile Driver+1","Compile Driver+1","Compile Driver+1","Chaos+1","Chaos+1","Chaos+1","Glacier+1","Glacier+1","Glacier+1","Doom and Gloom+1","Doom and Gloom+1","Doom and Gloom+1","Tempest","Tempest","Tempest","Coolheaded","Coolheaded","Coolheaded","Gash","Gash","Gash","Defragment+1","Defragment+1","Defragment+1","Rip and Tear","Rip and Tear","Rip and Tear"],"relics":["Cracked Core","Membership Card","Pear","Odd Mushroom","Medical Kit","Orichalcum","MerchantsRug","Fusion Hammer","Darkstone Periapt","Bottled Flame","OrangePellets","Peace Pipe","Potion Belt","Black Star","Eternal Feather","Ancient Tea Set","Frozen Egg 2","Orrery","FossilizedHelix"],"acts_visited":["Exordium","TheCity","TheBeyond"],"potions_floor_usage":[16,40,40,40],"damage_taken":[{"damage":0,"enemies":"2 Louse","floor":1,"turns":2},{"damage":0,"enemies":"Cultist","floor":3,"turns":3},{"damage":0,"enemies":"Small Slimes","floor":7,"turns":2},{"damage":8,"enemies":"Looter","floor":8,"turns":3},{"damage":0,"enemies":"2 Fungi Beasts","floor":12,"turns":3},{"damage":18,"enemies":"The Mushroom Lair","floor":13,"turns":5},{"damage":8,"enemies":"Slime Boss","floor":16,"turns":11},{"damage":4,"enemies":"Spheric Guardian","floor":18,"turns":4},{"damage":0,"enemies":"Chosen","floor":21,"turns":3},{"damage":1,"enemies":"3 Cultists","floor":25,"turns":7},{"damage":20,"enemies":"Snake Plant","floor":29,"turns":3},{"damage":53,"enemies":"Automaton","floor":33,"turns":7},{"damage":20,"enemies":"3 Darklings","floor":35,"turns":3},{"damage":41,"enemies":"3 Shapes","floor":39,"turns":5},{"damage":52,"enemies":"Reptomancer","floor":40,"turns":2}],"seed_played":"7372172642885907109","potions_obtained":[{"floor":8,"key":"SteroidPotion"},{"floor":12,"key":"FearPotion"},{"floor":16,"key":"FocusPotion"},{"floor":25,"key":"CultistPotion"},{"floor":29,"key":"LiquidBronze"},{"floor":33,"key":"CultistPotion"},{"floor":39,"key":"ColorlessPotion"}],"is_trial":false,"path_per_floor":["M","?","M","$","?","R","M","M","T","?","?","M","?","$","R","B",null,"M","?","?","M","T","R","?","M","T","$","?","M","?","T","R","B",null,"M","$","?","$","M","E"],"character_chosen":"DEFECT","items_purchased":["Membership Card","Steam","Bandage Up","Medical Kit","Orichalcum","MerchantsRug","Blizzard","Coolheaded","BlessingOfTheForge","Steam","Beam Cell","Good Instincts","Capacitor","BlessingOfTheForge","Sunder","OrangePellets","Peace Pipe","Eternal Feather","Ancient Tea Set","Capacitor","Barrage","Bandage Up","BlessingOfTheForge","Frozen Egg 2","Orrery","Coolheaded","Gash","Defragment+1","FossilizedHelix"],"campfire_rested":3,"item_purchase_floors":[4,4,4,14,14,14,14,14,14,14,14,14,27,27,27,27,27,36,36,36,36,36,36,38,38,38,38,38,38],"current_hp_per_floor":[75,75,75,75,75,75,75,71,81,81,81,85,75,75,85,85,85,85,85,85,85,85,85,85,85,85,85,85,69,87,87,87,46,103,86,86,73,73,44,0,0],"gold":48,"neow_bonus":"","is_daily":true,"chose_seed":false,"campfire_upgraded":0,"win_rate":0.0,"timestamp":1610862197,"path_taken":["M","?","M","$","?","R","?","M","T","?","?","M","?","?","R","BOSS","M","?","?","?","?","R","?","M","T","$","?","M","?","?","R","BOSS","M","$","?","$","M","E"],"items_purchased_type":["Relic","Card","Card","Relic","Relic","Relic","Card","Card","Potion","Card","Card","Card","Card","Potion","Card","Relic","Relic","Relic","Relic","Card","Card","Card","Potion","Relic","Relic","Card","Card","Card","Relic"],"build_version":"2020-12-22","purchased_purges":0,"victory":false,"max_hp_per_floor":[75,75,75,75,75,75,75,75,85,85,85,85,85,85,85,85,85,85,85,85,85,85,85,85,85,85,85,85,85,103,103,103,103,103,103,103,103,103,103,103,103],"card_choices":[{"not_picked":["Leap","Streamline"],"picked":"Scrape","floor":1},{"not_picked":["Cold Snap","Streamline"],"picked":"Double Energy","floor":3},{"not_picked":["Rebound","Go for the Eyes"],"picked":"Cold Snap","floor":7},{"not_picked":["Turbo","Undo"],"picked":"Barrage","floor":8},{"not_picked":["Go for the Eyes","Consume"],"picked":"Machine Learning","floor":12},{"not_picked":["FTL","Redo"],"picked":"Chill","floor":13},{"not_picked":["Core Surge","Machine Learning"],"picked":"All For One","floor":16},{"not_picked":["Streamline","Storm"],"picked":"Ball Lightning","floor":18},{"not_picked":["Conserve Battery","Beam Cell"],"picked":"Genetic Algorithm+1","floor":21},{"not_picked":["Steam","Sunder"],"picked":"All For One","floor":25},{"not_picked":["Sunder","BootSequence"],"picked":"FTL","floor":29},{"not_picked":["Meteor Strike","Rainbow"],"picked":"Creative AI","floor":33},{"not_picked":["Redo","Barrage"],"picked":"Conserve Battery+1","floor":35},{"not_picked":["Cold Snap+1","Double Energy"],"picked":"Compile Driver+1","floor":38},{"not_picked":["Doom and Gloom","All For One"],"picked":"Chaos+1","floor":38},{"not_picked":["Conserve Battery","Consume+1"],"picked":"Glacier+1","floor":38},{"not_picked":["Reprogram+1","Tempest+1"],"picked":"Doom and Gloom+1","floor":38},{"not_picked":["Leap","Auto Shields+1"],"picked":"Tempest","floor":38},{"not_picked":["Beam Cell","Compile Driver"],"picked":"Rip and Tear","floor":39}],"player_experience":133126,"relics_obtained":[{"floor":9,"key":"Pear"},{"floor":13,"key":"Odd Mushroom"},{"floor":22,"key":"Darkstone Periapt"},{"floor":26,"key":"Bottled Flame"},{"floor":31,"key":"Potion Belt"}],"event_choices":[{"damage_healed":0,"gold_gain":60,"player_choice":"Gained Gold","damage_taken":0,"max_hp_gain":0,"max_hp_loss":0,"event_name":"Golden Wing","floor":2,"gold_loss":0},{"damage_healed":0,"gold_gain":0,"player_choice":"1 cards matched","damage_taken":0,"max_hp_gain":0,"max_hp_loss":0,"event_name":"Match and Keep!","floor":5,"gold_loss":0,"cards_obtained":["Bandage Up"]},{"damage_healed":0,"gold_gain":175,"player_choice":"AGREE","damage_taken":114,"max_hp_gain":0,"max_hp_loss":0,"event_name":"betterThird:BetterSerpent","floor":10,"gold_loss":0},{"cards_removed":["Doubt"],"damage_healed":0,"gold_gain":0,"player_choice":"Forget","damage_taken":0,"max_hp_gain":0,"max_hp_loss":0,"event_name":"Living Wall","floor":11,"gold_loss":0},{"damage_healed":0,"gold_gain":0,"player_choice":"Fought Mushrooms","damage_taken":0,"max_hp_gain":0,"max_hp_loss":0,"event_name":"Mushrooms","floor":13,"gold_loss":0},{"damage_healed":0,"gold_gain":0,"player_choice":"Ignored","damage_taken":0,"max_hp_gain":0,"max_hp_loss":0,"event_name":"Ghosts","floor":19,"gold_loss":0},{"damage_healed":0,"gold_gain":0,"player_choice":"1 cards matched","damage_taken":0,"max_hp_gain":0,"max_hp_loss":0,"event_name":"Match and Keep!","floor":20,"gold_loss":0,"cards_obtained":["Deep Breath"]},{"damage_healed":0,"gold_gain":99,"player_choice":"Steal","damage_taken":0,"max_hp_gain":0,"max_hp_loss":0,"event_name":"betterThird:BetterNest","floor":24,"gold_loss":0},{"damage_healed":0,"gold_gain":0,"player_choice":"Obtain J.A.X.","damage_taken":0,"max_hp_gain":0,"max_hp_loss":0,"event_name":"Drug Dealer","floor":28,"gold_loss":0,"cards_obtained":["J.A.X."]},{"damage_healed":0,"gold_gain":0,"player_choice":"Smashed Altar","damage_taken":0,"max_hp_gain":0,"max_hp_loss":0,"event_name":"Forgotten Altar","floor":30,"gold_loss":0,"cards_obtained":["Decay"]},{"damage_healed":0,"gold_gain":0,"player_choice":"Embrace Madness","damage_taken":13,"max_hp_gain":0,"max_hp_loss":0,"event_name":"Winding Halls","floor":37,"gold_loss":0,"cards_obtained":["Madness","Madness"]}],"is_beta":false,"boss_relics":[{"not_picked":["SlaversCollar","Philosopher\u0027s Stone"],"picked":"Fusion Hammer"},{"not_picked":["Nuclear Battery","Astrolabe"],"picked":"Black Star"}],"items_purged_floors":[],"is_endless":false,"potions_floor_spawned":[8,12,16,25,29,33,39],"killed_by":"Reptomancer","ascension_level":0}}