{"host":"l60rmjjsfi0fipmi","time":1610902948,"event":{"mods":["BaseMod","Colored Map","DeckTracker","Highlight Path","Minty Spire (QoL Compilation)","StSLib","The Cursed","The Servant 0.9.4"],"gold_per_floor":[111,173,184,201,201,201,15,15,15,15,46,57,73,38,38,137,137,147,166,166,40,60,89,108,138,211,211,221,221,232,250,250,250,250],"floor_reached":33,"language":"ENG","playtime":2854,"items_purged":[],"score":343,"play_id":"41204d5a-8e61-4b65-a837-9177145782f9","local_time":"20210117120228","is_ascension_mode":true,"campfire_choices":[{"data":"TheCursedMod:Stigma","floor":6,"key":"SMITH"},{"data":"TheCursedMod:VitalStrike","floor":10,"key":"SMITH"},{"data":"TheCursedMod:CursedWand","floor":15,"key":"SMITH"},{"floor":32,"key":"REST"}],"circlet_count":0,"master_deck":["TheCursedMod:Strike_TheCursed+1","TheCursedMod:Defend_TheCursed+1","TheCursedMod:Defend_TheCursed+1","TheCursedMod:Defend_TheCursed+1","TheCursedMod:Defend_TheCursed+1","TheCursedMod:CursedWand+1","TheCursedMod:CleanUpWorkshop","TheCursedMod:Dregs","TheCursedMod:DarkBarrier","TheCursedMod:CursedMace","TheCursedMod:Stigma+1","TheCursedMod:VitalStrike+1","TheCursedMod:Hemoplague+1","TheCursedMod:DoubleShield","TheCursedMod:SmokeScreen","TheCursedMod:CollectTribute","TheCursedMod:CursedBlade","TheCursedMod:CursedBoomerang","TheCursedMod:WearCloak","TheCursedMod:Stigma","TheCursedMod:TroublousMinions","TheCursedMod:HellsGateOpen+1","TheCursedMod:VitalStrike","TheCursedMod:SurpriseAttack","TheCursedMod:Grudge","TheCursedMod:DemonicPact","TheCursedMod:RapidMovement","TheCursedMod:CursedAmulet"],"relics":["TheCursedMod:BlackMagic101","Membership Card","Singing Bowl","Tiny Chest","SacredBark","PreservedInsect","Ancient Tea Set","Lantern","Pear","Bottled Lightning"],"acts_visited":["Exordium","TheCity"],"potions_floor_usage":[23,25,25,25,25,28,33],"damage_taken":[{"damage":13,"enemies":"Jaw Worm","floor":1,"turns":5},{"damage":2,"enemies":"Small Slimes","floor":3,"turns":4},{"damage":3,"enemies":"2 Louse","floor":4,"turns":2},{"damage":1,"enemies":"Gremlin Nob","floor":11,"turns":3},{"damage":5,"enemies":"2 Fungi Beasts","floor":12,"turns":4},{"damage":6,"enemies":"3 Louse","floor":13,"turns":3},{"damage":15,"enemies":"The Guardian","floor":16,"turns":8},{"damage":15,"enemies":"Spheric Guardian","floor":18,"turns":6},{"damage":13,"enemies":"3 Byrds","floor":19,"turns":5},{"damage":12,"enemies":"Snake Plant","floor":22,"turns":3},{"damage":33,"enemies":"Slavers","floor":23,"turns":6},{"damage":1,"enemies":"3 Cultists","floor":24,"turns":6},{"damage":5,"enemies":"Book of Stabbing","floor":25,"turns":4},{"damage":4,"enemies":"Centurion and Healer","floor":28,"turns":6},{"damage":5,"enemies":"Shelled Parasite and Fungi","floor":30,"turns":5},{"damage":13,"enemies":"Sentry and Sphere","floor":31,"turns":8},{"damage":37,"enemies":"Automaton","floor":33,"turns":10}],"seed_played":"8834507734181552896","potions_obtained":[{"floor":11,"key":"Fruit Juice"},{"floor":16,"key":"LiquidMemories"},{"floor":19,"key":"EntropicBrew"},{"floor":25,"key":"TheCursedMod:DregsPotion"},{"floor":30,"key":"Swift Potion"}],"is_trial":false,"path_per_floor":["M","?","M","M","?","R","$","?","T","R","E","M","M","?","R","B",null,"M","M","?","$","M","E","M","E","T","?","M","T","M","M","R","B"],"character_chosen":"THE_CURSED","items_purchased":["TheCursedMod:Hemoplague","Membership Card","PreservedInsect","TheCursedMod:WearCloak","TheCursedMod:Stigma"],"campfire_rested":1,"item_purchase_floors":[7,7,21,21,21],"current_hp_per_floor":[62,62,60,57,62,62,62,62,62,62,61,56,52,72,72,57,82,67,54,54,54,42,19,18,13,23,23,19,19,14,3,34,0,0],"gold":250,"neow_bonus":"TRANSFORM_CARD","is_daily":false,"chose_seed":false,"campfire_upgraded":3,"win_rate":0.0,"timestamp":1610902948,"path_taken":["M","?","M","M","?","R","?","?","T","R","E","M","M","?","R","BOSS","M","M","?","$","M","E","M","E","T","?","M","?","?","M","R","BOSS"],"items_purchased_type":["Card","Relic","Relic","Card","Card"],"build_version":"2020-12-22","purchased_purges":0,"victory":false,"max_hp_per_floor":[75,75,75,75,80,80,80,80,80,80,80,80,82,82,82,82,82,82,82,82,82,82,92,92,92,102,102,102,102,102,104,104,104,104],"card_choices":[{"not_picked":["TheCursedMod:WearCloak","TheCursedMod:SurpriseAttack"],"picked":"TheCursedMod:CursedMace","floor":1},{"not_picked":["TheCursedMod:CursedStaff","TheCursedMod:SpitefulStrike"],"picked":"TheCursedMod:Stigma","floor":3},{"not_picked":["TheCursedMod:Evocation","TheCursedMod:Torture"],"picked":"TheCursedMod:VitalStrike","floor":4},{"not_picked":["TheCursedMod:Stretching","TheCursedMod:VitalStrike"],"picked":"TheCursedMod:DoubleShield","floor":11},{"not_picked":["TheCursedMod:SpitefulStrike","TheCursedMod:ForbiddenAlchemy"],"picked":"TheCursedMod:SmokeScreen","floor":12},{"not_picked":["TheCursedMod:HellsGateOpen","TheCursedMod:ReleasedStrength","TheCursedMod:Wield"],"picked":"Singing Bowl","floor":13},{"not_picked":["TheCursedMod:DarkBarrier","TheCursedMod:CircleOfAbyss"],"picked":"TheCursedMod:CollectTribute","floor":16},{"not_picked":["TheCursedMod:Torture","TheCursedMod:HellfireBreathing+1"],"picked":"TheCursedMod:CursedBlade","floor":18},{"not_picked":["TheCursedMod:CircleOfBlood","TheCursedMod:CircleOfAmplification"],"picked":"TheCursedMod:CursedBoomerang","floor":19},{"not_picked":["TheCursedMod:ReleasedKnowledge","TheCursedMod:HellsGateOpen"],"picked":"TheCursedMod:TroublousMinions","floor":22},{"not_picked":["TheCursedMod:SmokeScreen+1","TheCursedMod:CursedArmor"],"picked":"TheCursedMod:HellsGateOpen+1","floor":23},{"not_picked":["TheCursedMod:CircleOfAmplification","TheCursedMod:TacticalStrike"],"picked":"TheCursedMod:VitalStrike","floor":24},{"not_picked":["TheCursedMod:CursedMace+1","TheCursedMod:Evocation"],"picked":"TheCursedMod:SurpriseAttack","floor":25},{"not_picked":["TheCursedMod:Stretching+1","TheCursedMod:CircleOfCorruption+1"],"picked":"TheCursedMod:RapidMovement","floor":28},{"not_picked":["TheCursedMod:CircleOfFocus","TheCursedMod:CursedShiv"],"picked":"TheCursedMod:CursedAmulet","floor":30},{"not_picked":["TheCursedMod:FuryStrike","TheCursedMod:ManaBullet","TheCursedMod:LuckyCharm"],"picked":"Singing Bowl","floor":31}],"player_experience":455730,"relics_obtained":[{"floor":9,"key":"Singing Bowl"},{"floor":11,"key":"Tiny Chest"},{"floor":23,"key":"Ancient Tea Set"},{"floor":25,"key":"Lantern"},{"floor":26,"key":"Pear"},{"floor":29,"key":"Bottled Lightning"}],"event_choices":[{"damage_healed":0,"gold_gain":62,"player_choice":"Gained Gold","damage_taken":0,"max_hp_gain":0,"max_hp_loss":0,"event_name":"Golden Wing","floor":2,"gold_loss":0},{"damage_healed":0,"gold_gain":0,"player_choice":"Donut","damage_taken":0,"max_hp_gain":5,"max_hp_loss":0,"event_name":"Big Fish","floor":5,"gold_loss":0},{"damage_healed":0,"gold_gain":0,"player_choice":"Grow","damage_taken":0,"max_hp_gain":0,"max_hp_loss":0,"event_name":"Living Wall","floor":8,"gold_loss":0,"cards_upgraded":["TheCursedMod:Hemoplague"]},{"damage_healed":20,"gold_gain":0,"player_choice":"Healed","damage_taken":0,"max_hp_gain":0,"max_hp_loss":0,"event_name":"The Cleric","floor":14,"gold_loss":35},{"damage_healed":0,"gold_gain":0,"player_choice":"Simplicity","damage_taken":0,"max_hp_gain":0,"max_hp_loss":0,"event_name":"Back to Basics","floor":20,"gold_loss":0,"cards_upgraded":["TheCursedMod:Strike_TheCursed","TheCursedMod:Strike_TheCursed","TheCursedMod:Strike_TheCursed","TheCursedMod:Defend_TheCursed","TheCursedMod:Defend_TheCursed","TheCursedMod:Defend_TheCursed","TheCursedMod:Defend_TheCursed"]},{"damage_healed":0,"gold_gain":0,"cards_transformed":["TheCursedMod:Strike_TheCursed","TheCursedMod:Strike_TheCursed"],"player_choice":"Became Test Subject","damage_taken":0,"max_hp_gain":0,"max_hp_loss":0,"event_name":"Drug Dealer","floor":27,"gold_loss":0,"cards_obtained":["TheCursedMod:Grudge","TheCursedMod:DemonicPact"]}],"is_beta":false,"boss_relics":[{"not_picked":["Runic Pyramid","Sozu"],"picked":"SacredBark"}],"items_purged_floors":[],"is_endless":false,"potions_floor_spawned":[11,16,19,25,30],"killed_by":"Automaton","ascension_level":2}}