{"host":"c2zlmc1hlq0427cl","time":1610868862,"event":{"mods":["BaseMod","Googly Eyes","Hermit","Minty Spire (QoL Compilation)","Replay The Spire","StSLib","The Hayseed","The Senshi","The Servant 0.9.4"],"gold_per_floor":[117,8,19,38,52,77,77,102,102,150,150,150],"floor_reached":11,"language":"ENG","playtime":657,"items_purged":["theSenshi:SailorKick"],"score":87,"play_id":"232bc70d-500f-4a1c-b359-4b4debedfea7","local_time":"20210117013422","is_ascension_mode":true,"campfire_choices":[{"data":"theSenshi:RainbowMoonHeartAche","floor":7,"key":"SMITH"}],"circlet_count":0,"master_deck":["theSenshi:SailorKick","theSenshi:SailorKick","theSenshi:SailorKick","theSenshi:SailorBlock","theSenshi:SailorBlock","theSenshi:SailorBlock","theSenshi:SailorBlock","theSenshi:RoseThrow+1","theSenshi:MoonPrismPowerMakeUp","theSenshi:SailorMarsAssists","theSenshi:SaturnsMystery","theSenshi:SailorMercuryAssists","theSenshi:ChibiMoonsLove","theSenshi:RainbowMoonHeartAche+1","theSenshi:MoonCrystalPowerMakeUp"],"relics":["theSenshi:TransformationBroochRelic","Golden Egg","Anchor","Gremlin Horn","ReplayTheSpireMod:Lightbulb"],"acts_visited":["Exordium"],"potions_floor_usage":[6,8],"damage_taken":[{"damage":4,"enemies":"Cultist","floor":1,"turns":3},{"damage":4,"enemies":"Small Slimes","floor":3,"turns":4},{"damage":2,"enemies":"Jaw Worm","floor":4,"turns":3},{"damage":15,"enemies":"Gremlin Gang","floor":5,"turns":5},{"damage":33,"enemies":"Gremlin Nob","floor":6,"turns":5},{"damage":30,"enemies":"3 Sentries","floor":8,"turns":8},{"damage":65,"enemies":"Gremlin Nob","floor":11,"turns":6}],"seed_played":"8397981338666146183","potions_obtained":[{"floor":4,"key":"PowerPotion"},{"floor":5,"key":"Adrenaline Potion"}],"is_trial":false,"path_per_floor":["M","$","M","M","M","E","R","E","T","T","E"],"character_chosen":"THE_SENSHI","items_purchased":["theSenshi:SaturnsMystery"],"campfire_rested":0,"item_purchase_floors":[2],"current_hp_per_floor":[71,71,71,69,60,37,37,22,22,22,0,0],"gold":150,"neow_bonus":"UPGRADE_CARD","is_daily":false,"chose_seed":false,"campfire_upgraded":1,"win_rate":0.0,"timestamp":1610868862,"path_taken":["M","?","M","M","?","E","R","E","T","?","E"],"items_purchased_type":["Card"],"build_version":"2020-12-22","purchased_purges":1,"victory":false,"max_hp_per_floor":[75,75,75,75,75,75,75,75,75,75,75,75],"card_choices":[{"not_picked":["theSenshi:TallSilhouette","theSenshi:LunasBite"],"picked":"theSenshi:SailorMarsAssists","floor":1},{"not_picked":["theSenshi:MoonKick","theSenshi:SchoolBag"],"picked":"theSenshi:SailorMercuryAssists","floor":3},{"not_picked":["theSenshi:HesSoDreamy","theSenshi:MoonKick","theSenshi:KlutzyLuck"],"picked":"SKIP","floor":4},{"not_picked":["theSenshi:GatheringStrength","theSenshi:Sidestep"],"picked":"theSenshi:ChibiMoonsLove","floor":5},{"not_picked":["theSenshi:MoonPrincessHalation","theSenshi:LateForSchool"],"picked":"theSenshi:RainbowMoonHeartAche","floor":6},{"not_picked":["theSenshi:MoonSpiralHeartAttack","theSenshi:SailorVenusAssists"],"picked":"theSenshi:MoonCrystalPowerMakeUp","floor":8}],"player_experience":79353,"relics_obtained":[{"floor":6,"key":"Golden Egg"},{"floor":8,"key":"Anchor"},{"floor":9,"key":"Gremlin Horn"},{"floor":10,"key":"ReplayTheSpireMod:Lightbulb"}],"event_choices":[],"is_beta":false,"boss_relics":[],"items_purged_floors":[2],"is_endless":false,"potions_floor_spawned":[4,5],"killed_by":"Gremlin Nob","ascension_level":1}}