{"host":"9d9dhukr2jywmy0f","time":1610868273,"event":{"mods":["2.2 Compatiblity","Alarm Clock","BaseMod","Bestiary","Block Reminder","Colored Map","Colored Powertips","Curses Come First","DeckTracker","Highlight Path","Key Reminder","Minty Spire (QoL Compilation)","Quick Restart","Rare Cards Sparkle","Relic Sorter","Relic Stats","Spire Birthday Party","StSLib","SuperFastMode","Synergy Search","TestMod","Unceasing Turn Reminder","Unknown Chances"],"gold_per_floor":[112,112,112,132,182,213,231,231,231,243,243,74,74,92,92,165,165,125,136,61,75,0,0,0,0,0,0,0,0,0,14,14,91,91,110,120,134,152,164,196,196,230,254,89,89,107,107,107,107,107,107,107,107,30,65,65],"floor_reached":57,"language":"ZHS","playtime":2535,"items_purged":["Strike_R"],"score":2720,"play_id":"fa98fdcb-d6c5-49e3-b663-e9f24bc3b55f","local_time":"20210117152433","is_ascension_mode":true,"campfire_choices":[{"data":"Armaments","floor":11.0,"key":"SMITH"},{"data":"Body Slam","floor":13.0,"key":"SMITH"},{"data":"Body Slam","floor":15.0,"key":"SMITH"},{"data":"Impervious","floor":23.0,"key":"SMITH"},{"data":"Shrug It Off","floor":25.0,"key":"SMITH"},{"floor":27.0,"key":"RECALL"},{"floor":30.0,"key":"REST"},{"data":"Shrug It Off","floor":32.0,"key":"SMITH"},{"data":"Exhume","floor":41.0,"key":"SMITH"},{"data":"Bash","floor":47,"key":"SMITH"},{"data":"Defend_R","floor":49,"key":"SMITH"},{"data":"Defend_R","floor":53,"key":"SMITH"}],"circlet_count":0,"master_deck":["AscendersBane","Defend_R+1","Defend_R+1","Defend_R+1","Bash+1","Armaments+1","Body Slam+1","Body Slam+1","Impervious+1","Shrug It Off+1","Shrug It Off+1","Exhume+1","Battle Trance+1","Evolve+1","Shrug It Off+1","Entrench"],"relics":["Burning Blood","testmod-TestBox","NeowsBlessing","Regal Pillow","Medical Kit","testmod-Temperance","Mercury Hourglass","Philosopher\u0027s Stone","Orichalcum","Eternal Feather","Nunchaku","TheAbacus","testmod-Antiphasic"],"acts_visited":["Exordium","TheCity","TheBeyond","TheEnding"],"potions_floor_usage":[42,51,56],"damage_taken":[{"damage":0.0,"enemies":"Jaw Worm","floor":1.0,"turns":1.0},{"damage":0.0,"enemies":"Small Slimes","floor":4.0,"turns":1.0},{"damage":0.0,"enemies":"Lagavulin","floor":6.0,"turns":2.0},{"damage":6.0,"enemies":"Cultist","floor":7.0,"turns":4.0},{"damage":16.0,"enemies":"Exordium Wildlife","floor":10.0,"turns":6.0},{"damage":7.0,"enemies":"Large Slime","floor":14.0,"turns":7.0},{"damage":48.0,"enemies":"Hexaghost","floor":16.0,"turns":10.0},{"damage":1.0,"enemies":"2 Thieves","floor":18.0,"turns":5.0},{"damage":0.0,"enemies":"Chosen","floor":19.0,"turns":5.0},{"damage":50.0,"enemies":"Centurion and Healer","floor":21.0,"turns":7.0},{"damage":20.0,"enemies":"Snake Plant","floor":31.0,"turns":4.0},{"damage":14.0,"enemies":"Automaton","floor":33.0,"turns":10.0},{"damage":15.0,"enemies":"3 Darklings","floor":35.0,"turns":7.0},{"damage":0.0,"enemies":"Orb Walker","floor":36.0,"turns":2.0},{"damage":3.0,"enemies":"Spire Growth","floor":37.0,"turns":3.0},{"damage":6.0,"enemies":"Writhing Mass","floor":38.0,"turns":6.0},{"damage":0.0,"enemies":"Transient","floor":39.0,"turns":6.0},{"damage":11.0,"enemies":"Giant Head","floor":40.0,"turns":6.0},{"damage":0,"enemies":"Reptomancer","floor":42,"turns":6},{"damage":0,"enemies":"4 Shapes","floor":46,"turns":3},{"damage":31,"enemies":"Donu and Deca","floor":50,"turns":12},{"damage":58,"enemies":"Time Eater","floor":51,"turns":14},{"damage":24,"enemies":"Shield and Spear","floor":55,"turns":8},{"damage":4,"enemies":"The Heart","floor":56,"turns":7}],"seed_played":"-7759013570721372275","potions_obtained":[{"floor":4.0,"key":"LiquidBronze"},{"floor":7.0,"key":"SkillPotion"},{"floor":18.0,"key":"ColorlessPotion"},{"floor":21.0,"key":"PowerPotion"},{"floor":38.0,"key":"Block Potion"},{"floor":39.0,"key":"BloodPotion"},{"floor":40.0,"key":"GamblersBrew"},{"floor":42,"key":"Explosive Potion"},{"floor":55,"key":"PowerPotion"}],"is_trial":false,"path_per_floor":["M","?","?","M","?","E","M","T","T","M","R","$","R","M","R","B",null,"M","M","?","M","$","R","?","R","T","R","?","$","R","M","R","B",null,"M","M","M","M","M","E","R","E","T","$","?","M","R","$","R","B","B",null,"R","$","E","B",null],"character_chosen":"IRONCLAD","items_purchased":["Medical Kit","TheAbacus","Entrench"],"campfire_rested":1,"item_purchase_floors":[12,44,54],"current_hp_per_floor":[74,74,51,57,57,63,63,63,63,53,53,53,53,52,52,10,59,64,70,70,26,26,26,26,26,26,26,26,26,63,49,49,41,67,58,64,67,67,73,68,68,74,74,74,74,75,75,75,75,50,13,60,69,69,51,53],"gold":65,"neow_bonus":"THREE_ENEMY_KILL","is_daily":false,"chose_seed":false,"campfire_upgraded":10,"win_rate":0.0,"timestamp":1610868273,"path_taken":["M","?","?","M","?","E","?","?","T","M","R","$","R","M","R","BOSS","M","M","?","M","$","R","?","R","T","R","?","$","R","M","R","BOSS","M","M","M","M","M","E","R","E","T","$","?","M","R","?","R","BOSS","BOSS","R","$","E","BOSS"],"items_purchased_type":["Relic","Relic","Card"],"build_version":"2020-11-30","purchased_purges":1,"victory":true,"max_hp_per_floor":[75,75,75,75,75,75,75,75,75,75,75,75,75,75,75,75,75,75,75,75,75,75,75,75,75,75,75,75,75,75,75,75,75,75,75,75,75,75,75,75,75,75,75,75,75,75,75,75,75,75,75,75,75,75,75,75],"relic_stats":{"Regal Pillow":15,"Nunchaku":[5],"TheAbacus":[216],"counters":[24,142],"Eternal Feather":9,"Orichalcum":[6],"Medical Kit":[22],"obtain_stats":[{"Regal Pillow":9,"testmod-TestBox":0,"NeowsBlessing":0,"testmod-Temperance":17,"Eternal Feather":42,"Orichalcum":40,"Medical Kit":12,"Burning Blood":0,"Mercury Hourglass":26,"keyreminder:keyreminder":8,"testmod-Antiphasic":55,"Nunchaku":43,"TheAbacus":44,"Philosopher\u0027s Stone":34},{"Regal Pillow":4,"testmod-TestBox":0,"NeowsBlessing":0,"testmod-Temperance":7,"Eternal Feather":19,"Orichalcum":18,"Medical Kit":5,"Burning Blood":0,"Mercury Hourglass":10,"keyreminder:keyreminder":4,"testmod-Antiphasic":23,"Nunchaku":19,"TheAbacus":19,"Philosopher\u0027s Stone":12},{"Regal Pillow":8,"testmod-TestBox":0,"NeowsBlessing":0,"testmod-Temperance":31,"Eternal Feather":98,"Orichalcum":92,"Medical Kit":14,"Burning Blood":0,"Mercury Hourglass":48,"keyreminder:keyreminder":8,"testmod-Antiphasic":135,"Nunchaku":98,"TheAbacus":98,"Philosopher\u0027s Stone":62}],"Burning Blood":139,"Mercury Hourglass":[317]},"card_choices":[{"not_picked":["Twin Strike","Shockwave"],"picked":"Armaments","floor":1.0},{"not_picked":["Uppercut","Spot Weakness"],"picked":"Body Slam","floor":4.0},{"not_picked":["Sentinel","Clothesline","Searing Blow"],"picked":"SKIP","floor":6.0},{"not_picked":["Perfected Strike","Rupture"],"picked":"Body Slam","floor":7.0},{"not_picked":["Combust","Carnage","Clothesline"],"picked":"SKIP","floor":10.0},{"not_picked":["Warcry","Uppercut","Pummel"],"picked":"SKIP","floor":14.0},{"not_picked":["Offering","Reaper"],"picked":"Impervious","floor":16.0},{"not_picked":["Infernal Blade","Wild Strike","Anger"],"picked":"SKIP","floor":18.0},{"not_picked":["Pommel Strike","Heavy Blade","Cleave"],"picked":"SKIP","floor":19.0},{"not_picked":["Cleave","Twin Strike"],"picked":"Shrug It Off","floor":21.0},{"not_picked":["Combust","Inflame"],"picked":"Shrug It Off","floor":31.0},{"not_picked":["Immolate","Juggernaut"],"picked":"Exhume","floor":33.0},{"not_picked":["Clash","Infernal Blade"],"picked":"Battle Trance+1","floor":35.0},{"not_picked":["Cleave","Pommel Strike"],"picked":"Evolve+1","floor":36.0},{"not_picked":["Twin Strike","Pummel+1","Body Slam"],"picked":"SKIP","floor":37.0},{"not_picked":["Rampage","Infernal Blade","Anger"],"picked":"SKIP","floor":38.0},{"not_picked":["Dual Wield","Armaments"],"picked":"Shrug It Off","floor":39.0},{"not_picked":["Wild Strike","Shockwave","Dual Wield"],"picked":"SKIP","floor":40.0},{"not_picked":["Bludgeon","Juggernaut","Iron Wave+1"],"picked":"SKIP","floor":42},{"not_picked":["Iron Wave","Pummel","Clothesline"],"picked":"SKIP","floor":46},{"not_picked":["Rupture+1","Anger+1","Rage"],"picked":"SKIP","floor":55}],"player_experience":833832,"relics_obtained":[{"floor":9.0,"key":"Regal Pillow"},{"floor":26.0,"key":"Mercury Hourglass"},{"floor":40.0,"key":"Orichalcum"},{"floor":42,"key":"Eternal Feather"},{"floor":43,"key":"Nunchaku"},{"floor":55,"key":"testmod-Antiphasic"}],"event_choices":[{"cards_removed":["Strike_R"],"damage_healed":0.0,"max_hp_gain":0.0,"max_hp_loss":0.0,"gold_gain":0.0,"event_name":"Living Wall","player_choice":"Forget","floor":2.0,"gold_loss":0.0,"damage_taken":0.0},{"damage_healed":0.0,"max_hp_gain":0.0,"max_hp_loss":0.0,"gold_gain":0.0,"event_name":"Shining Light","player_choice":"Entered Light","floor":3.0,"gold_loss":0.0,"damage_taken":23.0,"cards_upgraded":["Strike_R","Defend_R"]},{"damage_healed":0.0,"max_hp_gain":0.0,"max_hp_loss":0.0,"gold_gain":50.0,"event_name":"Golden Shrine","player_choice":"Pray","floor":5.0,"gold_loss":0.0,"damage_taken":0.0},{"cards_removed":["Strike_R"],"damage_healed":0.0,"max_hp_gain":0.0,"max_hp_loss":0.0,"gold_gain":0.0,"event_name":"Beggar","player_choice":"Gave Gold","floor":20.0,"gold_loss":75.0,"damage_taken":0.0},{"cards_removed":["Strike_R"],"damage_healed":0.0,"max_hp_gain":0.0,"max_hp_loss":0.0,"gold_gain":0.0,"event_name":"Back to Basics","player_choice":"Elegance","floor":24.0,"gold_loss":0.0,"damage_taken":0.0},{"damage_healed":0.0,"max_hp_gain":0.0,"max_hp_loss":0.0,"gold_gain":0.0,"event_name":"Cursed Tome","player_choice":"Ignored","floor":28.0,"gold_loss":0.0,"damage_taken":0.0},{"damage_healed":0,"gold_gain":0,"player_choice":"Forge","damage_taken":0,"max_hp_gain":0,"max_hp_loss":0,"event_name":"Accursed Blacksmith","floor":45,"gold_loss":0,"cards_upgraded":["Shrug It Off"]}],"is_beta":false,"boss_relics":[{"not_picked":["testmod-DreamHouse","testmod-EnergyCheck"],"picked":"testmod-Temperance"},{"not_picked":["Pandora\u0027s Box","Black Star"],"picked":"Philosopher\u0027s Stone"}],"items_purged_floors":[22],"is_endless":false,"potions_floor_spawned":[4,7,18,21,38,39,40,42,55],"ascension_level":20}}