{"host":"ii5w5xfjx95sugaa","time":1610869094,"event":{"mods":["AchievementEnabler","BaseMod","Colored Powertips","Custom Start","Decade(王小明)","Minty Spire (QoL Compilation)","Permanent Neow","Quick Restart","SOS（斯巴达之子）","StSLib","The Bladedancer"],"gold_per_floor":[109,109,29,29,29,29,29,43,70,70,70,70,70,133,133,133,133],"floor_reached":16,"language":"ZHS","playtime":574,"items_purged":[],"score":143,"play_id":"acf9451e-53a6-4c3e-9d3b-4fb0d5d40fb0","local_time":"20210117153814","daily_mods":["Draft","Heirloom","Flight","Elite Swarm"],"is_ascension_mode":true,"campfire_choices":[{"data":"RideBooker_Skill_1","floor":6,"key":"SMITH"},{"data":"KamenRideKiva","floor":7,"key":"SMITH"},{"data":"FormRide","floor":10,"key":"SMITH"},{"data":"AttackRide","floor":15,"key":"SMITH"}],"circlet_count":0,"master_deck":["AscendersBane","KamenRideFaiz","UnarmedAttack4","KamenRideKiva+1","FormRide+1","KamenRideBlade","DragShield","Kuuga_GouramAttack","Hibiki_Attack2","RideBooker_Skill_1+1","RideBooker","AttackRide+1","RideBooker_Skill_3","Hibiki_Attack2","Decade_Dash1","DenO_Gun","UnarmedAttack5","UnarmedAttack9","Hibiki_Attack1"],"relics":["Decadriver","TOEIDeficitBill","Calipers","Unceasing Top","Golden Idol","Smiling Mask"],"acts_visited":["Exordium"],"potions_floor_usage":[],"damage_taken":[{"damage":0,"enemies":"Small Slimes","floor":1,"turns":2},{"damage":1,"enemies":"Cultist","floor":8,"turns":4},{"damage":94,"enemies":"Slime Boss","floor":16,"turns":7}],"seed_played":"5344031422214354691","potions_obtained":[{"floor":1,"key":"LiquidMemories"}],"is_trial":true,"path_per_floor":["M","?","$","T","?","R","R","M","T","R","$","?","?","?","R","B"],"character_chosen":"Decade","items_purchased":["UnarmedAttack9"],"campfire_rested":0,"item_purchase_floors":[3],"current_hp_per_floor":[59,59,59,59,59,59,59,58,58,58,58,58,63,63,63,0,0],"gold":133,"neow_bonus":"","is_daily":false,"chose_seed":false,"campfire_upgraded":4,"win_rate":0.0,"timestamp":1610869094,"path_taken":["M","?","$","?","?","R","R","?","T","R","$","?","?","?","R","BOSS"],"items_purchased_type":["Card"],"build_version":"2020-12-22","purchased_purges":0,"victory":false,"max_hp_per_floor":[65,65,65,65,60,60,60,60,60,60,60,60,65,65,65,65,65],"card_choices":[{"not_picked":["UnarmedAttack5","FormRideDragon"],"picked":"KamenRideFaiz","floor":0},{"not_picked":["UnarmedAttack8","Kiva_Frozen"],"picked":"UnarmedAttack4","floor":0},{"not_picked":["FormRideGaruru","UnarmedAttack1"],"picked":"KamenRideKiva","floor":0},{"not_picked":["KamenRideKabuto","DenO_Ax"],"picked":"FormRide","floor":0},{"not_picked":["UnarmedAttack3","Hibiki_Attack1"],"picked":"KamenRideBlade","floor":0},{"not_picked":["Decade_Illusion","UnarmedAttack3"],"picked":"DragShield","floor":0},{"not_picked":["FormRideJack","KamenRideBlade"],"picked":"Kuuga_GouramAttack","floor":0},{"not_picked":["Hibiki_Attack3","UnarmedAttack5"],"picked":"Hibiki_Attack2","floor":0},{"not_picked":["FormRidePegasus","UnarmedAttack5"],"picked":"RideBooker_Skill_1","floor":0},{"not_picked":["KamenRideBlade","PhotonAcceleration"],"picked":"RideBooker","floor":0},{"not_picked":["Decade_Dash1","KamenRideBlade"],"picked":"AttackRide","floor":0},{"not_picked":["DenO_Rod","UnarmedAttack7"],"picked":"RideBooker_Skill_3","floor":0},{"not_picked":["Decade_Dash1","FormRideStorm"],"picked":"Hibiki_Attack2","floor":0},{"not_picked":["Hibiki_Attack2","Decade_Dash2"],"picked":"Decade_Dash1","floor":0},{"not_picked":["FormRideStorm","UnarmedAttack1"],"picked":"DenO_Gun","floor":0},{"not_picked":["Blade_Kick","Blade_Slash"],"picked":"UnarmedAttack5","floor":1},{"not_picked":["UnarmedAttack5","FormRideTitan"],"picked":"Hibiki_Attack1","floor":8}],"player_experience":119599,"relics_obtained":[{"floor":4,"key":"Unceasing Top"},{"floor":9,"key":"Smiling Mask"}],"event_choices":[{"damage_healed":0,"gold_gain":0,"player_choice":"Bought 0 Potions","damage_taken":0,"max_hp_gain":0,"max_hp_loss":0,"event_name":"The Woman in Blue","floor":2,"gold_loss":0},{"damage_healed":0,"gold_gain":0,"player_choice":"Lose Max HP","damage_taken":0,"relics_obtained":["Golden Idol"],"max_hp_gain":0,"max_hp_loss":5,"event_name":"Golden Idol","floor":5,"gold_loss":0},{"damage_healed":0,"gold_gain":0,"player_choice":"Leave","damage_taken":0,"max_hp_gain":0,"max_hp_loss":0,"event_name":"The Cleric","floor":12,"gold_loss":0},{"damage_healed":0,"gold_gain":0,"player_choice":"Donut","damage_taken":0,"max_hp_gain":5,"max_hp_loss":0,"event_name":"Big Fish","floor":13,"gold_loss":0},{"damage_healed":0,"gold_gain":63,"player_choice":"Gained Gold","damage_taken":0,"max_hp_gain":0,"max_hp_loss":0,"event_name":"Golden Wing","floor":14,"gold_loss":0}],"is_beta":false,"boss_relics":[],"items_purged_floors":[],"is_endless":false,"potions_floor_spawned":[1],"killed_by":"Slime Boss","ascension_level":14}}