{"host":"9j9ju8r45kuhshxi","time":1610899927,"event":{"mods":["BaseMod","Colored Map","Colored Powertips","Highlight Path","Minty Spire (QoL Compilation)","Replay The Spire","Ryuuou龙王","StSLib","[功能]功能增强和修复MOD"],"gold_per_floor":[116,116,73,92,103,143,143,174,197,227,222,222,240,275,275,405,405,420,454,584,611,629,629,667,667,667,667,667],"floor_reached":27,"language":"ZHS","playtime":1011,"items_purged":["Strike_R","Strike_R","Defend_G","Defend_R","Defend_R","Strike_R","Strike_R","Strike_R","Strike_R","Defend_R","Defend_R","HandOfGreedLower","Shame","Bloodletting"],"score":483,"play_id":"814f2710-ccbc-4c1e-af2b-e2aa72c7787b","local_time":"20210118001207","is_ascension_mode":true,"campfire_choices":[{"floor":7,"key":"RECALL"},{"data":"Immolate","floor":15,"key":"SMITH"},{"data":"Inflame","floor":23,"key":"SMITH"},{"data":"Bash","floor":25,"key":"SMITH"}],"circlet_count":0,"master_deck":["AscendersBane","Bash+1","Immolate+1","Shrug It Off","Inflame+1","Thunderclap","Sword Boomerang","Flex","Bludgeon","Abandon","Rupture","Pommel Strike","ReplayTheSpireMod:Muscle Training","Demonic Infusion","Hemokinesis","Armaments","Combust","HandOfGreed","Shrug It Off","Heavy Blade+1"],"relics":["Burning Blood","Toy Ornithopter","Membership Card","Gremlin Food","ReplayTheSpireMod:Shallot","Art of War","Tiny Chest","Vajra","Cauldron","Turnip","Snack Pack","Golden Idol","Replay:Baseball","Electric Blood","Red Mask","Pantograph","ReplayTheSpireMod:CursedCoin","Bronze Scales","Omamori","Akabeko","CeramicFish"],"acts_visited":["Exordium","TheCity"],"potions_floor_usage":[14,16,22,22],"damage_taken":[{"damage":0,"enemies":"Cultist","floor":1,"turns":3},{"damage":0,"enemies":"Small Slimes","floor":4,"turns":1},{"damage":0,"enemies":"Jaw Worm","floor":5,"turns":1},{"damage":4,"enemies":"Lagavulin","floor":6,"turns":3},{"damage":10,"enemies":"3 Sentries","floor":8,"turns":3},{"damage":0,"enemies":"Blue Slaver","floor":13,"turns":1},{"damage":14,"enemies":"Lagavulin","floor":14,"turns":3},{"damage":3,"enemies":"Slime Boss","floor":16,"turns":2},{"damage":1027,"enemies":"Shell Parasite","floor":18,"turns":3},{"damage":3,"enemies":"Masked Bandits","floor":19,"turns":1},{"damage":4,"enemies":"Spheric Guardian","floor":22,"turns":1},{"damage":12,"enemies":"Slavers","floor":24,"turns":2},{"damage":1010,"enemies":"Book of Stabbing","floor":27,"turns":2}],"seed_played":"-7927216269075308277","potions_obtained":[{"floor":1,"key":"LifebloodPotion"},{"floor":4,"key":"FairyPotion"},{"floor":6,"key":"Strength Potion"},{"floor":11,"key":"LiquidBronze"},{"floor":11,"key":"Explosive Potion"},{"floor":11,"key":"FearPotion"},{"floor":11,"key":"FearPotion"},{"floor":11,"key":"Regen Potion"},{"floor":14,"key":"Adrenaline Potion"},{"floor":16,"key":"BlessingOfTheForge"},{"floor":22,"key":"BlessingOfTheForge"},{"floor":24,"key":"Energy Potion"}],"is_trial":false,"path_per_floor":["M","?","$","M","M","E","R","E","T","?","$","?","M","E","R","B",null,"M","?","$","T","M","R","E","R","T","E"],"character_chosen":"IRONCLAD","items_purchased":["Membership Card","Gremlin Food","ReplayTheSpireMod:Shallot","Inflame","Thunderclap","Elixir","Energy Potion","HandOfGreedLower","Cauldron","Turnip","Snack Pack","Rupture","Pommel Strike","Pantograph","ReplayTheSpireMod:CursedCoin","Bronze Scales","Armaments","Combust","HandOfGreed","Adrenaline Potion","Explosive Potion"],"campfire_rested":0,"item_purchase_floors":[3,3,3,3,3,3,3,3,11,11,11,11,11,20,20,20,20,20,20,20,20],"current_hp_per_floor":[78,75,75,80,80,80,80,76,76,76,76,56,64,72,72,80,80,18,23,23,23,35,35,33,33,33,0,0],"gold":667,"neow_bonus":"THREE_RARE_CARDS","is_daily":false,"chose_seed":false,"campfire_upgraded":3,"win_rate":0.0,"timestamp":1610899927,"path_taken":["M","?","$","M","M","E","R","E","T","?","$","?","M","E","R","BOSS","M","?","$","?","M","R","E","R","T","E"],"items_purchased_type":["Relic","Relic","Relic","Card","Card","Potion","Potion","Card","Relic","Relic","Relic","Card","Card","Relic","Relic","Relic","Card","Card","Card","Potion","Potion"],"build_version":"2020-12-22","purchased_purges":14,"victory":false,"max_hp_per_floor":[80,80,80,80,80,80,80,80,80,80,80,80,80,80,80,80,80,80,80,80,80,80,80,80,80,80,80,80],"card_choices":[{"not_picked":["Offering","Eclipse"],"picked":"Immolate","floor":0},{"not_picked":["Anger","ReplayTheSpireMod:Corrosion Curse"],"picked":"Shrug It Off","floor":1},{"not_picked":["Run Through","Pommel Strike"],"picked":"Sword Boomerang","floor":4},{"not_picked":["Shockwave","ReplayTheSpireMod:Limb From Limb"],"picked":"Flex","floor":5},{"not_picked":["Iron Wave","ReplayReversal"],"picked":"Bludgeon","floor":6},{"not_picked":["Rage","Sentinel"],"picked":"Abandon","floor":8},{"not_picked":["Combust","Twin Strike"],"picked":"Bloodletting","floor":13},{"not_picked":["Pommel Strike","Cleave"],"picked":"ReplayTheSpireMod:Muscle Training","floor":14},{"not_picked":["Brutality","Fiend Fire"],"picked":"Demonic Infusion","floor":16},{"not_picked":["Evolve","ReplayTheSpireMod:LeadingStrike+1","Clothesline"],"picked":"SKIP","floor":18},{"not_picked":["Warcry","Cleave"],"picked":"Hemokinesis","floor":19},{"not_picked":["True Grit","Wild Strike+1"],"picked":"Shrug It Off","floor":22},{"not_picked":["Wild Strike+1","Ghostly Armor"],"picked":"Heavy Blade+1","floor":24}],"player_experience":144862,"relics_obtained":[{"floor":6,"key":"Art of War"},{"floor":8,"key":"Tiny Chest"},{"floor":14,"key":"Replay:Baseball"},{"floor":19,"key":"Red Mask"},{"floor":21,"key":"Omamori"},{"floor":24,"key":"Akabeko"},{"floor":26,"key":"CeramicFish"}],"event_choices":[{"damage_healed":0,"gold_gain":0,"player_choice":"Success","damage_taken":3,"relics_obtained":["Toy Ornithopter"],"max_hp_gain":0,"max_hp_loss":0,"event_name":"Scrap Ooze","floor":2,"gold_loss":0},{"damage_healed":0,"gold_gain":30,"player_choice":"Searched \u00273\u0027 times","damage_taken":0,"relics_obtained":["Vajra"],"max_hp_gain":0,"max_hp_loss":0,"event_name":"Dead Adventurer","floor":10,"gold_loss":0},{"damage_healed":0,"gold_gain":0,"player_choice":"Take Damage","damage_taken":20,"relics_obtained":["Golden Idol"],"max_hp_gain":0,"max_hp_loss":0,"event_name":"Golden Idol","floor":12,"gold_loss":0},{"damage_healed":0,"gold_gain":0,"player_choice":"Fought Bandits","damage_taken":0,"max_hp_gain":0,"max_hp_loss":0,"event_name":"Masked Bandits","floor":19,"gold_loss":0}],"is_beta":false,"boss_relics":[{"not_picked":["Fusion Hammer","Replay:Wanted Poster"],"picked":"Electric Blood"}],"items_purged_floors":[3,3,3,3,3,3,3,3,3,11,20,20,20,20],"is_endless":false,"potions_floor_spawned":[1,4,5,6,6,8,8,13,13,14,16,22,24,24,24],"killed_by":"Book of Stabbing","ascension_level":10}}