{"host":"7xu95vgv3ii4fnvo","time":1610869795,"event":{"mods":["BaseMod","Challenge The Spire","Colored Powertips","Dota2Spire","Downfall","Minty Spire (QoL Compilation)","MostiFishMod","Quick Restart","Relic Stats","Spicy Shops","StSLib","¡¾ÒÅÎï¿¨ÅÆ¡¿REMEMod"],"gold_per_floor":[114,129,144,159,59,59,74,89,89,164,179,194,194,44,44,147,147,162,522,537,537,57,87,87,117,129,156,93,105,147,174,186,298,310,337,364,391,418,430,474,486,528,540,567,579,366,381,396,396,398],"floor_reached":51,"language":"ZHS","playtime":6705,"items_purged":["Eruption"],"score":988,"play_id":"4f555388-84a1-45ac-80c9-ad87d1b4d920","local_time":"20210117154955","daily_mods":["Chimera","downfall:Jewelcrafting","downfall:Enraging"],"is_ascension_mode":false,"campfire_choices":[{"data":"REME_BattleFury","floor":15,"key":"SMITH"},{"data":"Seek","floor":41,"key":"SMITH"},{"data":"MostiFishMod:Overload","floor":49,"key":"SMITH"}],"circlet_count":0,"master_deck":["Bash+1","Survivor+1","Zap+1","Strike_R+1","Strike_G+1","Strike_B+1","Defend_G+1","Defend_P+1","Guardian:ExploitGems+1","Guardian:ExploitGems+1","REME_BattleFury+1","Ball Lightning+1","Rebound+1","Sweeping Beam+1","Conserve Battery+1","Beam Cell+1","Creative AI+1","Loop+1","MostiFishMod:ActiveDefenseSystem+1","Recycle+1","MostiFishMod:StarOceanB+1","Rebound+1","Forethought+1","White Noise+1","White Noise+1","MostiFishMod:PushDownKick+1","Conserve Battery+1","Seek+1","Conserve Battery+1","MostiFishMod:Overload+1","BootSequence+1","Turbo+1","Aggregate+1","MostiFishMod:Overload+1","BootSequence+1","REME_Whirling+1"],"relics":["Cracked Core","DaveBox","REME_ComplimentaryCards","Guardian:PickAxe","DSteel32","SynthV:TestCard","Eternal Feather","Toolbox","PatriotShield","Ice Cream","Cables","DollysMirror","Darkstone Periapt","Enchiridion","MawBank","Question Card","Dota2Spire:Desolator","RhineFirstAidKit","hexamod:CandleOfCauterizing","Centennial Puzzle","Bottled Tornado","Civilization","REME_CardOfGreed"],"acts_visited":["Exordium","TheCity","TheBeyond"],"potions_floor_usage":[],"damage_taken":[{"damage":0,"enemies":"2 Louse","floor":1,"turns":4},{"damage":0,"enemies":"Cultist","floor":2,"turns":2},{"damage":3,"enemies":"Small Slimes","floor":3,"turns":2},{"damage":0,"enemies":"Looter","floor":4,"turns":2},{"damage":4,"enemies":"2 Fungi Beasts","floor":7,"turns":3},{"damage":6,"enemies":"Large Slime","floor":8,"turns":2},{"damage":6,"enemies":"Lots of Slimes","floor":11,"turns":3},{"damage":11,"enemies":"Exordium Thugs","floor":12,"turns":4},{"damage":12,"enemies":"Slime Boss","floor":16,"turns":6},{"damage":0,"enemies":"Spheric Guardian","floor":18,"turns":3},{"damage":0,"enemies":"Chosen","floor":20,"turns":3},{"damage":2,"enemies":"Slavers","floor":23,"turns":5},{"damage":0,"enemies":"REME_1_Revenger","floor":25,"turns":2},{"damage":0,"enemies":"3 Cultists","floor":27,"turns":4},{"damage":0,"enemies":"Gremlin Leader","floor":30,"turns":2},{"damage":0,"enemies":"Snake Plant","floor":31,"turns":1},{"damage":0,"enemies":"Champ","floor":33,"turns":4},{"damage":18,"enemies":"3 Shapes","floor":35,"turns":1},{"damage":0,"enemies":"3 Darklings","floor":36,"turns":3},{"damage":0,"enemies":"Transient","floor":37,"turns":1},{"damage":0,"enemies":"Writhing Mass","floor":38,"turns":1},{"damage":0,"enemies":"Reptomancer","floor":40,"turns":1},{"damage":0,"enemies":"Nemesis","floor":42,"turns":1},{"damage":0,"enemies":"Jaw Worm Horde","floor":44,"turns":2},{"damage":0,"enemies":"3 Darklings","floor":47,"turns":1},{"damage":0,"enemies":"4 Shapes","floor":48,"turns":1},{"damage":0,"enemies":"Awakened One","floor":50,"turns":2}],"seed_played":"7372172642885907109","potions_obtained":[{"floor":4,"key":"PotionOfCapacity"},{"floor":7,"key":"Fire Potion"},{"floor":11,"key":"GamblersBrew"},{"floor":16,"key":"FairyPotion"}],"is_trial":false,"path_per_floor":["M","M","M","M","$","R","M","M","T","?","M","M","R","$","R","B",null,"M","?","M","?","$","E","?","E","T","M","?","$","E","M","R","B",null,"M","M","M","M","?","E","R","E","T","M","?","$","M","M","R","B",null],"character_chosen":"DEFECT","items_purchased":["Beam Cell","Toolbox","Ice Cream","Cables","DollysMirror","Civilization","REME_CardOfGreed"],"campfire_rested":0,"item_purchase_floors":[5,14,22,22,22,46,46],"current_hp_per_floor":[75,75,72,72,72,72,68,62,62,51,45,34,46,46,58,49,75,75,33,33,33,33,31,15,15,15,15,15,15,15,23,38,38,75,57,65,65,65,65,67,71,71,71,71,71,71,72,77,77,82],"gold":398,"neow_bonus":"","is_daily":true,"chose_seed":false,"campfire_upgraded":3,"win_rate":0.0,"timestamp":1610869795,"path_taken":["M","M","M","M","$","R","M","M","T","?","M","M","R","$","R","BOSS","M","?","?","?","$","E","?","E","T","M","?","?","E","M","R","BOSS","M","M","M","M","?","E","R","E","T","M","?","$","M","M","R","BOSS"],"items_purchased_type":["Card","Relic","Relic","Relic","Relic","Relic","Relic"],"build_version":"2020-12-22","purchased_purges":1,"victory":true,"max_hp_per_floor":[75,75,75,75,75,75,75,75,75,75,75,75,75,75,75,75,75,75,75,75,75,75,75,75,75,75,75,75,75,75,75,75,75,75,75,75,75,75,71,71,71,71,71,71,71,71,72,77,77,82],"relic_stats":{"Darkstone Periapt":0,"Centennial Puzzle":[0],"counters":[27,66],"Eternal Feather":43,"MawBank":252,"Question Card":13,"obtain_stats":[{"DSteel32":0,"Ice Cream":22,"Darkstone Periapt":23,"PatriotShield":17,"hexamod:CandleOfCauterizing":40,"DaveBox":0,"Enchiridion":24,"Eternal Feather":9,"Bottled Tornado":43,"MawBank":25,"Question Card":26,"Cables":22,"Guardian:PickAxe":0,"Civilization":46,"Centennial Puzzle":42,"SynthV:TestCard":1,"RhineFirstAidKit":34,"DollysMirror":22,"Toolbox":14,"REME_CardOfGreed":46,"Cracked Core":0,"REME_ComplimentaryCards":0,"Dota2Spire:Desolator":30},{"DSteel32":0,"Ice Cream":11,"Darkstone Periapt":12,"PatriotShield":9,"hexamod:CandleOfCauterizing":22,"DaveBox":0,"Enchiridion":12,"Eternal Feather":6,"Bottled Tornado":23,"MawBank":13,"Question Card":13,"Cables":11,"Guardian:PickAxe":0,"Civilization":24,"Centennial Puzzle":23,"SynthV:TestCard":1,"RhineFirstAidKit":17,"DollysMirror":11,"Toolbox":8,"REME_CardOfGreed":24,"Cracked Core":0,"REME_ComplimentaryCards":0,"Dota2Spire:Desolator":15},{"DSteel32":0,"Ice Cream":34,"Darkstone Periapt":39,"PatriotShield":28,"hexamod:CandleOfCauterizing":59,"DaveBox":0,"Enchiridion":39,"Eternal Feather":15,"Bottled Tornado":60,"MawBank":41,"Question Card":41,"Cables":34,"Guardian:PickAxe":0,"Civilization":62,"Centennial Puzzle":60,"SynthV:TestCard":4,"RhineFirstAidKit":52,"DollysMirror":34,"Toolbox":22,"REME_CardOfGreed":62,"Cracked Core":0,"REME_ComplimentaryCards":0,"Dota2Spire:Desolator":47}],"Cables":[17,15,0,2,0]},"card_choices":[{"not_picked":["Stack","Beam Cell"],"picked":"Ball Lightning","floor":1},{"not_picked":["Rip and Tear","Hologram","Chill","Barrage"],"picked":"Rebound","floor":2},{"not_picked":["Glacier","Stack","Beam Cell","Rebound"],"picked":"Sweeping Beam","floor":3},{"not_picked":["Barrage","Go for the Eyes","Rebound","Gash"],"picked":"Conserve Battery","floor":4},{"not_picked":["Rebound","Blizzard","Coolheaded","Barrage"],"picked":"Creative AI","floor":7},{"not_picked":["Stack","Static Discharge","Rebound","Barrage"],"picked":"Loop","floor":8},{"not_picked":["Go for the Eyes","Leap","Steam Power","Streamline"],"picked":"MostiFishMod:ActiveDefenseSystem","floor":11},{"not_picked":["Double Energy","Steam","Streamline","Cold Snap"],"picked":"Recycle","floor":12},{"not_picked":["MostiFishMod:Hijack","All For One","Echo Form","MostiFishMod:IceShield"],"picked":"MostiFishMod:StarOceanB","floor":16},{"not_picked":["Steam","Cold Snap","REME_Compress","Double Energy"],"picked":"Rebound+1","floor":18},{"not_picked":["Storm","MostiFishMod:Impulse+1","Glacier","Ball Lightning"],"picked":"White Noise+1","floor":20},{"not_picked":["Sweeping Beam+1","Steam+1","Hello World","Cold Snap+1"],"picked":"MostiFishMod:PushDownKick","floor":23},{"not_picked":["Ball Lightning","Storm","Coolheaded","MostiFishMod:Hijack","Leap"],"picked":"SKIP","floor":25},{"not_picked":["Steam","Barrage","Go for the Eyes","Cold Snap+1","Stack"],"picked":"Conserve Battery+1","floor":27},{"not_picked":["Coolheaded","Chill","MostiFishMod:SeaWaves","Streamline","Ball Lightning"],"picked":"Seek","floor":30},{"not_picked":["Blizzard","REME_Whirling","Ball Lightning","Barrage","Leap+1"],"picked":"Conserve Battery","floor":31},{"not_picked":["MostiFishMod:ReadyAimFire","All For One","MostiFishMod:DeathFromBelow","Reboot","MostiFishMod:InterfaceCompatibility"],"picked":"MostiFishMod:Overload","floor":33},{"not_picked":["MostiFishMod:ReprogramOld","Coolheaded+1","Ball Lightning","Rebound","Sweeping Beam+1"],"picked":"BootSequence+1","floor":35},{"not_picked":["Beam Cell","Coolheaded+1","Rip and Tear+1","Go for the Eyes+1","Genetic Algorithm+1"],"picked":"Turbo","floor":36},{"not_picked":["Skim+1","Compile Driver+1","Hello World+1","Coolheaded+1","Barrage+1","Stack"],"picked":"SKIP","floor":37},{"not_picked":["Sweeping Beam","MostiFishMod:Overload","MostiFishMod:PushDownKick","Storm+1","Steam+1"],"picked":"Aggregate","floor":38},{"not_picked":["Gash","Skim","Hologram","Redo","Turbo"],"picked":"MostiFishMod:Overload","floor":40},{"not_picked":["Barrage+1","Consume+1","Undo","Skim","Stack+1","Darkness+1"],"picked":"SKIP","floor":42},{"not_picked":["Streamline","MostiFishMod:PushDownKick+1","Stack","MostiFishMod:Impulse+1","Ball Lightning","Steam+1"],"picked":"SKIP","floor":44},{"not_picked":["Gash+1","Rebound","Turbo","MostiFishMod:FluxCapactior","MostiFishMod:LinkProtocol+1"],"picked":"BootSequence+1","floor":47},{"not_picked":["MostiFishMod:IceShield","Genetic Algorithm+1","Leap+1","Turbo","Gash+1"],"picked":"REME_Whirling+1","floor":48}],"player_experience":105613,"relics_obtained":[{"floor":1,"key":"SynthV:TestCard"},{"floor":9,"key":"Eternal Feather"},{"floor":23,"key":"Darkstone Periapt"},{"floor":24,"key":"Enchiridion"},{"floor":25,"key":"MawBank"},{"floor":26,"key":"Question Card"},{"floor":30,"key":"Dota2Spire:Desolator"},{"floor":40,"key":"hexamod:CandleOfCauterizing"},{"floor":42,"key":"Centennial Puzzle"},{"floor":43,"key":"Bottled Tornado"}],"event_choices":[{"damage_healed":0,"gold_gain":75,"player_choice":"Gather Gold","damage_taken":11,"max_hp_gain":0,"max_hp_loss":0,"event_name":"World of Goop","floor":10,"gold_loss":0},{"damage_healed":0,"gold_gain":360,"player_choice":"CARD GOLD GOLD GOLD GOLD ","damage_taken":42,"max_hp_gain":0,"max_hp_loss":0,"event_name":"Knowing Skull","floor":19,"potions_obtained":[],"gold_loss":0,"cards_obtained":["Forethought"]},{"cards_removed":["Guardian:Gem_Yellow"],"damage_healed":0,"gold_gain":0,"player_choice":"Elegance","damage_taken":0,"max_hp_gain":0,"max_hp_loss":0,"event_name":"Back to Basics","floor":21,"gold_loss":0},{"damage_healed":0,"gold_gain":0,"player_choice":"Obtained Book","damage_taken":16,"max_hp_gain":0,"max_hp_loss":0,"event_name":"Cursed Tome","floor":24,"gold_loss":0},{"cards_removed":["Defend_R"],"damage_healed":0,"gold_gain":0,"player_choice":"Gave Gold","damage_taken":0,"max_hp_gain":0,"max_hp_loss":0,"event_name":"Beggar","floor":28,"gold_loss":75},{"damage_healed":0,"gold_gain":0,"player_choice":"Max HP","damage_taken":0,"max_hp_gain":0,"max_hp_loss":4,"event_name":"Winding Halls","floor":39,"gold_loss":0},{"damage_healed":0,"gold_gain":0,"player_choice":"Got Potions","damage_taken":0,"max_hp_gain":0,"max_hp_loss":0,"event_name":"Lab","floor":45,"gold_loss":0}],"is_beta":false,"boss_relics":[{"not_picked":["SacredBark","MoonlightInvasionPlan"],"picked":"PatriotShield"},{"not_picked":["Runic Dome","EE1DDrone"],"picked":"RhineFirstAidKit"}],"items_purged_floors":[5],"is_endless":false,"potions_floor_spawned":[4,7,11,16,18,23,27,31,38,40,44],"ascension_level":0}}