{"host":"cw25u8qal1h0d7ia","time":1610907302,"event":{"mods":["BaseMod","Downfall","Minty Spire (QoL Compilation)","StSLib"],"gold_per_floor":[99,109,123,153,173,205,251,280,280,312,312,325,325,325,335,440,440,440,451,54,54,39,43,67,79,111,156,181,212,124,136,162,269,281,293,316,328,72,88,121,121,51,76,76,76,111,211,224,240,240],"floor_reached":51,"language":"ENG","playtime":4931,"items_purged":["downfall:Malfunctioning","Doubt","Slimebound:SlimeBrawl"],"score":885,"play_id":"650b6aa1-46e6-4613-8fba-fe4035015563","local_time":"20210117191502","is_ascension_mode":true,"campfire_choices":[{"data":"Slimebound:Split","floor":1,"key":"SMITH"},{"floor":11,"key":"REST"},{"data":"Slimebound:LeechEnergy","floor":13,"key":"SMITH"},{"data":"Slimebound:MassRepurpose","floor":18,"key":"SMITH"},{"floor":30,"key":"REST"},{"data":"Slimebound:FirmFortitude","floor":35,"key":"SMITH"},{"data":"Slimebound:MassRepurpose","floor":45,"key":"SMITH"}],"circlet_count":0,"master_deck":["Slimebound:Tackle+1","Slimebound:Split+1","Slimebound:CorrosiveSpit","Slimebound:LeechEnergy+1","Slimebound:SpikyOuterGoop+1","Slimebound:OneTwoCombo+1","Slimebound:Equalize","Slimebound:MinionMaster","Slimebound:MassRepurpose+1","Slimebound:TagTeam+1","Slimebound:DisruptingSlam","Slimebound:SplitMire","Slimebound:SplitSpecialist","Slimebound:LivingWall","Slimebound:Repurpose","Slimebound:SplitLeeching","Slimebound:FirmFortitude+1","Slimebound:Repurpose+1","Slimebound:LeadByExample","Slimebound:MassRepurpose+1"],"relics":["Slimebound:AbsorbEndCombat","Happy Flower","Regal Pillow","Slimebound:MaxSlimesRelic","Ancient Tea Set","Lizard Tail","Ornamental Fan","HornCleat","Pandora\u0027s Box","Slimebound:SelfDamagePreventRelic","MealTicket","Strange Spoon","MawBank","Question Card","downfall:HeartBlessingGreen","Philosopher\u0027s Stone","Bag of Preparation","InkBottle","StrikeDummy","Peace Pipe","Gremlin Horn","downfall:GremlinWheel"],"acts_visited":["Exordium","TheCity","TheBeyond"],"potions_floor_usage":[10,16,33],"damage_taken":[{"damage":0,"enemies":"Small Slimes","floor":2,"turns":3},{"damage":7,"enemies":"Jaw Worm","floor":3,"turns":3},{"damage":0,"enemies":"2 Louse","floor":5,"turns":2},{"damage":38,"enemies":"Lagavulin","floor":6,"turns":7},{"damage":16,"enemies":"3 Sentries","floor":8,"turns":7},{"damage":17,"enemies":"Gremlin Nob","floor":10,"turns":5},{"damage":0,"enemies":"2 Fungi Beasts","floor":12,"turns":3},{"damage":9,"enemies":"Exordium Thugs","floor":15,"turns":3},{"damage":44,"enemies":"WA_ARCHETYPE_RETAIN","floor":16,"turns":9},{"damage":12,"enemies":"3 Byrds","floor":19,"turns":3},{"damage":0,"enemies":"downfall:FleeingMerchant","floor":20,"turns":4},{"damage":0,"enemies":"downfall:FleeingMerchant","floor":22,"turns":4},{"damage":0,"enemies":"downfall:FleeingMerchant","floor":23,"turns":4},{"damage":13,"enemies":"Spheric Guardian","floor":26,"turns":4},{"damage":55,"enemies":"Gremlin Leader","floor":27,"turns":7},{"damage":8,"enemies":"3 Cultists","floor":28,"turns":4},{"damage":24,"enemies":"Snake Plant","floor":29,"turns":3},{"damage":0,"enemies":"Snecko","floor":32,"turns":2},{"damage":4,"enemies":"IC_MUSHROOM_ARCHETYPE","floor":33,"turns":5},{"damage":0,"enemies":"Orb Walker","floor":36,"turns":2},{"damage":0,"enemies":"3 Darklings","floor":39,"turns":4},{"damage":23,"enemies":"Nemesis","floor":40,"turns":5},{"damage":6,"enemies":"Reptomancer","floor":43,"turns":3},{"damage":0,"enemies":"Giant Head","floor":46,"turns":5},{"damage":0,"enemies":"Giant Head","floor":47,"turns":1},{"damage":0,"enemies":"Maw","floor":48,"turns":5},{"damage":0,"enemies":"Sphere and 2 Shapes","floor":49,"turns":3},{"damage":24,"enemies":"DF_ARCHETYPE_ORBS","floor":50,"turns":4}],"seed_played":"-1050095372403764843","potions_obtained":[{"floor":6,"key":"SpeedPotion"},{"floor":12,"key":"Slimebound:SlimyTonguePotion"},{"floor":15,"key":"Strength Potion"},{"floor":16,"key":"FearPotion"},{"floor":27,"key":"champ:CounterPotion"},{"floor":28,"key":"Dexterity Potion"},{"floor":33,"key":"sneckomod:MuddlingPotion"},{"floor":36,"key":"EssenceOfSteel"},{"floor":47,"key":"Energy Potion"},{"floor":48,"key":"GamblersBrew"}],"is_trial":false,"path_per_floor":["R","M","M","?","M","E","T","E","T","E","R","M","R","?","M","B",null,"R","M","$","?","$","$","T","?","M","E","M","M","R","?","M","B",null,"R","M","?","?","M","E","T","$","E","$","R","E","?","M","M","B",null],"character_chosen":"SLIMEBOUND","items_purchased":["Slimebound:SelfDamagePreventRelic","MealTicket","Strange Spoon","Slimebound:SplitSpecialist","Bag of Preparation","Slimebound:LeadByExample"],"campfire_rested":2,"item_purchase_floors":[20,20,23,23,38,42],"current_hp_per_floor":[65,65,60,60,61,30,30,17,17,4,38,40,40,40,34,3,65,65,54,60,60,65,65,65,65,55,8,8,17,51,51,53,56,65,65,65,65,65,65,51,51,65,60,65,65,65,65,65,65,47],"gold":240,"neow_bonus":"RANDOM_COMMON_RELIC","is_daily":false,"chose_seed":false,"campfire_upgraded":5,"win_rate":0.0,"timestamp":1610907302,"path_taken":["R","M","M","?","M","E","T","E","?","E","R","M","R","?","M","BOSS","R","M","$","?","?","$","T","?","?","E","M","M","R","?","M","BOSS","R","M","?","?","M","E","T","$","E","$","R","E","?","?","M","BOSS"],"items_purchased_type":["Relic","Relic","Relic","Card","Relic","Card"],"build_version":"2020-12-22","purchased_purges":3,"victory":true,"max_hp_per_floor":[65,65,65,65,65,65,65,65,65,65,65,65,65,65,65,65,65,65,65,65,65,65,65,65,65,65,65,65,65,65,65,65,65,65,65,65,65,65,65,65,65,65,65,65,65,65,65,65,65,65],"card_choices":[{"not_picked":["Slimebound:RollThrough","Slimebound:SlimeSpikes"],"picked":"Slimebound:LeechEnergy","floor":2},{"not_picked":["Slimebound:GoopTackle","Slimebound:SplitBruiser","Slimebound:SamplingLick"],"picked":"SKIP","floor":3},{"not_picked":["Slimebound:LeechingTouch","Slimebound:FinishingTackle","Slimebound:FormOfPuddle"],"picked":"SKIP","floor":5},{"not_picked":["Slimebound:Darklings","Slimebound:RollThrough"],"picked":"Slimebound:SpikyOuterGoop","floor":6},{"not_picked":["Slimebound:LevelUp","Slimebound:FinishingTackle"],"picked":"Slimebound:OneTwoCombo","floor":8},{"not_picked":["Slimebound:ProtectTheBoss","Slimebound:FinishingTackle","Slimebound:SamplingLick"],"picked":"SKIP","floor":10},{"not_picked":["Slimebound:SlimeSpikes","Slimebound:SamplingLick","Slimebound:RainOfGoop"],"picked":"SKIP","floor":12},{"not_picked":["Slimebound:Prepare","Slimebound:FormOfPuddle"],"picked":"Slimebound:Equalize","floor":15},{"not_picked":["Slimebound:CheckThePlaybook","Slimebound:Teamwork"],"picked":"Slimebound:MinionMaster","floor":16},{"not_picked":["Slimebound:SlimeSpikes","Slimebound:DisruptingSlam","Slimebound:GoopSpray"],"picked":"SKIP","floor":19},{"not_picked":["Slimebound:SlimeBrawl","Slimebound:Schlurp","Slimebound:GoopTackle+1"],"picked":"SKIP","floor":20},{"not_picked":["Slimebound:RainOfGoop","Slimebound:PressTheAttack"],"picked":"Slimebound:SplitMire","floor":22},{"not_picked":["Slimebound:LivingWall","Slimebound:SplitMire","Slimebound:ComboTackle"],"picked":"SKIP","floor":23},{"not_picked":["Slimebound:LivingWall","Slimebound:ViciousTackle"],"picked":"Slimebound:FirmFortitude","floor":26},{"not_picked":["Slimebound:SlimeTap","Slimebound:ComboTackle+1"],"picked":"Slimebound:Repurpose+1","floor":27},{"not_picked":["Slimebound:Dissolve","Slimebound:SlimeTap","Slimebound:FinishingTackle","Slimebound:HungryTackle"],"picked":"SKIP","floor":28},{"not_picked":["Slimebound:SplitMire","Slimebound:SplitAcid","Slimebound:SlimeSpikes+1","Slimebound:SplitLeeching"],"picked":"SKIP","floor":29},{"not_picked":["Slimebound:SplitLeeching","Slimebound:GoopTackle","Slimebound:GoopSpray","Slimebound:LeechEnergy+1"],"picked":"SKIP","floor":32},{"not_picked":["Slimebound:FormOfPuddle+1","Slimebound:HauntingLick","Slimebound:LivingWall+1","Slimebound:ComboTackle"],"picked":"SKIP","floor":36},{"not_picked":["Slimebound:Dissolve","Slimebound:Repurpose+1","Slimebound:SplitMire","Slimebound:SplitBruiser"],"picked":"SKIP","floor":39},{"not_picked":["Slimebound:GoopTackle+1","Slimebound:Schlurp+1","Slimebound:Prepare","Slimebound:MegaLick"],"picked":"SKIP","floor":40},{"not_picked":["Slimebound:FinishingTackle","Slimebound:ServeAndProtect+1","Slimebound:LeechingTouch"],"picked":"Slimebound:MassRepurpose","floor":43},{"not_picked":["Slimebound:SplitAcid","Slimebound:LivingWall+1","Slimebound:Schlurp+1","Slimebound:SamplingLick"],"picked":"SKIP","floor":46},{"not_picked":["Slimebound:SplitLeeching+1","Slimebound:CheckThePlaybook","Slimebound:FinishingTackle","Slimebound:LeechingTouch+1"],"picked":"SKIP","floor":48},{"not_picked":["Slimebound:ServeAndProtect","Slimebound:ForwardTackle","Slimebound:GoopSpray+1","Slimebound:GoopTackle+1"],"picked":"SKIP","floor":49}],"player_experience":563787,"relics_obtained":[{"floor":6,"key":"Slimebound:MaxSlimesRelic"},{"floor":7,"key":"Ancient Tea Set"},{"floor":8,"key":"Lizard Tail"},{"floor":9,"key":"Ornamental Fan"},{"floor":10,"key":"HornCleat"},{"floor":24,"key":"MawBank"},{"floor":27,"key":"Question Card"},{"floor":40,"key":"InkBottle"},{"floor":41,"key":"StrikeDummy"},{"floor":43,"key":"Peace Pipe"},{"floor":46,"key":"Gremlin Horn"},{"floor":47,"key":"downfall:GremlinWheel"}],"event_choices":[],"is_beta":false,"boss_relics":[{"not_picked":["Snecko Eye","SlaversCollar"],"picked":"Pandora\u0027s Box"},{"not_picked":["Calling Bell","Runic Pyramid"],"picked":"Philosopher\u0027s Stone"}],"items_purged_floors":[20,23,38],"is_endless":false,"potions_floor_spawned":[6,12,15,16,27,28,29,33,36,43,46,47,48],"ascension_level":3}}