{"host":"5dow3bd5jfgo9g35","time":1610914919,"event":{"mods":["AchievementEnabler","BaseMod","Colored Powertips","Minty Spire (QoL Compilation)","Quick Restart"],"gold_per_floor":[116,116,116,135,135,162,175,175,244,260,294,12,43,57,57,152,152,163,143,143,143,143,143,170,190,217,217,217],"floor_reached":27,"language":"ENG","playtime":2522,"items_purged":[],"score":286,"play_id":"aa582fda-e517-4272-913f-d672dff197ea","local_time":"20210117152159","is_ascension_mode":true,"campfire_choices":[{"data":"Setup","floor":8,"key":"SMITH"},{"data":"Discovery","floor":15,"key":"SMITH"},{"data":"Venomology","floor":23,"key":"SMITH"}],"circlet_count":0,"master_deck":["Strike_G","Strike_G+1","Strike_G","Defend_G+1","Defend_G","Defend_G","Defend_G","Defend_G","Survivor","Neutralize","Poisoned Stab+1","Poisoned Stab","Setup+1","Crippling Poison","Deflect","Noxious Fumes","Discovery+1","Deflect","Dagger Spray","Prepared","Venomology+1","Reflex","Necronomicurse","Escape Plan","Underhanded Strike"],"relics":["Ring of the Snake","Art of War","Tiny Chest","White Beast Statue","Regal Pillow","Juzu Bracelet","The Courier","SacredBark","Necronomicon","Frozen Egg 2","Dead Branch","Bag of Preparation"],"acts_visited":["Exordium","TheCity"],"potions_floor_usage":[9,11,13,13,14,16,18,24,24,24,24,27],"damage_taken":[{"damage":0,"enemies":"Small Slimes","floor":1,"turns":3},{"damage":0,"enemies":"Jaw Worm","floor":4,"turns":3},{"damage":14,"enemies":"Lagavulin","floor":6,"turns":5},{"damage":0,"enemies":"Cultist","floor":7,"turns":3},{"damage":1,"enemies":"2 Fungi Beasts","floor":10,"turns":3},{"damage":11,"enemies":"3 Sentries","floor":11,"turns":9},{"damage":16,"enemies":"Gremlin Nob","floor":13,"turns":4},{"damage":1,"enemies":"Large Slime","floor":14,"turns":5},{"damage":11,"enemies":"The Guardian","floor":16,"turns":9},{"damage":12,"enemies":"Shell Parasite","floor":18,"turns":6},{"damage":36,"enemies":"Book of Stabbing","floor":24,"turns":6},{"damage":0,"enemies":"Spheric Guardian","floor":25,"turns":5},{"damage":11,"enemies":"Snecko","floor":27,"turns":3}],"seed_played":"3635181878578251030","potions_obtained":[{"floor":4,"key":"SmokeBomb"},{"floor":6,"key":"Poison Potion"},{"floor":7,"key":"Fruit Juice"},{"floor":10,"key":"DistilledChaos"},{"floor":11,"key":"EssenceOfSteel"},{"floor":13,"key":"Block Potion"},{"floor":14,"key":"Poison Potion"},{"floor":16,"key":"Dexterity Potion"},{"floor":18,"key":"FearPotion"},{"floor":19,"key":"SpeedPotion"},{"floor":24,"key":"PowerPotion"},{"floor":25,"key":"SpeedPotion"}],"is_trial":false,"path_per_floor":["M","?","?","M","?","E","M","R","T","M","E","$","E","M","R","B",null,"M","?","?","?","T","R","E","M","T","M"],"character_chosen":"THE_SILENT","items_purchased":["Discovery","Juzu Bracelet","Deflect"],"campfire_rested":0,"item_purchase_floors":[12,12,12],"current_hp_per_floor":[70,56,56,56,56,42,42,42,47,46,35,35,19,18,18,7,75,63,63,63,47,47,47,11,11,11,0,0],"gold":217,"neow_bonus":"RANDOM_COMMON_RELIC","is_daily":false,"chose_seed":false,"campfire_upgraded":3,"win_rate":0.0,"timestamp":1610914919,"path_taken":["M","?","?","?","?","E","M","R","T","M","E","$","E","M","R","BOSS","M","?","?","?","?","R","E","M","T","M"],"items_purchased_type":["Card","Relic","Card"],"build_version":"2020-12-22","purchased_purges":0,"victory":false,"max_hp_per_floor":[70,70,70,70,70,70,70,70,75,75,75,75,75,75,75,75,75,75,75,75,75,75,75,75,75,75,75,75],"card_choices":[{"not_picked":["Backflip","Bane"],"picked":"Poisoned Stab","floor":1},{"not_picked":["Dodge and Roll","Outmaneuver"],"picked":"Poisoned Stab","floor":4},{"not_picked":["Sucker Punch","Die Die Die"],"picked":"Setup","floor":6},{"not_picked":["Outmaneuver","Flying Knee"],"picked":"Crippling Poison","floor":7},{"not_picked":["Sucker Punch","Heel Hook"],"picked":"Deflect","floor":10},{"not_picked":["Acrobatics","Flechettes"],"picked":"Noxious Fumes","floor":11},{"not_picked":["Acrobatics","Dagger Throw"],"picked":"Dagger Spray","floor":13},{"not_picked":["Skewer","All Out Attack"],"picked":"Prepared","floor":14},{"not_picked":["Phantasmal Killer","Malaise"],"picked":"Venomology","floor":16},{"not_picked":["Bane","Underhanded Strike+1"],"picked":"Reflex","floor":18},{"not_picked":["Underhanded Strike","Outmaneuver"],"picked":"Escape Plan","floor":24},{"not_picked":["Quick Slash","Sucker Punch"],"picked":"Underhanded Strike","floor":25}],"player_experience":1017125,"relics_obtained":[{"floor":6,"key":"Tiny Chest"},{"floor":9,"key":"White Beast Statue"},{"floor":11,"key":"Regal Pillow"},{"floor":13,"key":"The Courier"},{"floor":21,"key":"Necronomicon"},{"floor":22,"key":"Frozen Egg 2"},{"floor":24,"key":"Dead Branch"},{"floor":26,"key":"Bag of Preparation"}],"event_choices":[{"damage_healed":0,"gold_gain":0,"player_choice":"Entered Light","damage_taken":14,"max_hp_gain":0,"max_hp_loss":0,"event_name":"Shining Light","floor":2,"gold_loss":0,"cards_upgraded":["Strike_G","Defend_G"]},{"cards_removed":["Strike_G"],"damage_healed":0,"gold_gain":0,"player_choice":"Card Removal","damage_taken":0,"max_hp_gain":0,"max_hp_loss":0,"event_name":"Wheel of Change","floor":3,"gold_loss":0},{"damage_healed":0,"gold_gain":0,"player_choice":"Grow","damage_taken":0,"max_hp_gain":0,"max_hp_loss":0,"event_name":"Living Wall","floor":5,"gold_loss":0,"cards_upgraded":["Poisoned Stab"]},{"damage_healed":0,"gold_gain":0,"player_choice":"Bought 1 Potion","damage_taken":0,"max_hp_gain":0,"max_hp_loss":0,"event_name":"The Woman in Blue","floor":19,"gold_loss":0},{"cards_removed":["Strike_G"],"damage_healed":0,"gold_gain":0,"player_choice":"Purged","damage_taken":0,"max_hp_gain":0,"max_hp_loss":0,"event_name":"Purifier","floor":20,"gold_loss":0},{"damage_healed":0,"gold_gain":0,"player_choice":"Obtained Book","damage_taken":16,"max_hp_gain":0,"max_hp_loss":0,"event_name":"Cursed Tome","floor":21,"gold_loss":0}],"is_beta":false,"boss_relics":[{"not_picked":["Empty Cage","Tiny House"],"picked":"SacredBark"}],"items_purged_floors":[],"is_endless":false,"potions_floor_spawned":[4,6,7,10,11,13,14,16,18,24,25],"killed_by":"Snecko","ascension_level":3}}