{"host":"5dow3bd5jfgo9g35","time":1610915895,"event":{"mods":["AchievementEnabler","BaseMod","Colored Powertips","Minty Spire (QoL Compilation)","Quick Restart"],"gold_per_floor":[112,187,204,204,57,91,102,114,160,188,205,205,205],"floor_reached":12,"language":"ENG","playtime":973,"items_purged":[],"score":92,"play_id":"cf05a97c-3b84-4855-ba0e-0a74718aded5","local_time":"20210117153815","is_ascension_mode":true,"campfire_choices":[],"circlet_count":0,"master_deck":["Strike_G","Strike_G","Strike_G","Strike_G","Strike_G","Defend_G","Defend_G","Defend_G","Defend_G","Defend_G","Survivor+1","Neutralize","A Thousand Cuts","Noxious Fumes","Deflect","Jack Of All Trades","Enlightenment","Consecrate","Hello World","Iron Wave"],"relics":["Ring of the Snake","PrismaticShard","Singing Bowl","PreservedInsect","Odd Mushroom"],"acts_visited":["Exordium"],"potions_floor_usage":[6,10,12],"damage_taken":[{"damage":11,"enemies":"Jaw Worm","floor":1,"turns":7},{"damage":1,"enemies":"Small Slimes","floor":3,"turns":4},{"damage":13,"enemies":"Lagavulin","floor":6,"turns":8},{"damage":3,"enemies":"2 Louse","floor":7,"turns":4},{"damage":1,"enemies":"Exordium Wildlife","floor":8,"turns":4},{"damage":8,"enemies":"The Mushroom Lair","floor":10,"turns":4},{"damage":4,"enemies":"Red Slaver","floor":11,"turns":5},{"damage":24,"enemies":"Gremlin Nob","floor":12,"turns":4}],"seed_played":"-7545923872717574341","potions_obtained":[{"floor":1,"key":"AttackPotion"},{"floor":8,"key":"SpeedPotion"},{"floor":11,"key":"SpeedPotion"}],"is_trial":false,"path_per_floor":["M","?","M","?","$","E","M","M","T","?","M","E"],"character_chosen":"THE_SILENT","items_purchased":["PrismaticShard"],"campfire_rested":0,"item_purchase_floors":[5],"current_hp_per_floor":[59,48,47,47,47,34,31,30,30,22,18,0,0],"gold":205,"neow_bonus":"ONE_RANDOM_RARE_CARD","is_daily":false,"chose_seed":false,"campfire_upgraded":0,"win_rate":0.0,"timestamp":1610915895,"path_taken":["M","?","M","?","$","E","M","M","T","?","M","E"],"items_purchased_type":["Relic"],"build_version":"2020-12-22","purchased_purges":0,"victory":false,"max_hp_per_floor":[70,70,70,70,70,70,70,70,70,70,70,70,70],"card_choices":[{"not_picked":["Prepared","Underhanded Strike"],"picked":"Noxious Fumes","floor":1},{"not_picked":["Dagger Spray","Poisoned Stab"],"picked":"Deflect","floor":3},{"not_picked":["Perfected Strike","Shrug It Off"],"picked":"Jack Of All Trades","floor":6},{"not_picked":["Warcry","Cleave"],"picked":"Enlightenment","floor":7},{"not_picked":["Blade Dance","Clothesline"],"picked":"Consecrate","floor":8},{"not_picked":["Indignation","Rebound"],"picked":"Hello World","floor":10},{"not_picked":["CutThroughFate","ClearTheMind"],"picked":"Iron Wave","floor":11}],"player_experience":1017125,"relics_obtained":[{"floor":6,"key":"Singing Bowl"},{"floor":9,"key":"PreservedInsect"},{"floor":10,"key":"Odd Mushroom"}],"event_choices":[{"damage_healed":0,"gold_gain":75,"player_choice":"Gather Gold","damage_taken":11,"max_hp_gain":0,"max_hp_loss":0,"event_name":"World of Goop","floor":2,"gold_loss":0},{"damage_healed":0,"gold_gain":0,"player_choice":"Grow","damage_taken":0,"max_hp_gain":0,"max_hp_loss":0,"event_name":"Living Wall","floor":4,"gold_loss":0,"cards_upgraded":["Survivor"]},{"damage_healed":0,"gold_gain":0,"player_choice":"Fought Mushrooms","damage_taken":0,"max_hp_gain":0,"max_hp_loss":0,"event_name":"Mushrooms","floor":10,"gold_loss":0}],"is_beta":false,"boss_relics":[],"items_purged_floors":[],"is_endless":false,"potions_floor_spawned":[1,8,11],"killed_by":"Gremlin Nob","ascension_level":3}}