{"host":"mmqs5ul2bvb60kyc","time":1610847770,"event":{"mods":["AchievementEnabler","BaseMod","Colored Map","Colored Powertips","Minty Spire (QoL Compilation)","Quick Restart","StSLib"],"gold_per_floor":[113,40,40,5,80,110,110,129,155,167,197,209,255,287,299,407,419,441,453,565,592,616,653,665,710,769,793,805,850,862,874,886,995,1007,1036,648,394,404,419,451,451,470,470,393,421,421,433,464,464,464,464,464,12,44,44],"floor_reached":56,"language":"ZHS","playtime":4323,"items_purged":["Strike_B","Strike_B","Defend_B"],"score":1908,"play_id":"c35acc58-2d7e-44ed-8e10-8721e37d279a","local_time":"20210117094250","is_ascension_mode":true,"campfire_choices":[{"data":"Dualcast","floor":7.0,"key":"SMITH"},{"data":"Zap","floor":10.0,"key":"SMITH"},{"data":"Skim","floor":12.0,"key":"SMITH"},{"data":"Turbo","floor":15.0,"key":"SMITH"},{"data":"Rainbow","floor":24.0,"key":"SMITH"},{"floor":28.0,"key":"REST"},{"data":"Recycle","floor":30.0,"key":"SMITH"},{"data":"Creative AI","floor":32.0,"key":"SMITH"},{"floor":46.0,"key":"RECALL"},{"data":"Hologram","floor":49.0,"key":"SMITH"},{"data":"Echo Form","floor":52.0,"key":"SMITH"}],"circlet_count":0,"master_deck":["Defend_B","Defend_B+1","Defend_B","Zap+1","Dualcast+1","Sunder","Skim+1","Turbo+1","Echo Form+1","Hello World","Creative AI+1","Capacitor","Coolheaded","Rainbow+1","Cold Snap+1","Hologram+1","Recycle+1","Consume+1","Heatsinks+1","Seek","Skim","Acrobatics+1","Noxious Fumes+1","Meteor Strike","Fire Breathing","Apotheosis"],"relics":["Cracked Core","NeowsBlessing","Symbiotic Virus","Happy Flower","MawBank","Mummified Hand","Nuclear Battery","Eternal Feather","White Beast Statue","Nunchaku","War Paint","Inserter","Bird Faced Urn","PrismaticShard","Du-Vu Doll","Centennial Puzzle","Oddly Smooth Stone","ClockworkSouvenir","Pantograph"],"acts_visited":["Exordium","TheCity","TheBeyond","TheEnding"],"potions_floor_usage":[54,54,54,55,55],"damage_taken":[{"damage":0.0,"enemies":"2 Louse","floor":1.0,"turns":1.0},{"damage":0.0,"enemies":"Gremlin Nob","floor":6.0,"turns":1.0},{"damage":0.0,"enemies":"Small Slimes","floor":8.0,"turns":1.0},{"damage":0.0,"enemies":"Jaw Worm","floor":11.0,"turns":3.0},{"damage":15.0,"enemies":"Lagavulin","floor":13.0,"turns":4.0},{"damage":11.0,"enemies":"Looter","floor":14.0,"turns":2.0},{"damage":9.0,"enemies":"Hexaghost","floor":16.0,"turns":7.0},{"damage":9.0,"enemies":"Shell Parasite","floor":18.0,"turns":3.0},{"damage":12.0,"enemies":"Chosen","floor":21.0,"turns":5.0},{"damage":20.0,"enemies":"Snake Plant","floor":22.0,"turns":3.0},{"damage":23.0,"enemies":"Slavers","floor":23.0,"turns":6.0},{"damage":27.0,"enemies":"Book of Stabbing","floor":25.0,"turns":5.0},{"damage":2.0,"enemies":"Chosen and Byrds","floor":27.0,"turns":4.0},{"damage":5.0,"enemies":"Gremlin Leader","floor":29.0,"turns":8.0},{"damage":0.0,"enemies":"Automaton","floor":33.0,"turns":7.0},{"damage":9.0,"enemies":"3 Darklings","floor":35.0,"turns":3.0},{"damage":0.0,"enemies":"Orb Walker","floor":38.0,"turns":3.0},{"damage":5.0,"enemies":"4 Shapes","floor":39.0,"turns":6.0},{"damage":23.0,"enemies":"Nemesis","floor":40.0,"turns":7.0},{"damage":24.0,"enemies":"Transient","floor":42.0,"turns":5.0},{"damage":11.0,"enemies":"Giant Head","floor":45.0,"turns":4.0},{"damage":0.0,"enemies":"Maw","floor":47.0,"turns":5.0},{"damage":0.0,"enemies":"Reptomancer","floor":48.0,"turns":4.0},{"damage":49.0,"enemies":"Time Eater","floor":50.0,"turns":10.0},{"damage":0,"enemies":"Shield and Spear","floor":54,"turns":3},{"damage":45,"enemies":"The Heart","floor":55,"turns":7}],"seed_played":"3593077789719588786","potions_obtained":[{"floor":1.0,"key":"Regen Potion"},{"floor":13.0,"key":"Block Potion"},{"floor":14.0,"key":"Fire Potion"},{"floor":18.0,"key":"Regen Potion"},{"floor":22.0,"key":"SteroidPotion"},{"floor":25.0,"key":"AttackPotion"},{"floor":27.0,"key":"AttackPotion"},{"floor":29.0,"key":"EntropicBrew"},{"floor":33.0,"key":"EssenceOfSteel"},{"floor":35.0,"key":"Strength Potion"},{"floor":38.0,"key":"DistilledChaos"},{"floor":39.0,"key":"Swift Potion"},{"floor":54,"key":"ColorlessPotion"}],"is_trial":false,"path_per_floor":["M","$","?","?","?","E","R","M","T","R","M","R","E","M","R","B",null,"M","?","?","M","M","E","R","E","T","M","R","E","R","?","R","B",null,"M","$","$","M","M","E","?","M","T","$","E","R","M","E","R","B",null,"R","$","E","B",null],"character_chosen":"DEFECT","items_purchased":["Skim","Bird Faced Urn","Skim","PrismaticShard","Meteor Strike","ClockworkSouvenir","Apotheosis"],"campfire_rested":1,"item_purchase_floors":[2,36,36,37,44,53,53],"current_hp_per_floor":[68,68,50,68,57,57,57,57,57,57,57,57,42,31,31,22,62,53,53,53,41,30,22,31,4,4,2,36,31,43,43,55,55,70,61,61,61,73,75,64,64,68,68,68,75,75,75,75,75,48,68,75,75,75,59],"gold":44,"neow_bonus":"THREE_ENEMY_KILL","is_daily":false,"chose_seed":false,"campfire_upgraded":9,"win_rate":0.0,"timestamp":1610847770,"path_taken":["M","$","?","?","?","E","R","M","T","R","M","R","E","?","R","BOSS","M","?","?","?","M","E","R","E","T","M","R","E","R","?","R","BOSS","M","?","$","M","M","E","?","M","T","$","E","R","M","E","R","BOSS","R","$","E","BOSS"],"items_purchased_type":["Card","Relic","Card","Relic","Card","Relic","Card"],"build_version":"2020-12-22","purchased_purges":3,"victory":true,"max_hp_per_floor":[75,75,75,75,75,75,75,75,75,75,75,75,75,75,75,75,75,75,75,75,75,75,75,75,75,75,75,75,75,75,75,75,75,75,75,75,75,75,75,75,75,75,75,75,75,75,75,75,75,75,75,75,75,75,75],"card_choices":[{"not_picked":["Leap","Consume"],"picked":"Sunder","floor":1.0},{"not_picked":["Streamline","Stack","Genetic Algorithm"],"picked":"SKIP","floor":6.0},{"not_picked":["Barrage","Compile Driver","Darkness"],"picked":"SKIP","floor":8.0},{"not_picked":["Cold Snap","Double Energy"],"picked":"Turbo","floor":11.0},{"not_picked":["Defragment","Gash"],"picked":"Echo Form","floor":13.0},{"not_picked":["Go for the Eyes","Steam Power"],"picked":"Hello World","floor":14.0},{"not_picked":["Seek","Electrodynamics"],"picked":"Creative AI","floor":16.0},{"not_picked":["Streamline","Turbo"],"picked":"Capacitor","floor":18.0},{"not_picked":["Gash","Static Discharge","Multi-Cast"],"picked":"SKIP","floor":21.0},{"not_picked":["Ball Lightning","Skim"],"picked":"Cold Snap+1","floor":22.0},{"not_picked":["Rebound","Capacitor+1"],"picked":"Hologram","floor":23.0},{"not_picked":["Redo+1","Leap+1"],"picked":"Recycle","floor":25.0},{"not_picked":["Barrage","Sweeping Beam"],"picked":"Consume","floor":27.0},{"not_picked":["Barrage+1","Static Discharge"],"picked":"Heatsinks","floor":29.0},{"not_picked":["Core Surge","Echo Form"],"picked":"Seek","floor":33.0},{"not_picked":["Chaos+1","Storm+1","Streamline+1"],"picked":"SKIP","floor":35.0},{"not_picked":["Flying Knee","Halt+1"],"picked":"Acrobatics+1","floor":38.0},{"not_picked":["Deflect+1","CutThroughFate+1"],"picked":"Noxious Fumes+1","floor":39.0},{"not_picked":["EmptyFist","Rampage","Acrobatics"],"picked":"SKIP","floor":40.0},{"not_picked":["Iron Wave","Crescendo+1","Conserve Battery"],"picked":"SKIP","floor":42.0},{"not_picked":["FlyingSleeves","Brilliance"],"picked":"Fire Breathing","floor":45.0},{"not_picked":["Sword Boomerang","PiercingWail+1","JustLucky"],"picked":"SKIP","floor":47.0},{"not_picked":["Cloak And Dagger+1","MentalFortress","FollowUp+1"],"picked":"SKIP","floor":48.0},{"not_picked":["MentalFortress","Rebound+1","Havoc+1"],"picked":"SKIP","floor":54},{"not_picked":["MentalFortress","Rebound+1","Havoc+1"],"picked":"SKIP","floor":54}],"player_experience":268178,"relics_obtained":[{"floor":6.0,"key":"Happy Flower"},{"floor":9.0,"key":"MawBank"},{"floor":13.0,"key":"Mummified Hand"},{"floor":23.0,"key":"Eternal Feather"},{"floor":25.0,"key":"White Beast Statue"},{"floor":26.0,"key":"Nunchaku"},{"floor":29.0,"key":"War Paint"},{"floor":40.0,"key":"Du-Vu Doll"},{"floor":45.0,"key":"Centennial Puzzle"},{"floor":48.0,"key":"Oddly Smooth Stone"},{"floor":54,"key":"Pantograph"}],"event_choices":[{"damage_healed":0.0,"max_hp_gain":0.0,"max_hp_loss":0.0,"gold_gain":0.0,"event_name":"Scrap Ooze","player_choice":"Success","floor":3.0,"gold_loss":0.0,"damage_taken":18.0,"relics_obtained":["Symbiotic Virus"]},{"damage_healed":18.0,"max_hp_gain":0.0,"max_hp_loss":0.0,"gold_gain":0.0,"event_name":"The Cleric","player_choice":"Healed","floor":4.0,"gold_loss":35.0,"damage_taken":0.0},{"damage_healed":0.0,"max_hp_gain":0.0,"max_hp_loss":0.0,"gold_gain":75.0,"event_name":"World of Goop","player_choice":"Gather Gold","floor":5.0,"gold_loss":0.0,"damage_taken":11.0},{"damage_healed":0.0,"max_hp_gain":0.0,"max_hp_loss":0.0,"gold_gain":0.0,"cards_transformed":["Strike_B","Strike_B"],"event_name":"Drug Dealer","player_choice":"Became Test Subject","floor":19.0,"gold_loss":0.0,"damage_taken":0.0,"cards_obtained":["Coolheaded","Rainbow"]},{"damage_healed":0.0,"max_hp_gain":0.0,"max_hp_loss":0.0,"gold_gain":100.0,"event_name":"Golden Shrine","player_choice":"Pray","floor":20.0,"gold_loss":0.0,"damage_taken":0.0},{"damage_healed":0.0,"max_hp_gain":0.0,"max_hp_loss":0.0,"gold_gain":0.0,"event_name":"Upgrade Shrine","player_choice":"Upgraded","floor":31.0,"gold_loss":0.0,"damage_taken":0.0,"cards_upgraded":["Heatsinks"]},{"damage_healed":0.0,"max_hp_gain":0.0,"max_hp_loss":0.0,"gold_gain":0.0,"event_name":"Tomb of Lord Red Mask","player_choice":"Ignored","floor":41.0,"gold_loss":0.0,"damage_taken":0.0}],"is_beta":false,"boss_relics":[{"not_picked":["Calling Bell","Velvet Choker"],"picked":"Nuclear Battery"},{"not_picked":["SacredBark","Coffee Dripper"],"picked":"Inserter"}],"items_purged_floors":[36,37,53],"is_endless":false,"potions_floor_spawned":[1,13,14,18,22,25,27,29,33,35,38,39,40,42,45,47,48,54],"ascension_level":9}}