{"host":"kdt6w7ix8lwe69i9","time":1610882126,"event":{"mods":["100% Spire Juice","Bartender","BaseMod","ChefMod","Downfall","Fiend Mod","Jorbs\u0027s Wanderer Trilogy","Minty Spire (QoL Compilation)","Reimu（博丽灵梦）","Robot Space Explorer","Shade Mod","StSLib","The Caster","The Cursed","The Disciple","The Dragon Tamer","The Druid","The Fake Hero","The Forsaken","The Gatherer","The Marked","TheBandit","TheSwordswoman"],"gold_per_floor":[515,3,3,19,19,53,53,53,53,88,88,110,129,404,404,477,477,470,430,447,447,447,447,447,459,507,500,500,125,125,125,125,224,224,242,253,253,267,267,267,302,302,328,328,338,362,362,362,362,359,359,359,66,90,87,87],"floor_reached":55,"language":"ENG","playtime":2605,"items_purged":["Pain","Regret"],"score":1005,"play_id":"b9fe2cf6-a419-42ee-acf8-50e22fa88585","local_time":"20210117061526","is_ascension_mode":false,"campfire_choices":[{"data":"luka_mod:StrikeLuka","floor":7,"key":"SMITH"},{"data":"luka_mod:StrikeLukaOne","floor":11,"key":"SMITH"},{"data":"luka_mod:StrikeLukaTwo","floor":15,"key":"SMITH"},{"floor":23,"key":"RECALL"},{"floor":28,"key":"REST"},{"floor":32,"key":"REST"},{"floor":40,"key":"REST"},{"data":"luka_mod:StrikeLukaFive","floor":42,"key":"SMITH"},{"data":"Transmutation","floor":49,"key":"SMITH"},{"data":"luka_mod:Salamander","floor":52,"key":"SMITH"}],"circlet_count":0,"master_deck":["luka_mod:StrikeLukaOne+1","luka_mod:StrikeLukaTwo+1","luka_mod:StrikeLukaThree+1","luka_mod:StrikeLukaFour","luka_mod:StrikeLukaFive+1","luka_mod:Salt","luka_mod:Guard","luka_mod:Meditation","luka_mod:Surrender","luka_mod:StrikeLuka+1","luka_mod:Salamander+1","luka_mod:VaporizingRebellionSword+1","luka_mod:StrikeLuka+1","luka_mod:WindSlash+1","luka_mod:AlicesGuard","luka_mod:FireSlash+1","luka_mod:NinefoldRakshasa+1","luka_mod:FireSlash+1","luka_mod:AngryLuka+1","luka_mod:BladeOfSolidEarth+1","luka_mod:HeroicStrike+1","luka_mod:StrikeLuka+1","luka_mod:GuardedStrike+1","luka_mod:VaporizingRebellionSword+1","luka_mod:SuperAttack+1","luka_mod:Sara","luka_mod:SuperAttack+1","Necronomicurse","luka_mod:DemonDecapitation+1","luka_mod:SuperAttack+1","luka_mod:EndlessGuard+1","luka_mod:FireSlash+1","luka_mod:GuardTraining+1","luka_mod:Sylph","luka_mod:Struggle+1","luka_mod:UnusedPoison+1","luka_mod:Salamander+1","Bandage Up","Impatience","Transmutation+1","luka_mod:GuardedStrike+1","luka_mod:AngryLuka+1"],"relics":["luka_mod:KeepsakeRing","NeowsBlessing","Mango","Whetstone","YidongShenshe:ReiMu","Lantern","Dream Catcher","Pear","Molten Egg 2","Regal Pillow","Astrolabe","ZunR:ReiMu","StoneCalendar","WarpedTongs","Tiny Chest","Juzu Bracelet","Necronomicon","RedLine:ReiMu","Matryoshka","Bronze Scales","Guardian:PocketSentry","InkBottle","Gambling Chip","Art of War","Eternal Feather","Toolbox","White_Cape"],"acts_visited":["Exordium","TheCity","TheBeyond","TheEnding"],"potions_floor_usage":[10,18,25,33,38,41,41],"damage_taken":[{"damage":0,"enemies":"Small Slimes","floor":1,"turns":1},{"damage":0,"enemies":"Jaw Worm","floor":4,"turns":1},{"damage":0,"enemies":"Lagavulin","floor":6,"turns":1},{"damage":0,"enemies":"3 Sentries","floor":10,"turns":1},{"damage":0,"enemies":"Gremlin Nob","floor":12,"turns":2},{"damage":0,"enemies":"2 Louse","floor":13,"turns":2},{"damage":10,"enemies":"Slime Boss","floor":16,"turns":7},{"damage":10,"enemies":"2 Thieves","floor":18,"turns":3},{"damage":0,"enemies":"Chosen","floor":20,"turns":3},{"damage":9,"enemies":"Book of Stabbing","floor":25,"turns":3},{"damage":14,"enemies":"Centurion and Healer","floor":27,"turns":3},{"damage":0,"enemies":"Champ","floor":33,"turns":3},{"damage":27,"enemies":"3 Shapes","floor":35,"turns":2},{"damage":1,"enemies":"Orb Walker","floor":36,"turns":2},{"damage":25,"enemies":"4 Shapes","floor":38,"turns":3},{"damage":2,"enemies":"Reptomancer","floor":41,"turns":3},{"damage":0,"enemies":"Maw","floor":45,"turns":1},{"damage":0,"enemies":"Giant Head","floor":46,"turns":2},{"damage":51,"enemies":"Awakened One","floor":50,"turns":6},{"damage":28,"enemies":"Shield and Spear","floor":54,"turns":2},{"damage":88,"enemies":"The Heart","floor":55,"turns":3}],"seed_played":"-2980134998387389007","potions_obtained":[{"floor":4,"key":"DistilledChaos"},{"floor":12,"key":"Regen Potion"},{"floor":16,"key":"AttackPotion"},{"floor":27,"key":"AttackPotion"},{"floor":33,"key":"champ:CounterPotion"},{"floor":35,"key":"hexamod:SoulburnPotion"},{"floor":38,"key":"LiquidMemories"}],"is_trial":false,"path_per_floor":["M","$","?","M","?","E","R","T","T","E","R","E","M","?","R","B",null,"M","?","M","?","T","R","?","E","T","M","R","$","?","?","R","B",null,"M","M","T","M","?","R","E","R","T","?","M","E","?","T","R","B",null,"R","$","E","B"],"character_chosen":"LUKA_CLASS","items_purchased":["Mango","Whetstone","luka_mod:Salamander","Juzu Bracelet","luka_mod:Sara","luka_mod:SuperAttack+1","Toolbox","luka_mod:GuardedStrike+1"],"campfire_rested":3,"item_purchase_floors":[2,2,2,29,29,29,53,53],"current_hp_per_floor":[40,54,49,49,49,49,49,49,59,59,59,59,59,59,59,49,64,64,64,64,53,53,53,53,49,49,35,69,69,69,53,69,69,69,42,69,69,44,44,69,67,67,67,67,67,67,57,57,69,22,69,69,69,41,0,0],"gold":87,"neow_bonus":"THREE_ENEMY_KILL","is_daily":false,"chose_seed":false,"campfire_upgraded":6,"win_rate":0.0,"timestamp":1610882126,"path_taken":["M","$","?","M","?","E","R","?","T","E","R","E","M","?","R","BOSS","M","?","M","?","?","R","?","E","T","?","R","$","?","?","R","BOSS","M","M","?","M","?","R","E","R","T","?","M","E","?","?","R","BOSS","R","$","E","BOSS"],"items_purchased_type":["Relic","Relic","Card","Relic","Card","Card","Relic","Card"],"build_version":"2020-12-22","purchased_purges":2,"victory":false,"max_hp_per_floor":[40,54,54,54,54,54,54,54,64,64,64,64,64,64,64,64,64,64,64,64,69,69,69,69,69,69,69,69,69,69,69,69,69,69,69,69,69,69,69,69,69,69,69,69,69,69,69,69,69,69,69,69,69,69,69,69],"card_choices":[{"not_picked":["luka_mod:Calm","luka_mod:FlashKill"],"picked":"luka_mod:StrikeLuka","floor":1},{"not_picked":["luka_mod:PrayToIlias","luka_mod:SpoilerDance"],"picked":"luka_mod:VaporizingRebellionSword","floor":4},{"not_picked":["luka_mod:DemonSkullBeheading","luka_mod:PrayToIlias"],"picked":"luka_mod:StrikeLuka","floor":6},{"not_picked":["luka_mod:HeroicStrike+1","luka_mod:Overexert+1"],"picked":"luka_mod:WindSlash+1","floor":10},{"not_picked":["luka_mod:PrayToIlias","luka_mod:StressRelief+1"],"picked":"luka_mod:AlicesGuard","floor":12},{"not_picked":["luka_mod:FlashKill+1","luka_mod:NotVerySharp"],"picked":"luka_mod:FireSlash+1","floor":13},{"not_picked":["luka_mod:SuperAttack+1","luka_mod:Daystar"],"picked":"luka_mod:NinefoldRakshasa+1","floor":16},{"not_picked":["luka_mod:DemonSkullBeheading+1","luka_mod:Undine"],"picked":"luka_mod:HeroicStrike+1","floor":18},{"not_picked":["luka_mod:DemonDecapitation+1","luka_mod:IliasesJudgement+1"],"picked":"luka_mod:StrikeLuka+1","floor":20},{"not_picked":["luka_mod:DemonDecapitation+1","luka_mod:Sylph+1"],"picked":"luka_mod:GuardedStrike+1","floor":25},{"not_picked":["luka_mod:LightningSwordFlash+1","luka_mod:BladeOfHowlingWind+1"],"picked":"luka_mod:VaporizingRebellionSword+1","floor":27},{"not_picked":["luka_mod:CriticalHit+1","luka_mod:SmallBody"],"picked":"luka_mod:SuperAttack+1","floor":28},{"not_picked":["luka_mod:StressRelief+1","luka_mod:Struggle"],"picked":"luka_mod:DemonDecapitation+1","floor":32},{"not_picked":["luka_mod:Ora+1","luka_mod:AlicesFist+1"],"picked":"luka_mod:SuperAttack+1","floor":33},{"not_picked":["luka_mod:PerfectTiming+1","luka_mod:Feel+1"],"picked":"luka_mod:EndlessGuard+1","floor":35},{"not_picked":["luka_mod:IliasesJudgement+1","luka_mod:WindSlash+1"],"picked":"luka_mod:FireSlash+1","floor":36},{"not_picked":["luka_mod:Sylph","luka_mod:OiAlice"],"picked":"luka_mod:GuardTraining+1","floor":38},{"not_picked":["luka_mod:IliasesJudgement+1","luka_mod:Feel+1"],"picked":"luka_mod:Sylph","floor":40},{"not_picked":["luka_mod:Overexert+1","luka_mod:BegIlias+1"],"picked":"luka_mod:Struggle+1","floor":41},{"not_picked":["luka_mod:Sensitive","luka_mod:FlashKill+1"],"picked":"luka_mod:UnusedPoison+1","floor":45},{"not_picked":["luka_mod:Intense+1","luka_mod:FlashKill+1"],"picked":"luka_mod:Salamander","floor":46},{"not_picked":["Finesse","Jack Of All Trades"],"picked":"Bandage Up","floor":47},{"not_picked":["Bandage Up","Forethought"],"picked":"Impatience","floor":47},{"not_picked":["Dark Shackles","Enlightenment"],"picked":"Transmutation","floor":47},{"not_picked":["luka_mod:Request+1","luka_mod:StrikeLuka+1"],"picked":"luka_mod:AngryLuka+1","floor":54}],"player_experience":1842031,"relics_obtained":[{"floor":6,"key":"Lantern"},{"floor":8,"key":"Dream Catcher"},{"floor":9,"key":"Pear"},{"floor":10,"key":"Molten Egg 2"},{"floor":12,"key":"Regal Pillow"},{"floor":22,"key":"StoneCalendar"},{"floor":25,"key":"Tiny Chest"},{"floor":31,"key":"Necronomicon"},{"floor":37,"key":"Matryoshka"},{"floor":41,"key":"Bronze Scales"},{"floor":43,"key":"Guardian:PocketSentry"},{"floor":43,"key":"InkBottle"},{"floor":46,"key":"Gambling Chip"},{"floor":48,"key":"Art of War"},{"floor":48,"key":"Eternal Feather"},{"floor":54,"key":"White_Cape"}],"event_choices":[{"damage_healed":0,"gold_gain":0,"player_choice":"Take Tiny Shrine away","damage_taken":0,"relics_obtained":["YidongShenshe:ReiMu"],"max_hp_gain":0,"max_hp_loss":0,"event_name":"yidonshenshe","floor":5,"gold_loss":0,"cards_obtained":["Poor:ReiMu"]},{"damage_healed":0,"gold_gain":275,"player_choice":"Desecrate","damage_taken":0,"max_hp_gain":0,"max_hp_loss":0,"event_name":"Golden Shrine","floor":14,"gold_loss":0,"cards_obtained":["Regret"]},{"damage_healed":0,"gold_gain":0,"player_choice":"Keep O-miki","damage_taken":0,"relics_obtained":["ZunR:ReiMu"],"max_hp_gain":0,"max_hp_loss":0,"event_name":"ZunEvent","floor":19,"gold_loss":40},{"damage_healed":0,"gold_gain":0,"player_choice":"Shed Blood","damage_taken":16,"max_hp_gain":5,"max_hp_loss":0,"event_name":"Forgotten Altar","floor":21,"gold_loss":0},{"damage_healed":0,"gold_gain":0,"player_choice":"Rummage","damage_taken":0,"relics_obtained":["WarpedTongs"],"max_hp_gain":0,"max_hp_loss":0,"event_name":"Accursed Blacksmith","floor":24,"gold_loss":0,"cards_obtained":["Pain"]},{"cards_removed":["Poor:ReiMu"],"damage_healed":0,"gold_gain":0,"player_choice":"Elegance","damage_taken":0,"max_hp_gain":0,"max_hp_loss":0,"event_name":"Back to Basics","floor":30,"gold_loss":0},{"damage_healed":0,"gold_gain":0,"player_choice":"Obtained Book","damage_taken":16,"max_hp_gain":0,"max_hp_loss":0,"event_name":"Cursed Tome","floor":31,"gold_loss":0},{"damage_healed":0,"gold_gain":0,"player_choice":"Upgraded","damage_taken":0,"max_hp_gain":0,"max_hp_loss":0,"event_name":"Upgrade Shrine","floor":39,"gold_loss":0,"cards_upgraded":["luka_mod:VaporizingRebellionSword"]},{"damage_healed":0,"gold_gain":0,"player_choice":"Ignored","damage_taken":0,"max_hp_gain":0,"max_hp_loss":0,"event_name":"Tomb of Lord Red Mask","floor":44,"gold_loss":0},{"damage_healed":0,"gold_gain":0,"player_choice":"Memory 3","damage_taken":10,"max_hp_gain":0,"max_hp_loss":0,"event_name":"SensoryStone","floor":47,"gold_loss":0}],"is_beta":false,"boss_relics":[{"not_picked":["Snecko Eye","Sozu"],"picked":"Astrolabe"},{"not_picked":["Cursed Key","Fiend:Scarf"],"picked":"RedLine:ReiMu"}],"items_purged_floors":[29,53],"is_endless":false,"potions_floor_spawned":[4,12,16,27,33,35,38],"killed_by":"The Heart","ascension_level":0}}