{"host":"c3lc60y5x60jlt1y","time":1610916198,"event":{"mods":["AchievementEnabler","BaseMod","Bestiary","Colored Map","Minty Spire (QoL Compilation)","Quick Restart","StSLib","ojb\u0027s Info Mod"],"gold_per_floor":[119,119,44,57,57,57,5,49,49,49,88,88,131,131,131,256,256,269,293,312,312,36,80,80,123,146,177,177,177,201,214,214,335,335,360,360,426,449,512,553,553,593,675,698,1031,1031,1063,379,379,379],"floor_reached":51,"language":"ENG","playtime":6740,"items_purged":["Strike_B","Strike_B"],"score":1308,"play_id":"a1b48c15-866b-4bdd-9ca4-1af67975847c","local_time":"20210117224318","is_ascension_mode":true,"campfire_choices":[{"data":"Chill","floor":6.0,"key":"SMITH"},{"data":"Sunder","floor":10.0,"key":"SMITH"},{"data":"Coolheaded","floor":12.0,"key":"SMITH"},{"data":"Zap","floor":15.0,"key":"SMITH"},{"floor":24.0,"key":"REST"},{"floor":32.0,"key":"REST"},{"floor":41,"key":"REST"},{"data":"Echo Form","floor":46,"key":"SMITH"},{"data":"Hologram","floor":49,"key":"SMITH"}],"circlet_count":0,"master_deck":["AscendersBane","Defend_B","Defend_B","Defend_B","Zap+1","Dualcast","Chill+1","Doom and Gloom","Hologram+1","Sunder+1","Coolheaded+1","Darkness","All For One","Auto Shields+1","Fusion+1","Beam Cell+1","Beam Cell+1","Turbo","Echo Form+1","Go for the Eyes","Hologram","Defragment","Skim+1","Reboot","Turbo+1","BootSequence+1","Coolheaded+1","Leap+1","Self Repair+1","Beam Cell+1","Reboot","Good Instincts"],"relics":["Cracked Core","NeowsBlessing","Dream Catcher","Singing Bowl","Bottled Lightning","Matryoshka","Bag of Preparation","Nuclear Battery","Cables","Ancient Tea Set","White Beast Statue","Letter Opener","Bag of Marbles","Juzu Bracelet","Sozu","TungstenRod","Dead Branch","Toy Ornithopter","Mummified Hand","Question Card","Bottled Flame","Blue Candle","Gremlin Horn","Sundial"],"acts_visited":["Exordium","TheCity","TheBeyond"],"potions_floor_usage":[33,47],"damage_taken":[{"damage":0.0,"enemies":"Cultist","floor":1.0,"turns":1.0},{"damage":0.0,"enemies":"2 Louse","floor":4.0,"turns":1.0},{"damage":0.0,"enemies":"Gremlin Nob","floor":8.0,"turns":1.0},{"damage":8.0,"enemies":"3 Sentries","floor":11.0,"turns":8.0},{"damage":22.0,"enemies":"Gremlin Nob","floor":13.0,"turns":4.0},{"damage":27.0,"enemies":"Hexaghost","floor":16.0,"turns":9.0},{"damage":8.0,"enemies":"Shell Parasite","floor":18.0,"turns":4.0},{"damage":10.0,"enemies":"3 Byrds","floor":19.0,"turns":4.0},{"damage":16.0,"enemies":"Cultist and Chosen","floor":20.0,"turns":6.0},{"damage":19.0,"enemies":"Book of Stabbing","floor":23.0,"turns":4.0},{"damage":0.0,"enemies":"Gremlin Leader","floor":25.0,"turns":4.0},{"damage":2.0,"enemies":"Slavers","floor":27.0,"turns":2.0},{"damage":0.0,"enemies":"Snake Plant","floor":30.0,"turns":2.0},{"damage":5.0,"enemies":"Snecko","floor":31.0,"turns":3.0},{"damage":32,"enemies":"Collector","floor":33,"turns":8},{"damage":0,"enemies":"3 Shapes","floor":35,"turns":3},{"damage":1,"enemies":"2 Orb Walkers","floor":37,"turns":4},{"damage":0,"enemies":"3 Darklings","floor":38,"turns":4},{"damage":9,"enemies":"Mind Bloom Boss Battle","floor":39,"turns":6},{"damage":21,"enemies":"Nemesis","floor":40,"turns":9},{"damage":0,"enemies":"Reptomancer","floor":42,"turns":5},{"damage":0,"enemies":"Maw","floor":44,"turns":6},{"damage":0,"enemies":"Nemesis","floor":47,"turns":3},{"damage":14,"enemies":"Donu and Deca","floor":50,"turns":8}],"seed_played":"5141570625968324959","potions_obtained":[{"floor":1.0,"key":"Weak Potion"},{"floor":8.0,"key":"Ancient Potion"},{"floor":11.0,"key":"BlessingOfTheForge"},{"floor":16.0,"key":"DistilledChaos"},{"floor":20.0,"key":"SpeedPotion"},{"floor":25.0,"key":"GamblersBrew"},{"floor":30.0,"key":"Strength Potion"},{"floor":31.0,"key":"PotionOfCapacity"},{"floor":33,"key":"EssenceOfDarkness"}],"is_trial":false,"path_per_floor":["M","?","$","M","?","R","$","E","T","R","E","R","E","?","R","B",null,"M","M","M","?","$","E","R","E","T","E","?","?","M","M","R","B",null,"M","?","?","M","?","E","R","E","T","M","?","R","E","$","R","B",null],"character_chosen":"DEFECT","items_purchased":["Hologram","Turbo","Cables","Gremlin Horn","Sundial","Good Instincts"],"campfire_rested":3,"item_purchase_floors":[7,22,22,48,48,48],"current_hp_per_floor":[68,61,61,61,61,61,61,61,61,61,53,53,33,33,33,6,55,47,37,21,21,21,2,25,25,25,23,23,23,25,20,42,10,59,59,59,58,58,49,28,52,62,62,74,74,74,79,79,79,75],"gold":379,"neow_bonus":"THREE_ENEMY_KILL","is_daily":false,"chose_seed":false,"campfire_upgraded":6,"win_rate":0.0,"timestamp":1610916198,"path_taken":["M","?","$","M","?","R","?","E","T","R","E","R","E","?","R","BOSS","M","M","M","?","$","E","R","E","T","E","?","?","M","M","R","BOSS","M","?","?","M","?","E","R","E","T","M","?","R","E","$","R","BOSS"],"items_purchased_type":["Card","Card","Relic","Relic","Relic","Card"],"build_version":"2020-12-22","purchased_purges":2,"victory":true,"max_hp_per_floor":[75,75,75,75,69,69,69,69,69,69,69,69,71,71,71,71,71,71,71,71,71,71,71,73,73,73,73,73,73,75,75,75,75,75,75,75,75,75,75,75,77,77,77,79,79,79,79,79,79,79],"card_choices":[{"not_picked":["Compile Driver","Stack"],"picked":"Chill","floor":1.0},{"not_picked":["Gash","Cold Snap"],"picked":"Doom and Gloom","floor":4.0},{"not_picked":["Sweeping Beam","Loop"],"picked":"Sunder","floor":8.0},{"not_picked":["Hologram","Beam Cell"],"picked":"Coolheaded","floor":11.0},{"not_picked":["Sweeping Beam","Darkness","Gash"],"picked":"Singing Bowl","floor":13.0},{"not_picked":["Fission","Core Surge"],"picked":"All For One","floor":16.0},{"not_picked":["Melter","Rip and Tear"],"picked":"Auto Shields+1","floor":18.0},{"not_picked":["Consume","Ball Lightning"],"picked":"Fusion+1","floor":19.0},{"not_picked":["Storm+1","Recycle"],"picked":"Beam Cell+1","floor":20.0},{"not_picked":["Conserve Battery","Steam"],"picked":"Echo Form","floor":23.0},{"not_picked":["Loop","Ball Lightning","Lockon+1"],"picked":"Singing Bowl","floor":24.0},{"not_picked":["Scrape+1","Coolheaded+1"],"picked":"Go for the Eyes","floor":25.0},{"not_picked":["Rebound","Reinforced Body+1"],"picked":"Hologram","floor":27.0},{"not_picked":["Compile Driver","Ball Lightning","Blizzard"],"picked":"Singing Bowl","floor":30.0},{"not_picked":["Sweeping Beam","Rainbow"],"picked":"Defragment","floor":31.0},{"not_picked":["Barrage","White Noise+1"],"picked":"Skim+1","floor":32.0},{"not_picked":["Thunder Strike","Rainbow"],"picked":"Reboot","floor":33},{"not_picked":["Genetic Algorithm+1","Chaos+1"],"picked":"Turbo+1","floor":35},{"not_picked":["Ball Lightning","Steam+1"],"picked":"BootSequence+1","floor":37},{"not_picked":["Beam Cell+1","Rebound"],"picked":"Coolheaded+1","floor":38},{"not_picked":["Fusion+1","Go for the Eyes+1"],"picked":"Leap+1","floor":39},{"not_picked":["Aggregate+1","Static Discharge"],"picked":"Self Repair+1","floor":40},{"not_picked":["Heatsinks","Cold Snap","Sunder"],"picked":"Singing Bowl","floor":41},{"not_picked":["Steam+1","Hologram"],"picked":"Beam Cell+1","floor":42},{"not_picked":["Conserve Battery","Static Discharge","Steam+1","Heatsinks+1"],"picked":"Singing Bowl","floor":44},{"not_picked":["Doom and Gloom+1","Skim+1","Chill+1"],"picked":"Reboot","floor":47}],"player_experience":8145874,"relics_obtained":[{"floor":8.0,"key":"Singing Bowl"},{"floor":9.0,"key":"Bottled Lightning"},{"floor":11.0,"key":"Matryoshka"},{"floor":13.0,"key":"Bag of Preparation"},{"floor":23.0,"key":"Ancient Tea Set"},{"floor":25.0,"key":"White Beast Statue"},{"floor":26.0,"key":"Letter Opener"},{"floor":26.0,"key":"Bag of Marbles"},{"floor":27.0,"key":"Juzu Bracelet"},{"floor":37,"key":"TungstenRod"},{"floor":39,"key":"Dead Branch"},{"floor":40,"key":"Toy Ornithopter"},{"floor":42,"key":"Mummified Hand"},{"floor":43,"key":"Question Card"},{"floor":43,"key":"Bottled Flame"},{"floor":47,"key":"Blue Candle"}],"event_choices":[{"damage_healed":0.0,"max_hp_gain":0.0,"max_hp_loss":0.0,"gold_gain":0.0,"event_name":"Scrap Ooze","player_choice":"Success","floor":2.0,"gold_loss":0.0,"damage_taken":7.0,"relics_obtained":["Dream Catcher"]},{"damage_healed":0.0,"max_hp_gain":0.0,"max_hp_loss":6.0,"gold_gain":0.0,"event_name":"Golden Idol","player_choice":"Lose Max HP","floor":5.0,"gold_loss":0.0,"damage_taken":0.0,"relics_obtained":["Golden Idol"]},{"damage_healed":0.0,"max_hp_gain":0.0,"max_hp_loss":0.0,"gold_gain":0.0,"cards_transformed":["Strike_B"],"event_name":"Living Wall","player_choice":"Change","floor":14.0,"gold_loss":0.0,"damage_taken":0.0,"cards_obtained":["Darkness"]},{"damage_healed":0.0,"max_hp_gain":0.0,"max_hp_loss":0.0,"gold_gain":0.0,"event_name":"Duplicator","player_choice":"Copied","floor":21.0,"gold_loss":0.0,"damage_taken":0.0,"cards_obtained":["Beam Cell"]},{"damage_healed":0.0,"max_hp_gain":0.0,"max_hp_loss":0.0,"gold_gain":0.0,"event_name":"Vampires","player_choice":"Ignored","floor":28.0,"gold_loss":0.0,"damage_taken":0.0},{"cards_removed":["Strike_B"],"damage_healed":0.0,"max_hp_gain":0.0,"max_hp_loss":0.0,"gold_gain":0.0,"event_name":"Back to Basics","player_choice":"Elegance","floor":29.0,"gold_loss":0.0,"damage_taken":0.0},{"cards_removed":["Defend_B"],"damage_healed":0,"gold_gain":0,"player_choice":"Removed Skill","damage_taken":0,"max_hp_gain":0,"max_hp_loss":0,"event_name":"Falling","floor":36,"gold_loss":0},{"damage_healed":0,"gold_gain":0,"player_choice":"Fight","damage_taken":0,"max_hp_gain":0,"max_hp_loss":0,"event_name":"Mysterious Sphere","floor":37,"gold_loss":0},{"damage_healed":0,"gold_gain":0,"player_choice":"Fight","damage_taken":0,"max_hp_gain":0,"max_hp_loss":0,"event_name":"MindBloom","floor":39,"gold_loss":0},{"damage_healed":0,"gold_gain":333,"player_choice":"Gave Idol","damage_taken":0,"max_hp_gain":0,"max_hp_loss":0,"event_name":"The Moai Head","floor":45,"relics_lost":["Golden Idol"],"gold_loss":0}],"is_beta":false,"boss_relics":[{"not_picked":["Inserter","FrozenCore"],"picked":"Nuclear Battery"},{"not_picked":["Runic Dome","Snecko Eye"],"picked":"Sozu"}],"items_purged_floors":[3,48],"is_endless":false,"potions_floor_spawned":[1,8,11,16,20,25,27,30,31,33,35,37,38,39,40,42,44,47],"ascension_level":10}}