{"host":"8n2lgrrkrt9pi315","time":1610887323,"event":{"mods":["BaseMod","Colored Map","Downfall","Minty Spire (QoL Compilation)","StSLib","The Cursed"],"gold_per_floor":[99,112,112,142,160,185,185,197,197,229,229,239,239,256,271,271,271,271],"floor_reached":16,"language":"ENG","playtime":750,"items_purged":[],"score":112,"play_id":"3f790bfe-1265-4b0a-a79e-73b556019aec","local_time":"20210117134203","is_ascension_mode":false,"campfire_choices":[{"data":"Guardian:TwinSlam","floor":1,"key":"SMITH"},{"data":"Guardian:DonusPower","floor":11,"key":"SMITH"},{"data":"Guardian:CurlUp","floor":13,"key":"SMITH"}],"circlet_count":0,"master_deck":["Guardian:Strike_Guardian","Guardian:Strike_Guardian","Guardian:Strike_Guardian","Guardian:Strike_Guardian","Guardian:Defend_Guardian","Guardian:Defend_Guardian","Guardian:Defend_Guardian","Guardian:Defend_Guardian","Guardian:CurlUp+1","Guardian:TwinSlam+1","Guardian:DonusPower+1","Guardian:SpikerProtocol","Guardian:ExploitGems","Guardian:PrismaticBarrier","Guardian:Gem_Cyan"],"relics":["Guardian:ModeShifter","StoneCalendar","Sundial","Toy Ornithopter"],"acts_visited":["Exordium"],"potions_floor_usage":[12,16],"damage_taken":[{"damage":0,"enemies":"Small Slimes","floor":2,"turns":4},{"damage":7,"enemies":"Jaw Worm","floor":5,"turns":4},{"damage":14,"enemies":"Gremlin Nob","floor":6,"turns":5},{"damage":7,"enemies":"2 Louse","floor":8,"turns":3},{"damage":18,"enemies":"Lagavulin","floor":10,"turns":7},{"damage":12,"enemies":"Exordium Thugs","floor":12,"turns":7},{"damage":6,"enemies":"Red Slaver","floor":14,"turns":6},{"damage":4,"enemies":"Exordium Wildlife","floor":15,"turns":4},{"damage":41,"enemies":"SI_SHIV_ARCHETYPE","floor":16,"turns":8}],"seed_played":"4061445906997746510","potions_obtained":[{"floor":2,"key":"Dexterity Potion"},{"floor":10,"key":"DistilledChaos"},{"floor":15,"key":"Guardian:BlockOnCardUsePotion"}],"is_trial":false,"path_per_floor":["R","M","?","?","M","E","T","M","?","E","R","M","R","M","M","B"],"character_chosen":"GUARDIAN","items_purchased":[],"campfire_rested":0,"item_purchase_floors":[],"current_hp_per_floor":[88,88,93,93,86,72,72,65,65,47,47,40,40,34,30,0,0,0],"gold":271,"neow_bonus":"TEN_PERCENT_HP_BONUS","is_daily":false,"chose_seed":false,"campfire_upgraded":3,"win_rate":0.0,"timestamp":1610887323,"path_taken":["R","M","?","?","M","E","T","M","?","E","R","M","R","?","M","BOSS"],"items_purchased_type":[],"build_version":"2020-12-22","purchased_purges":0,"victory":false,"max_hp_per_floor":[88,88,93,93,93,93,93,93,93,93,93,93,93,93,93,93,93,93],"card_choices":[{"not_picked":["Guardian:Gem_Yellow","Guardian:Planning"],"picked":"Guardian:Gem_Lightblue","floor":2},{"not_picked":["Guardian:Planning","Guardian:Emergency"],"picked":"Guardian:Gem_White","floor":5},{"not_picked":["Guardian:WalkerClaw","Guardian:Gem_Blue"],"picked":"Guardian:DonusPower","floor":6},{"not_picked":["Guardian:Harden","Guardian:WalkerClaw"],"picked":"Guardian:SpikerProtocol","floor":8},{"not_picked":["Guardian:Reroute","Guardian:Gem_White"],"picked":"Guardian:ExploitGems","floor":10},{"not_picked":["Guardian:Suspension","Guardian:BronzeArmor"],"picked":"Guardian:PrismaticBarrier","floor":12},{"not_picked":["Guardian:EvasiveProtocol","Guardian:PiercingHide"],"picked":"Guardian:Gem_Cyan","floor":14},{"not_picked":["Guardian:PiercingHide","Guardian:WalkerClaw","Guardian:Harden"],"picked":"SKIP","floor":15}],"player_experience":68130,"relics_obtained":[{"floor":6,"key":"StoneCalendar"},{"floor":7,"key":"Sundial"},{"floor":10,"key":"Toy Ornithopter"}],"event_choices":[{"damage_healed":0,"gold_gain":0,"player_choice":"Donut","damage_taken":0,"max_hp_gain":5,"max_hp_loss":0,"event_name":"Big Fish","floor":3,"gold_loss":0},{"damage_healed":0,"gold_gain":0,"player_choice":"Ignored","damage_taken":0,"max_hp_gain":0,"max_hp_loss":0,"event_name":"NoteForYourself","floor":9,"gold_loss":0}],"is_beta":false,"boss_relics":[],"items_purged_floors":[],"is_endless":false,"potions_floor_spawned":[2,10,15],"killed_by":"SI_SHIV_ARCHETYPE","ascension_level":0}}