{"host":"li2oyy8xcjugrjw6","time":1610860247,"event":{"mods":["AchievementEnabler","BaseMod","Colored Map","Minty Spire (QoL Compilation)","Permanent Neow","Replay The Spire","StSLib"],"gold_per_floor":[119,12,62,62,74,108,108,136,182,182,25,25,40,66,66,171,171,185,100,100,100,116,141,141,164,164,175,192,204,204,232,232,333,333,344,344,344,247,30,30,62,78,158,189,200,200,228,241,241,241,241],"floor_reached":50,"language":"ENG","playtime":26508,"items_purged":[],"score":1001,"play_id":"e03f2c55-6158-4a89-96a0-8a5a8fa13072","local_time":"20210116211047","is_ascension_mode":true,"campfire_choices":[{"data":"Perfected Strike","floor":7.0,"key":"SMITH"},{"data":"Perfected Strike","floor":10.0,"key":"SMITH"},{"data":"Armaments","floor":12.0,"key":"SMITH"},{"data":"Perfected Strike","floor":15.0,"key":"SMITH"},{"data":"Armaments","floor":24.0,"key":"SMITH"},{"data":"Pot Of Greed","floor":30.0,"key":"SMITH"},{"data":"Pot Of Greed","floor":32.0,"key":"SMITH"},{"data":"Pot Of Greed","floor":40.0,"key":"SMITH"},{"data":"Pot Of Greed","floor":46.0,"key":"SMITH"},{"floor":49.0,"key":"RECALL"}],"circlet_count":0,"master_deck":["AscendersBane","Strike_R","Strike_R","Strike_R+1","Strike_R+1","Defend_R","Defend_R","Defend_R+1","Defend_R+1","Bash","Clothesline","Perfected Strike+1","Perfected Strike+1","Shockwave","ReplayTheSpireMod:LeadingStrike","Combust","Perfected Strike+1","Spot Weakness","Shrug It Off","Twin Strike","Armaments+1","Rupture","ReplayTheSpireMod:Muscle Training","Pot Of Greed+1","Pot Of Greed+1","Pot Of Greed+1","Impervious","Armaments+1","Replay:Bootleg Shield Generator","Twin Strike","Reaper","Shrug It Off","Heavy Blade+1","Replay:Undeath\u0027s Touch+1","Double Tap","Metallicize+1","Metallicize+1","Parasite","Pot Of Greed+1","Whirlwind","Spot Weakness"],"relics":["Coffee Dripper","Anchor","Gremlin Food","Replay:Wax Seal","Whetstone","Orrery","Grinning Jar","SlaversCollar","Replay:Accelerometer","MutagenicStrength","Toy Ornithopter","War Paint","Frozen Egg 2","Sundial","Replay:Bronze Core","Boot","Lantern","Ancient Tea Set","Bag of Preparation","Golden Egg"],"acts_visited":["Exordium","TheCity","TheBeyond"],"potions_floor_usage":[50],"damage_taken":[{"damage":0.0,"enemies":"2 Louse","floor":1.0,"turns":3.0},{"damage":0.0,"enemies":"Jaw Worm","floor":5.0,"turns":2.0},{"damage":10.0,"enemies":"Lagavulin","floor":6.0,"turns":4.0},{"damage":0.0,"enemies":"3 Sentries","floor":8.0,"turns":5.0},{"damage":0.0,"enemies":"Cultist","floor":13.0,"turns":2.0},{"damage":3.0,"enemies":"Gremlin Nob","floor":14.0,"turns":3.0},{"damage":44.0,"enemies":"Fading Forest","floor":16.0,"turns":11.0},{"damage":7.0,"enemies":"Spheric Guardian","floor":18.0,"turns":3.0},{"damage":3.0,"enemies":"2 Thieves","floor":22.0,"turns":3.0},{"damage":5.0,"enemies":"Gremlin Leader","floor":23.0,"turns":4.0},{"damage":13.0,"enemies":"Centurion and Healer","floor":27.0,"turns":4.0},{"damage":8.0,"enemies":"Cultist and Chosen","floor":28.0,"turns":5.0},{"damage":8.0,"enemies":"3 Cultists","floor":29.0,"turns":5.0},{"damage":6.0,"enemies":"Slavers","floor":31.0,"turns":5.0},{"damage":53.0,"enemies":"Automaton","floor":33.0,"turns":7.0},{"damage":0.0,"enemies":"Orb Walker","floor":35.0,"turns":2.0},{"damage":18.0,"enemies":"Nemesis","floor":41.0,"turns":4.0},{"damage":8.0,"enemies":"3 Shapes","floor":42.0,"turns":4.0},{"damage":4.0,"enemies":"Reptomancer","floor":44.0,"turns":5.0},{"damage":35.0,"enemies":"Writhing Mass","floor":45.0,"turns":4.0},{"damage":19.0,"enemies":"Nemesis","floor":47.0,"turns":5.0},{"damage":18.0,"enemies":"3 Darklings","floor":48.0,"turns":5.0},{"damage":40,"enemies":"Replay:Hell Engine","floor":50,"turns":3}],"seed_played":"194704618143114385","potions_obtained":[{"floor":5.0,"key":"SteroidPotion"},{"floor":8.0,"key":"FearPotion"},{"floor":14.0,"key":"BloodPotion"},{"floor":16.0,"key":"BloodPotion"},{"floor":27.0,"key":"Milkshake"},{"floor":28.0,"key":"Fire Potion"},{"floor":31.0,"key":"ElixirPotion"},{"floor":33.0,"key":"Strength Potion"},{"floor":41.0,"key":"Regen Potion"},{"floor":44.0,"key":"Dexterity Potion"}],"is_trial":false,"path_per_floor":["M","$","?","?","M","E","R","E","T","R","$","R","M","E","R","B",null,"M","?","?","?","M","E","R","T","T","M","M","M","R","E","R","B",null,"M","?","?","?","$","R","E","M","T","E","M","R","E","M","R_BF","B"],"character_chosen":"IRONCLAD","items_purchased":["Perfected Strike","Shockwave","Orrery","Metallicize+1","Lantern"],"campfire_rested":0,"item_purchase_floors":[2,2,11,39,39],"current_hp_per_floor":[72,72,72,69,69,59,59,59,59,59,59,59,59,56,56,12,63,56,56,56,56,53,48,48,48,48,35,62,59,59,74,74,48,72,72,72,72,72,72,72,54,68,68,69,34,34,34,35,35,0,0],"gold":241,"neow_bonus":"BOSS_RELIC","is_daily":false,"chose_seed":false,"campfire_upgraded":9,"win_rate":0.0,"timestamp":1610860247,"path_taken":["M","$","?","?","?","E","R","E","T","R","$","R","M","E","R","BOSS","M","?","?","?","?","E","R","?","T","M","M","M","R","E","R","BOSS","M","?","?","?","$","R","E","M","T","E","?","R","E","M","R_BF","BOSS"],"items_purchased_type":["Card","Card","Relic","Card","Relic"],"build_version":"2020-12-22","purchased_purges":0,"victory":false,"max_hp_per_floor":[80,80,80,80,80,80,80,80,80,80,80,80,80,80,80,80,80,80,80,80,80,80,80,80,80,80,80,80,80,80,80,80,80,80,80,80,76,76,76,76,76,76,76,76,76,76,76,76,76,76,76],"card_choices":[{"not_picked":["Sword Boomerang","Sentinel"],"picked":"Clothesline","floor":1.0},{"not_picked":["ReplayTheSpireMod:Strike From Hell","Dropkick"],"picked":"ReplayTheSpireMod:LeadingStrike","floor":5.0},{"not_picked":["Dropkick","Second Wind"],"picked":"Combust","floor":6.0},{"not_picked":["Body Slam","Clash"],"picked":"Perfected Strike","floor":8.0},{"not_picked":["Pommel Strike","Evolve"],"picked":"Spot Weakness","floor":11.0},{"not_picked":["Life Link","Flex"],"picked":"Shrug It Off","floor":11.0},{"not_picked":["Replay:Many Hands","Body Slam"],"picked":"Twin Strike","floor":11.0},{"not_picked":["Wild Strike","Sword Boomerang"],"picked":"Armaments","floor":11.0},{"not_picked":["Armaments","Pummel"],"picked":"Rupture","floor":13.0},{"not_picked":["ReplayTheSpireMod:Corrosion Curse","ReplayTheSpireMod:Strike From Hell"],"picked":"ReplayTheSpireMod:Muscle Training","floor":14.0},{"not_picked":["Brutality","Barricade"],"picked":"Impervious","floor":16.0},{"not_picked":["Havoc+1","Run Through"],"picked":"Armaments","floor":18.0},{"not_picked":["Warcry+1","ReplayTheSpireMod:Strike From Hell"],"picked":"Twin Strike","floor":22.0},{"not_picked":["Juggernaut","Pummel+1"],"picked":"Reaper","floor":23.0},{"not_picked":["Flex","ReplayTheSpireMod:Limb From Limb+1"],"picked":"Shrug It Off","floor":27.0},{"not_picked":["Body Slam","Clash"],"picked":"Heavy Blade+1","floor":28.0},{"not_picked":["Havoc","Cleave","Sentinel+1"],"picked":"SKIP","floor":29.0},{"not_picked":["Wild Strike","Havoc"],"picked":"Replay:Undeath\u0027s Touch+1","floor":31.0},{"not_picked":["Corruption+1","Barricade+1"],"picked":"Double Tap","floor":33.0},{"not_picked":["Cleave","Rupture+1","Wild Strike"],"picked":"SKIP","floor":35.0},{"not_picked":["Intimidate","Replay:Many Hands","Thunderclap"],"picked":"SKIP","floor":41.0},{"not_picked":["Bloodletting","Cleave+1"],"picked":"Metallicize+1","floor":42.0},{"not_picked":["Headbutt","Seeing Red","Defy Death"],"picked":"SKIP","floor":44.0},{"not_picked":["Anger+1","Run Through","Heavy Blade"],"picked":"SKIP","floor":45.0},{"not_picked":["True Grit","Reckless Charge+1"],"picked":"Whirlwind","floor":47.0},{"not_picked":["ReplayTheSpireMod:Strike From Hell","Hemogenesis"],"picked":"Spot Weakness","floor":48.0}],"player_experience":973260,"relics_obtained":[{"floor":6.0,"key":"Gremlin Food"},{"floor":8.0,"key":"Replay:Wax Seal"},{"floor":9.0,"key":"Whetstone"},{"floor":14.0,"key":"Grinning Jar"},{"floor":23.0,"key":"Toy Ornithopter"},{"floor":25.0,"key":"War Paint"},{"floor":26.0,"key":"Frozen Egg 2"},{"floor":31.0,"key":"Sundial"},{"floor":41.0,"key":"Ancient Tea Set"},{"floor":44.0,"key":"Bag of Preparation"},{"floor":47.0,"key":"Golden Egg"}],"event_choices":[{"damage_healed":0.0,"max_hp_gain":0.0,"max_hp_loss":0.0,"gold_gain":50.0,"event_name":"Golden Wing","player_choice":"Gained Gold","floor":3.0,"gold_loss":0.0,"damage_taken":0.0},{"damage_healed":0.0,"max_hp_gain":0.0,"max_hp_loss":0.0,"gold_gain":0.0,"event_name":"Scrap Ooze","player_choice":"Success","floor":4.0,"gold_loss":0.0,"damage_taken":3.0,"relics_obtained":["Anchor"]},{"damage_healed":0.0,"max_hp_gain":0.0,"max_hp_loss":0.0,"gold_gain":0.0,"event_name":"Addict","player_choice":"Obtained Relic","floor":19.0,"gold_loss":85.0,"damage_taken":0.0,"relics_obtained":["Replay:Accelerometer"]},{"damage_healed":0.0,"max_hp_gain":0.0,"max_hp_loss":0.0,"gold_gain":0.0,"event_name":"Drug Dealer","player_choice":"Inject Mutagens","floor":20.0,"gold_loss":0.0,"damage_taken":0.0,"relics_obtained":["MutagenicStrength"]},{"damage_healed":0.0,"max_hp_gain":0.0,"max_hp_loss":0.0,"gold_gain":0.0,"event_name":"Match and Keep!","player_choice":"1 cards matched","floor":21.0,"gold_loss":0.0,"damage_taken":0.0,"cards_obtained":["Replay:Bootleg Shield Generator"]},{"cards_removed":["Strike_R"],"damage_healed":0.0,"max_hp_gain":0.0,"max_hp_loss":0.0,"gold_gain":0.0,"event_name":"Falling","player_choice":"Removed Attack","floor":36.0,"gold_loss":0.0,"damage_taken":0.0},{"damage_healed":0.0,"max_hp_gain":0.0,"max_hp_loss":4.0,"gold_gain":0.0,"event_name":"Winding Halls","player_choice":"Max HP","floor":37.0,"gold_loss":0.0,"damage_taken":0.0},{"damage_healed":0.0,"max_hp_gain":0.0,"max_hp_loss":0.0,"gold_gain":0.0,"event_name":"WeMeetAgain","player_choice":"Paid Gold","floor":38.0,"gold_loss":97.0,"damage_taken":0.0,"relics_obtained":["Boot"]}],"is_beta":false,"boss_relics":[{"not_picked":["Fusion Hammer","Kintsugi"],"picked":"SlaversCollar"},{"not_picked":["Replay:Drink Me","Snecko Eye"],"picked":"Replay:Bronze Core"}],"items_purged_floors":[],"is_endless":false,"potions_floor_spawned":[5,8,14,16,27,28,31,33,41,44],"killed_by":"Replay:Hell Engine","ascension_level":10}}