{"host":"sgqhwtqjaxn0ibpt","time":1610842782,"event":{"mods":["2.2 Compatiblity","AchievementEnabler","Aspiration","BaseMod","Beaked The Cultist","Better Altar","Better Third Choice","Clockwork Mod","Colored Powertips","Conspire","Disable Question Mark Monsters","Downfall","Energized Spire","Glutton Mod","Gremlin Mod","Gremlin Skip","Hermit","Hubris","Jorbs\u0027s Wanderer Trilogy","Mad Scientist","Minty Spire (QoL Compilation)","Permanent Neow","Quick Restart","Random Character Button","Rare Cards Sparkle","Reworked Bosses","SacredBarkPlus","Shop Mod","StSLib","The Bug Knight","The Construct","The Cursed","The Forsaken","The Hierophant","The Runesmith","TheHeartMod","Trackpad","Wandering Minibosses"],"gold_per_floor":[110,35,35,47,65,100,100,132,156,188,205,224,224,243,243,243,243],"floor_reached":16,"language":"ENG","playtime":1166,"items_purged":["stsjorbsmod:Strike_Wanderer","Pain"],"score":244,"play_id":"c6283ec3-36e1-4060-a241-44c4c8b0ebc4","local_time":"20210116161942","is_ascension_mode":true,"campfire_choices":[{"data":"stsjorbsmod:Mania","floor":15,"key":"SMITH"}],"circlet_count":0,"master_deck":["AscendersBane","stsjorbsmod:ForbiddenGrimoire+1","stsjorbsmod:Strike_Wanderer+1","stsjorbsmod:Strike_Wanderer","stsjorbsmod:Strike_Wanderer","stsjorbsmod:Defend_Wanderer","stsjorbsmod:Defend_Wanderer","stsjorbsmod:Defend_Wanderer","stsjorbsmod:Defend_Wanderer+1","stsjorbsmod:FreshAdventure","stsjorbsmod:EyeOfTheStorm+1","stsjorbsmod:Message+1","stsjorbsmod:TrueStrike","stsjorbsmod:SiphonEnergy","stsjorbsmod:Rest","stsjorbsmod:Inferno","stsjorbsmod:Feast","stsjorbsmod:Firebolt","stsjorbsmod:Mania+1"],"relics":["stsjorbsmod:GrimoireRelic","Pocketwatch","WarpedTongs","Du-Vu Doll","Orichalcum"],"acts_visited":["Exordium"],"potions_floor_usage":[12,14],"damage_taken":[{"damage":0,"enemies":"conspire:RoseBush","floor":1,"turns":5},{"damage":1,"enemies":"Small Slimes","floor":4,"turns":5},{"damage":0,"enemies":"Cultist","floor":5,"turns":3},{"damage":11,"enemies":"HollowMod:MossKnight","floor":6,"turns":7},{"damage":30,"enemies":"3 Sentries","floor":8,"turns":6},{"damage":15,"enemies":"HollowMod:MossKnight","floor":10,"turns":5},{"damage":17,"enemies":"Lots of Slimes","floor":11,"turns":4},{"damage":6,"enemies":"3 Louse","floor":12,"turns":4},{"damage":6,"enemies":"Exordium Thugs","floor":14,"turns":6},{"damage":30,"enemies":"The Guardian","floor":16,"turns":2}],"seed_played":"-3458656662647006373","potions_obtained":[{"floor":4,"key":"DuplicationPotion"},{"floor":6,"key":"LiquidBronze"},{"floor":12,"key":"AttackPotion"}],"is_trial":false,"path_per_floor":["M","$","?","M","M","E","?","E","T","E","M","M","$","M","R","B"],"character_chosen":"WANDERER","items_purchased":[],"campfire_rested":0,"item_purchase_floors":[],"current_hp_per_floor":[61,61,61,65,68,62,62,36,36,25,11,13,8,6,6,0,0],"gold":243,"neow_bonus":"UPGRADE_CARD","is_daily":false,"chose_seed":false,"campfire_upgraded":1,"win_rate":0.0,"timestamp":1610842782,"path_taken":["M","$","?","M","M","E","?","E","T","E","?","M","?","M","R","BOSS"],"items_purchased_type":[],"build_version":"2020-12-22","purchased_purges":2,"victory":false,"max_hp_per_floor":[64,64,64,66,68,70,70,70,70,70,70,76,76,76,76,76,76],"card_choices":[{"not_picked":["stsjorbsmod:Prestidigitation","stsjorbsmod:Channel"],"picked":"stsjorbsmod:Message","floor":1},{"not_picked":["stsjorbsmod:BlackTentacles","stsjorbsmod:FracturedMind"],"picked":"stsjorbsmod:TrueStrike","floor":4},{"not_picked":["stsjorbsmod:Prestidigitation","stsjorbsmod:BlackTentacles","stsjorbsmod:RefuseToForget"],"picked":"SKIP","floor":5},{"not_picked":["stsjorbsmod:FranticSearch","stsjorbsmod:BookOfTongues"],"picked":"stsjorbsmod:SiphonEnergy","floor":6},{"not_picked":["stsjorbsmod:Index","stsjorbsmod:ParryingBlow"],"picked":"stsjorbsmod:Rest","floor":8},{"not_picked":["stsjorbsmod:TrueStrike","stsjorbsmod:FracturedMind"],"picked":"stsjorbsmod:Inferno","floor":10},{"not_picked":["stsjorbsmod:SchoolsOfMagic","stsjorbsmod:UnseenServant"],"picked":"stsjorbsmod:Feast","floor":11},{"not_picked":["stsjorbsmod:Will","stsjorbsmod:Prestidigitation"],"picked":"stsjorbsmod:Firebolt","floor":12},{"not_picked":["stsjorbsmod:Firebolt","stsjorbsmod:TinyHut"],"picked":"stsjorbsmod:Mania","floor":14}],"player_experience":157203,"relics_obtained":[{"floor":6,"key":"Pocketwatch"},{"floor":8,"key":"Du-Vu Doll"},{"floor":10,"key":"Orichalcum"}],"event_choices":[{"damage_healed":0,"gold_gain":0,"player_choice":"Rummage","damage_taken":0,"relics_obtained":["WarpedTongs"],"max_hp_gain":0,"max_hp_loss":0,"event_name":"Accursed Blacksmith","floor":7,"gold_loss":0,"cards_obtained":["Pain"]}],"is_beta":false,"boss_relics":[],"items_purged_floors":[2,13],"is_endless":false,"potions_floor_spawned":[4,6,10,12],"killed_by":"The Guardian","ascension_level":20}}