{"host":"2se5dq1do2gp0x9k","time":1610860615,"event":{"mods":["AchievementEnabler","BaseMod","Block Reminder","Colored Map","Colored Powertips","Minty Spire (QoL Compilation)","Relic Stats","StSLib","SuperFastMode"],"gold_per_floor":[16,16,16,26,42,42,62,75,145,178,178,178,103,128,128,205,205,223,235,72,91,91,118,118,149,161,173,202,53,53,69,69,148,148,165,165,65,85,101,128,128,147,147,176,176,101,101,134,134,134,134,134],"floor_reached":51,"language":"ENG","playtime":2947,"items_purged":["Strike_G","Strike_G"],"score":1646,"play_id":"b3438ecb-c563-4740-978f-363ec02b5d7d","local_time":"20210116211655","is_ascension_mode":true,"campfire_choices":[{"data":"Well Laid Plans","floor":6.0,"key":"SMITH"},{"data":"Calculated Gamble","floor":11.0,"key":"SMITH"},{"data":"Neutralize","floor":15.0,"key":"SMITH"},{"data":"Tactician","floor":24.0,"key":"SMITH"},{"data":"Burst","floor":27.0,"key":"SMITH"},{"data":"Reflex","floor":32.0,"key":"SMITH"},{"data":"Acrobatics","floor":41.0,"key":"SMITH"},{"floor":47.0,"key":"REST"},{"floor":49,"key":"REST"}],"circlet_count":0,"master_deck":["AscendersBane","Strike_G","Strike_G","Strike_G+1","Defend_G","Defend_G","Defend_G","Defend_G","Defend_G","Survivor","Neutralize+1","Skewer+1","Eviscerate","Well Laid Plans+1","Calculated Gamble+1","Acrobatics+1","Acrobatics","Burst+1","Prepared+1","Prepared","Tactician+1","Night Terror","Backflip","PiercingWail","Reflex+1","Deflect","Tools of the Trade","Acrobatics+1","Escape Plan","Footwork","Doubt","Swift Strike","Blur"],"relics":["Ring of the Snake","Tingsha","WarpedTongs","Sundial","Lizard Tail","Akabeko","Cursed Key","Regal Pillow","MawBank","Orrery","HoveringKite","Whetstone","Orichalcum","Bag of Marbles"],"acts_visited":["Exordium","TheCity","TheBeyond"],"potions_floor_usage":[48,50],"damage_taken":[{"damage":1.0,"enemies":"2 Louse","floor":1.0,"turns":4.0},{"damage":4.0,"enemies":"Cultist","floor":4.0,"turns":3.0},{"damage":12.0,"enemies":"Small Slimes","floor":5.0,"turns":4.0},{"damage":7.0,"enemies":"3 Louse","floor":7.0,"turns":3.0},{"damage":8.0,"enemies":"Blue Slaver","floor":8.0,"turns":5.0},{"damage":9.0,"enemies":"Gremlin Nob","floor":10.0,"turns":3.0},{"damage":6.0,"enemies":"Hexaghost","floor":16.0,"turns":6.0},{"damage":10.0,"enemies":"3 Byrds","floor":18.0,"turns":2.0},{"damage":1.0,"enemies":"Chosen","floor":19.0,"turns":3.0},{"damage":0.0,"enemies":"Centurion and Healer","floor":21.0,"turns":3.0},{"damage":2.0,"enemies":"Slavers","floor":23.0,"turns":2.0},{"damage":21.0,"enemies":"Book of Stabbing","floor":25.0,"turns":3.0},{"damage":0.0,"enemies":"3 Cultists","floor":28.0,"turns":2.0},{"damage":0.0,"enemies":"Snecko","floor":31.0,"turns":1.0},{"damage":0.0,"enemies":"Automaton","floor":33.0,"turns":2.0},{"damage":3.0,"enemies":"Orb Walker","floor":35.0,"turns":2.0},{"damage":0.0,"enemies":"3 Darklings","floor":38.0,"turns":2.0},{"damage":0.0,"enemies":"Jaw Worm Horde","floor":39.0,"turns":2.0},{"damage":0.0,"enemies":"Giant Head","floor":40.0,"turns":3.0},{"damage":0.0,"enemies":"Maw","floor":42.0,"turns":4.0},{"damage":31.0,"enemies":"Nemesis","floor":44.0,"turns":5.0},{"damage":55,"enemies":"Reptomancer","floor":48,"turns":6},{"damage":14,"enemies":"Donu and Deca","floor":50,"turns":6},{"damage":66,"enemies":"Time Eater","floor":51,"turns":8}],"seed_played":"-7915812034012679645","potions_obtained":[{"floor":1.0,"key":"LiquidMemories"},{"floor":4.0,"key":"Swift Potion"},{"floor":16.0,"key":"Poison Potion"},{"floor":19.0,"key":"Weak Potion"},{"floor":21.0,"key":"Energy Potion"},{"floor":25.0,"key":"Weak Potion"},{"floor":28.0,"key":"ColorlessPotion"},{"floor":33.0,"key":"AttackPotion"},{"floor":48,"key":"BlessingOfTheForge"}],"is_trial":false,"path_per_floor":["M","?","$","M","M","R","M","M","T","E","R","?","?","T","R","B",null,"M","M","$","M","?","E","R","E","T","R","M","$","?","M","R","B",null,"M","?","$","M","M","E","R","M","T","E","?","$","R","E","R","B","B"],"character_chosen":"THE_SILENT","items_purchased":["Tactician","Orrery","Blur"],"campfire_rested":2,"item_purchase_floors":[20,29,46],"current_hp_per_floor":[58,58,58,54,42,42,35,27,27,18,18,18,18,18,18,12,53,43,42,42,42,66,64,64,43,43,43,43,43,43,43,43,43,60,57,57,57,57,57,57,57,57,57,26,26,26,60,5,39,25,0,0],"gold":134,"neow_bonus":"ONE_RARE_RELIC","is_daily":false,"chose_seed":false,"campfire_upgraded":7,"win_rate":0.0,"timestamp":1610860615,"path_taken":["M","?","?","M","M","R","M","?","T","E","R","?","?","?","R","BOSS","M","M","$","M","?","E","R","E","T","R","?","?","?","M","R","BOSS","M","?","$","M","M","E","R","M","T","E","?","?","R","E","R","BOSS","BOSS"],"items_purchased_type":["Card","Relic","Card"],"build_version":"2020-12-22","purchased_purges":2,"victory":false,"max_hp_per_floor":[66,66,66,66,66,66,66,66,66,66,66,66,66,66,66,66,66,66,66,66,66,66,66,66,66,66,66,66,66,66,66,66,66,66,66,66,66,66,66,66,66,66,66,66,66,66,66,66,66,66,66,66],"relic_stats":{"Regal Pillow":30,"counters":[24,84],"HoveringKite":[37],"Tingsha":[2577],"Whetstone":["Skewer","Strike_G"],"Orichalcum":[0],"Cursed Key":1,"MawBank":48,"WarpedTongs":[79],"Lizard Tail":33,"Sundial":[40],"obtain_stats":[{"Regal Pillow":23,"HoveringKite":34,"Tingsha":0,"Whetstone":40,"Orichalcum":44,"Cursed Key":17,"MawBank":25,"Akabeko":14,"WarpedTongs":2,"Lizard Tail":10,"Sundial":9,"Orrery":29,"Bag of Marbles":48,"Ring of the Snake":0},{"Regal Pillow":11,"HoveringKite":15,"Tingsha":0,"Whetstone":19,"Orichalcum":21,"Cursed Key":7,"MawBank":12,"Akabeko":6,"WarpedTongs":1,"Lizard Tail":6,"Sundial":5,"Orrery":13,"Bag of Marbles":22,"Ring of the Snake":0},{"Regal Pillow":38,"HoveringKite":46,"Tingsha":0,"Whetstone":55,"Orichalcum":64,"Cursed Key":28,"MawBank":41,"Akabeko":22,"WarpedTongs":4,"Lizard Tail":22,"Sundial":19,"Orrery":43,"Bag of Marbles":70,"Ring of the Snake":0}],"Ring of the Snake":[48]},"card_choices":[{"not_picked":["Backflip","Cloak And Dagger"],"picked":"Skewer","floor":1.0},{"not_picked":["Catalyst","Poisoned Stab"],"picked":"Eviscerate","floor":4.0},{"not_picked":["Setup","Backflip"],"picked":"Well Laid Plans","floor":5.0},{"not_picked":["Dagger Spray","Deflect"],"picked":"Calculated Gamble","floor":7.0},{"not_picked":["Catalyst","Choke"],"picked":"Acrobatics","floor":8.0},{"not_picked":["Flying Knee","Escape Plan"],"picked":"Acrobatics","floor":10.0},{"not_picked":["Malaise","Die Die Die"],"picked":"Burst","floor":16.0},{"not_picked":["Flying Knee","Crippling Poison"],"picked":"Prepared+1","floor":18.0},{"not_picked":["Quick Slash","Poisoned Stab+1"],"picked":"Prepared","floor":19.0},{"not_picked":["Flying Knee","Predator","Sucker Punch"],"picked":"SKIP","floor":21.0},{"not_picked":["Flying Knee+1","All Out Attack"],"picked":"Night Terror","floor":23.0},{"not_picked":["Crippling Poison","Infinite Blades"],"picked":"Backflip","floor":25.0},{"not_picked":["Caltrops","Quick Slash"],"picked":"PiercingWail","floor":28.0},{"not_picked":["Deflect+1","Backflip"],"picked":"Reflex","floor":29.0},{"not_picked":["Dagger Spray","Concentrate+1"],"picked":"Deflect","floor":31.0},{"not_picked":["Storm of Steel","Adrenaline"],"picked":"Tools of the Trade","floor":33.0},{"not_picked":["All Out Attack+1","Poisoned Stab"],"picked":"Acrobatics+1","floor":35.0},{"not_picked":["Poisoned Stab","Flying Knee","Noxious Fumes"],"picked":"SKIP","floor":38.0},{"not_picked":["Dagger Spray+1","Deadly Poison"],"picked":"Escape Plan","floor":39.0},{"not_picked":["Deadly Poison","Flying Knee"],"picked":"Footwork","floor":40.0},{"not_picked":["Poisoned Stab","Doppelganger","Deadly Poison"],"picked":"SKIP","floor":42.0},{"not_picked":["Bane","Finisher+1","Quick Slash"],"picked":"SKIP","floor":44.0},{"not_picked":["Mayhem","Enlightenment"],"picked":"Swift Strike","floor":45.0},{"not_picked":["Sucker Punch","PiercingWail+1","Bouncing Flask"],"picked":"SKIP","floor":48}],"player_experience":3878897,"relics_obtained":[{"floor":9.0,"key":"Sundial"},{"floor":10.0,"key":"Lizard Tail"},{"floor":14.0,"key":"Akabeko"},{"floor":23.0,"key":"Regal Pillow"},{"floor":25.0,"key":"MawBank"},{"floor":40.0,"key":"Whetstone"},{"floor":44.0,"key":"Orichalcum"},{"floor":48,"key":"Bag of Marbles"}],"event_choices":[{"damage_healed":0.0,"max_hp_gain":0.0,"max_hp_loss":0.0,"gold_gain":0.0,"event_name":"Accursed Blacksmith","player_choice":"Rummage","floor":2.0,"gold_loss":0.0,"damage_taken":0.0,"relics_obtained":["WarpedTongs"],"cards_obtained":["Pain"]},{"damage_healed":0.0,"max_hp_gain":0.0,"max_hp_loss":0.0,"gold_gain":0.0,"event_name":"Liars Game","player_choice":"Ignored","floor":12.0,"gold_loss":0.0,"damage_taken":0.0},{"cards_removed":["Pain"],"damage_healed":0.0,"max_hp_gain":0.0,"max_hp_loss":0.0,"gold_gain":0.0,"event_name":"The Cleric","player_choice":"Card Removal","floor":13.0,"gold_loss":75.0,"damage_taken":0.0},{"damage_healed":24.0,"max_hp_gain":0.0,"max_hp_loss":0.0,"gold_gain":0.0,"event_name":"Wheel of Change","player_choice":"Full Heal","floor":22.0,"gold_loss":0.0,"damage_taken":0.0},{"damage_healed":0.0,"max_hp_gain":0.0,"max_hp_loss":0.0,"gold_gain":0.0,"event_name":"Cursed Tome","player_choice":"Ignored","floor":30.0,"gold_loss":0.0,"damage_taken":0.0},{"damage_healed":0.0,"max_hp_gain":0.0,"max_hp_loss":0.0,"gold_gain":0.0,"event_name":"Tomb of Lord Red Mask","player_choice":"Ignored","floor":36.0,"gold_loss":0.0,"damage_taken":0.0},{"damage_healed":0.0,"max_hp_gain":0.0,"max_hp_loss":0.0,"gold_gain":0.0,"event_name":"SensoryStone","player_choice":"Memory 1","floor":45.0,"gold_loss":0.0,"damage_taken":0.0}],"is_beta":false,"boss_relics":[{"not_picked":["Velvet Choker","Ring of the Serpent"],"picked":"Cursed Key"},{"not_picked":["Tiny House","Pandora\u0027s Box"],"picked":"HoveringKite"}],"items_purged_floors":[20,37],"is_endless":false,"potions_floor_spawned":[1,4,16,19,21,25,28,31,33,38,39,42,48],"killed_by":"Time Eater","ascension_level":20}}