{"host":"9op7xyky91xc1g6p","time":1610856737,"event":{"mods":["Act Like it!","Astrologer","Bartender","BaseMod","Beaked The Cultist","Better Altar","Better Note","Better Sensory Stone","Better Skull","Better Third Choice","Better Vampires","BshForSts","CapriCore","Energized Spire","Gensokyo","Hallownest","Hermit","Infinite Spire","Koishi","Magitek Elite","Marisa????????","Minty Spire (QoL Compilation)","Random Character Button","Remilia??????","Retaliation","Robot Space Explorer","Shade Mod","SpireExporter+","StSLib","The Animator","The Disciple","The Elementalist","The Hierophant","The Immortal","The Marked","The Mystic","The Poker Player","The Runesmith","The Spell Scribe","TheBandit","Trackpad","Yuyuko","??????REMEMod"],"gold_per_floor":[122,246,273,304,327,339,384,396,462,505,535,557,600,612,624,736,748,776,668,693,243,243,272,291,291,291,319,330,330,342,354,354,354,354,354],"floor_reached":33,"language":"ENG","playtime":6319,"items_purged":[],"score":309,"play_id":"353ee08b-ec08-4d94-b795-210d0faf7664","local_time":"20210116201217","is_ascension_mode":false,"campfire_choices":[{"floor":6,"key":"REST"},{"data":"wariomod:Purify","floor":8,"key":"SMITH"},{"floor":15,"key":"REST"},{"floor":25,"key":"REST"},{"floor":32,"key":"REST"}],"circlet_count":0,"master_deck":["wariomod:Strike","wariomod:Strike","wariomod:Strike","wariomod:Strike","wariomod:Defend","wariomod:Defend","wariomod:Defend","wariomod:Defend","wariomod:Step","wariomod:Leap+1","wariomod:EndlessBlast","wariomod:Bombshield","wariomod:AwfulLook+1","wariomod:SmackSlam","wariomod:Purify+1","wariomod:Leapslam","wariomod:TrekTime","wariomod:Hopshield","wariomod:EndlessBlast","wariomod:FabulousPrizes","wariomod:Hopshield","wariomod:ThatsNotAll","wariomod:EmptyMind","Night Terror","wariomod:DanceDash+1","wariomod:Smackflip","wariomod:RacingSpeed","wariomod:TempestBlasts+1","wariomod:HappyHit","wariomod:DanceDash+1"],"relics":["wariomod:TheHat","REME_ComplimentaryCards","MawBank","ScarletDevilRocket","Regal Pillow","Eternal Feather","Juzu Bracelet","trackpad:IceCube","Whetstone","Hallownest:DreamNailRelic","wariomod:PropellerHat","Gensokyo:DemonMask","REME_CardOfGreed","infinitespire:EmpoweringShard","Shuriken","infinitespire:ShieldingShard","REME_LimitBreaker","Orichalcum"],"acts_visited":["Hallownest:Greenpath","Gensokyo:Gensokyoer"],"potions_floor_usage":[11,11,13,13,28,28,31],"damage_taken":[{"damage":2,"enemies":"Hallownest:monsterHuskGuard","floor":1,"turns":3},{"damage":3,"enemies":"Hallownest:2_MossCreeps","floor":3,"turns":4},{"damage":0,"enemies":"Hallownest:monsterHuskWarrior","floor":4,"turns":3},{"damage":2,"enemies":"Hallownest:monsterMossCharger","floor":5,"turns":6},{"damage":20,"enemies":"Hallownest:eliteCrystalGuardian","floor":7,"turns":5},{"damage":14,"enemies":"Hallownest:eliteCrystalGuardian","floor":10,"turns":5},{"damage":4,"enemies":"Hallownest:Guard_and_Warrior","floor":11,"turns":4},{"damage":8,"enemies":"Hallownest:Wandering_and_Horned","floor":12,"turns":5},{"damage":3,"enemies":"Hallownest:eliteVengeflyKing","floor":13,"turns":6},{"damage":62,"enemies":"Hallownest:BossFalseKnight","floor":16,"turns":9},{"damage":10,"enemies":"Gensokyo:AngelMirror","floor":18,"turns":5},{"damage":21,"enemies":"Gensokyo:3_Dogs","floor":20,"turns":5},{"damage":11,"enemies":"Gensokyo:Reisen","floor":23,"turns":6},{"damage":4,"enemies":"Gensokyo:Wraith","floor":24,"turns":4},{"damage":63,"enemies":"Gensokyo:Tenshi","floor":27,"turns":6},{"damage":0,"enemies":"Gensokyo:Slime_Group","floor":28,"turns":5},{"damage":2,"enemies":"Gensokyo:3_Gloops","floor":30,"turns":4},{"damage":13,"enemies":"Gensokyo:Chomper_and_Gloop","floor":31,"turns":5},{"damage":73,"enemies":"Gensokyo:Eiki","floor":33,"turns":5}],"seed_played":"3171441235172214668","potions_obtained":[{"floor":3,"key":"FearPotion"},{"floor":5,"key":"Fire Potion"},{"floor":10,"key":"EssenceOfSteel"},{"floor":12,"key":"Regen Potion"},{"floor":23,"key":"EssenceOfSteel"},{"floor":24,"key":"Block Potion"},{"floor":28,"key":"ColorlessPotion"},{"floor":30,"key":"SpeedPotion"}],"is_trial":false,"path_per_floor":["M","?","M","M","M","R","?","R","T","E","M","M","E","?","R","B",null,"M","?","M","$","?","E","M","R","T","E","M","?","M","M","R","B"],"character_chosen":"THE_BANDIT","items_purchased":["REME_CardOfGreed","infinitespire:EmpoweringShard","wariomod:EmptyMind"],"campfire_rested":4,"item_purchase_floors":[21,21,21],"current_hp_per_floor":[78,38,35,35,33,72,52,61,61,47,43,35,47,47,80,18,80,70,70,49,49,41,30,26,80,80,17,17,17,15,2,57,0,0,0],"gold":354,"neow_bonus":"RANDOM_COMMON_RELIC","is_daily":false,"chose_seed":false,"campfire_upgraded":1,"win_rate":0.0,"timestamp":1610856737,"path_taken":["M","?","?","M","M","R","?","R","T","E","M","M","E","?","R","BOSS","M","?","M","$","?","E","M","R","T","E","M","?","M","M","R","BOSS"],"items_purchased_type":["Relic","Relic","Card"],"build_version":"2020-12-22","purchased_purges":0,"victory":false,"max_hp_per_floor":[80,80,80,80,80,80,80,80,80,80,80,80,80,80,80,80,80,80,80,80,80,80,80,80,80,80,80,80,74,74,74,74,74,74,74],"card_choices":[{"not_picked":["wariomod:DisarmingMoves","wariomod:DanceDash"],"picked":"wariomod:EndlessBlast","floor":1},{"not_picked":["wariomod:SimpleShield","wariomod:Smackflip"],"picked":"wariomod:Bombshield","floor":3},{"not_picked":["wariomod:BodyBlock","wariomod:ImFeelingLucky"],"picked":"wariomod:AwfulLook","floor":4},{"not_picked":["wariomod:BlastDash","wariomod:DoubleDash"],"picked":"wariomod:SmackSlam","floor":5},{"not_picked":["wariomod:TheGrandJourney","wariomod:SpikeSlash"],"picked":"wariomod:Purify","floor":7},{"not_picked":["wariomod:Goblast","wariomod:Bombshield"],"picked":"wariomod:Leapslam","floor":10},{"not_picked":["wariomod:Sidestep","wariomod:DoubleDash"],"picked":"wariomod:TrekTime","floor":11},{"not_picked":["wariomod:Boomsmack","wariomod:ChargeForth"],"picked":"wariomod:Hopshield","floor":12},{"not_picked":["wariomod:Boomsmack","wariomod:Leapslam"],"picked":"wariomod:EndlessBlast","floor":13},{"not_picked":["wariomod:BoomAndDoom","wariomod:KeyFinisher"],"picked":"wariomod:FabulousPrizes","floor":16},{"not_picked":["wariomod:TrekTime","wariomod:AwfulLook"],"picked":"wariomod:Hopshield","floor":18},{"not_picked":["wariomod:RacingSpeed+1","wariomod:PayItForwards"],"picked":"wariomod:ThatsNotAll","floor":20},{"not_picked":["wariomod:SmallSprint","wariomod:SelfImprison"],"picked":"wariomod:DanceDash+1","floor":23},{"not_picked":["wariomod:DisarmingMoves","wariomod:SmallSprint"],"picked":"wariomod:Smackflip","floor":24},{"not_picked":["wariomod:AwfulLook+1","wariomod:Game"],"picked":"wariomod:RacingSpeed","floor":27},{"not_picked":["wariomod:Boomsmack","wariomod:DanceDash+1"],"picked":"wariomod:TempestBlasts+1","floor":28},{"not_picked":["wariomod:SmackSlam+1","wariomod:Bombshield"],"picked":"wariomod:HappyHit","floor":30},{"not_picked":["wariomod:ChargeForth+1","wariomod:SpikeSlash"],"picked":"wariomod:DanceDash+1","floor":31}],"player_experience":374654,"relics_obtained":[{"floor":7,"key":"Eternal Feather"},{"floor":9,"key":"Juzu Bracelet"},{"floor":10,"key":"trackpad:IceCube"},{"floor":13,"key":"Whetstone"},{"floor":23,"key":"Shuriken"},{"floor":26,"key":"infinitespire:ShieldingShard"},{"floor":27,"key":"REME_LimitBreaker"}],"event_choices":[{"damage_healed":0,"gold_gain":112,"player_choice":"RE RE GO ","damage_taken":45,"relics_obtained":["ScarletDevilRocket","Regal Pillow"],"max_hp_gain":0,"max_hp_loss":0,"event_name":"betterSkull:BetterSkull","floor":2,"gold_loss":0,"cards_upgraded":[]}],"is_beta":false,"boss_relics":[{"not_picked":["Astrolabe","Golden_Hairpin"],"picked":"wariomod:PropellerHat"}],"items_purged_floors":[],"is_endless":false,"potions_floor_spawned":[3,5,10,12,23,24,28,30],"killed_by":"Gensokyo:Eiki","ascension_level":0}}