{"host":"9jj9tzo2iym4bpat","time":1610842752,"event":{"mods":["Act Like it!","BaseMod","CapriCore","Colored Map","Dark Map","Luminous","Marisa????????","Minty Spire (QoL Compilation)","Permanent Neow","StSLib","Td1madao Mod","The Animator","The Immortal","The Marked","The Servant 0.9.4","Yakumo Yukari mod"],"gold_per_floor":[113,40,40,54,65,65,20,20,47,47,47,47,47,77,77,77,77],"floor_reached":16,"language":"ENG","playtime":352,"items_purged":[],"score":96,"play_id":"8ffb6a4c-d881-4fff-adf5-8dc040613b08","local_time":"20210116181912","is_ascension_mode":false,"campfire_choices":[{"data":"Eruption","floor":6,"key":"SMITH"},{"floor":8,"key":"REST"},{"data":"FlyingSleeves","floor":11,"key":"SMITH"},{"floor":15,"key":"REST"}],"circlet_count":0,"master_deck":["Strike_P+1","Strike_P","Strike_P+1","Strike_P","Defend_P","Defend_P","Defend_P","Eruption+1","Vigilance","Pray","BattleHymn","Protect","FlyingSleeves+1","CarveReality"],"relics":["PureWater","Tiny Chest","Whetstone","Blue Candle","Vajra"],"acts_visited":["Exordium"],"potions_floor_usage":[16],"damage_taken":[{"damage":9,"enemies":"Jaw Worm","floor":1,"turns":4},{"damage":1,"enemies":"Cultist","floor":4,"turns":3},{"damage":5,"enemies":"Small Slimes","floor":5,"turns":4},{"damage":30,"enemies":"3 Sentries","floor":14,"turns":5},{"damage":77,"enemies":"The Guardian","floor":16,"turns":8}],"seed_played":"958405821067489340","potions_obtained":[{"floor":1,"key":"Swift Potion"},{"floor":14,"key":"BlessingOfTheForge"}],"is_trial":false,"path_per_floor":["M","$","?","M","M","R","$","R","T","?","R","T","$","E","R","B"],"character_chosen":"WATCHER","items_purchased":["BattleHymn","FlyingSleeves"],"campfire_rested":2,"item_purchase_floors":[2,7],"current_hp_per_floor":[63,63,63,62,57,57,57,72,72,72,72,72,72,42,63,0,0],"gold":77,"neow_bonus":"RANDOM_COMMON_RELIC","is_daily":false,"chose_seed":false,"campfire_upgraded":2,"win_rate":0.0,"timestamp":1610842752,"path_taken":["M","$","?","M","?","R","$","R","T","?","R","?","?","E","R","BOSS"],"items_purchased_type":["Card","Card"],"build_version":"2020-12-22","purchased_purges":0,"victory":false,"max_hp_per_floor":[72,72,72,72,72,72,72,72,72,72,72,72,72,72,72,72,72],"card_choices":[{"not_picked":["WaveOfTheHand","MentalFortress"],"picked":"Pray","floor":1},{"not_picked":["Conclude","Wireheading"],"picked":"Protect","floor":4},{"not_picked":["JustLucky","Evaluate","PathToVictory"],"picked":"SKIP","floor":5},{"not_picked":["FollowUp","PathToVictory"],"picked":"CarveReality","floor":14}],"player_experience":263906,"relics_obtained":[{"floor":9,"key":"Whetstone"},{"floor":12,"key":"Blue Candle"},{"floor":14,"key":"Vajra"}],"event_choices":[{"cards_removed":["Defend_P"],"damage_healed":0,"gold_gain":0,"player_choice":"Offered Basic","damage_taken":0,"max_hp_gain":0,"max_hp_loss":0,"event_name":"Bonfire Elementals","floor":3,"gold_loss":0},{"damage_healed":0,"gold_gain":0,"player_choice":"Leave","damage_taken":0,"max_hp_gain":0,"max_hp_loss":0,"event_name":"The Cleric","floor":10,"gold_loss":0}],"is_beta":false,"boss_relics":[],"items_purged_floors":[],"is_endless":false,"potions_floor_spawned":[1,14],"killed_by":"The Guardian","ascension_level":0}}