{"host":"0nfdmr2b19ur4mbc","time":1610906447,"event":{"mods":["2.2 Compatiblity","AchievementEnabler","Aspiration","BaseMod","Better Match","Better Note","Better Third Choice","Better Vampires","Disable Question Mark Monsters","Hubris","Infinite Spire","Minty Spire (QoL Compilation)","Quick Restart","Rare Cards Sparkle","Replay The Spire","StSLib"],"gold_per_floor":[119,119,119,83,83,217,217,343,343,463,114,189,203,222,222,321,321,337,337,457,469,469,469,394,520,634,769,769,769,793,164,164,189,189,291,291,306,306,3,3,3,20,20,48,48,68,68,84,84,116,116,134,134,134],"floor_reached":55,"language":"ENG","playtime":1268,"items_purged":["Strike_R"],"score":1337,"play_id":"fcb194d5-d3db-461c-bc2c-e302030ed478","local_time":"20210117190047","is_ascension_mode":true,"campfire_choices":[{"data":"Spot Weakness","floor":7.0,"key":"SMITH"},{"data":"Reaper","floor":15.0,"key":"SMITH"},{"floor":29.0,"key":"REST"},{"floor":32.0,"key":"DIG"},{"floor":34.0,"key":"DIG"},{"floor":45,"key":"DIG"},{"floor":49,"key":"DIG"},{"floor":53,"key":"DIG"}],"circlet_count":0,"master_deck":["AscendersBane","Strike_R+1","Strike_R+1","Strike_R+1","Defend_R+1","Defend_R+1","Defend_R+1","Defend_R+1","Bash+1","Spot Weakness+1","infinitespire:FinalStrike+1","Shrug It Off+1","Shockwave+1","Pommel Strike+1","Reaper+1","Reaper+1","Bludgeon+1","hubris:StunningStrike+1","Flex+1","hubris:InfiniteBlow+817","Feed+1","Impervious+1","Corruption+1","Cleave+1","Reaper+1","AbeCurse","Demon Form+1","Limit Break"],"relics":["Burning Blood","NeowsBlessing","hubris:Icosahedron","Whetstone","Mummified Hand","infinitespire:PuzzleCube","HornCleat","Fusion Hammer","Molten Egg 2","War Paint","Letter Opener","hubris:ToyBattleship","Anchor","Shovel","aspiration:SeaSaltIceCream","NeowsBlessing","hubris:IronBody","Blood Vial","Calipers","aspiration:PoetsPen_weak","Mark of the Bloom","Lee\u0027s Waffle","hubris:SlimyHat","infinitespire:FocusingShard","infinitespire:Joker Card","infinitespire:Broken Mirror","Pear","ReplayFunnel","Magic Flower"],"acts_visited":["Exordium","TheCity","TheBeyond"],"potions_floor_usage":[],"damage_taken":[{"damage":0.0,"enemies":"Cultist","floor":1.0,"turns":1.0},{"damage":0.0,"enemies":"3 Sentries","floor":6.0,"turns":2.0},{"damage":0.0,"enemies":"Lagavulin","floor":8.0,"turns":1.0},{"damage":0.0,"enemies":"2 Louse","floor":10.0,"turns":3.0},{"damage":0.0,"enemies":"Small Slimes","floor":13.0,"turns":3.0},{"damage":6.0,"enemies":"Looter","floor":14.0,"turns":2.0},{"damage":37.0,"enemies":"Slime Boss","floor":16.0,"turns":10.0},{"damage":13.0,"enemies":"3 Byrds","floor":18.0,"turns":5.0},{"damage":19.0,"enemies":"Spheric Guardian","floor":20.0,"turns":4.0},{"damage":14.0,"enemies":"Snake Plant","floor":21.0,"turns":2.0},{"damage":40.0,"enemies":"Slavers","floor":25.0,"turns":6.0},{"damage":9.0,"enemies":"Centurion and Healer","floor":26.0,"turns":4.0},{"damage":4.0,"enemies":"Gremlin Leader","floor":27.0,"turns":3.0},{"damage":0.0,"enemies":"Replay:Snechameleon","floor":33.0,"turns":1.0},{"damage":9.0,"enemies":"Pondfish","floor":35.0,"turns":4.0},{"damage":0,"enemies":"Orb Walker","floor":37,"turns":1},{"damage":0,"enemies":"3 Shapes","floor":42,"turns":3},{"damage":0,"enemies":"R_Hoarder","floor":44,"turns":1},{"damage":0,"enemies":"Jaw Worm Horde","floor":46,"turns":3},{"damage":0,"enemies":"Writhing Mass","floor":48,"turns":1},{"damage":0,"enemies":"Giant Head","floor":50,"turns":2},{"damage":6,"enemies":"Sphere and 2 Shapes","floor":52,"turns":3},{"damage":0,"enemies":"infinitespire:MassOfShapes","floor":54,"turns":1}],"seed_played":"-6482594850314087018","potions_obtained":[{"floor":6.0,"key":"Swift Potion"},{"floor":16.0,"key":"Elixir"},{"floor":20.0,"key":"Toxic Potion"},{"floor":21.0,"key":"Doom Potion"},{"floor":33.0,"key":"SteroidPotion"},{"floor":42,"key":"Toxic Potion"}],"is_trial":false,"path_per_floor":["M","?","?","$","?","E","R","E","T","M","$","?","M","M","R","B",null,"M","AVR","M","M","PTL","PTL","?","E","M","E","T","R","T","$","R","E","R","B",null,"M","?","$","PTL","PTL","M","?","E","R","M","T","M","R","E","?","M","R","B",null],"character_chosen":"IRONCLAD","items_purchased":["Shrug It Off+1","Reaper","HornCleat","Shovel","aspiration:SeaSaltIceCream","Lee\u0027s Waffle","hubris:SlimyHat"],"campfire_rested":1,"item_purchase_floors":[4,11,11,31,31,39,39],"current_hp_per_floor":[78,57,57,57,57,63,63,69,69,75,75,64,73,73,73,75,79,77,77,64,60,60,60,60,55,68,70,70,88,88,88,88,88,88,85,87,92,92,92,92,92,92,92,92,92,92,92,92,92,92,92,86,86,86],"gold":134,"neow_bonus":"THREE_ENEMY_KILL","is_daily":false,"chose_seed":false,"campfire_upgraded":2,"win_rate":0.0,"timestamp":1610906447,"path_taken":["M","?","?","$","?","E","R","E","T","M","$","?","M","M","R","BOSS","M","AVR","M","M","PTL","PTL","?","E","M","E","T","R","?","$","R","E","R","BOSS","M","?","$","PTL","PTL","M","?","E","R","M","T","?","R","E","?","M","R","BOSS"],"items_purchased_type":["Card","Card","Relic","Relic","Relic","Relic","Relic"],"build_version":"2020-12-22","purchased_purges":1,"victory":true,"max_hp_per_floor":[80,80,80,80,80,80,80,80,80,80,80,80,80,80,80,80,80,80,80,80,80,80,80,80,84,88,88,88,88,88,88,88,88,88,88,88,92,92,99,99,99,99,99,99,99,103,103,103,113,113,107,107,107,107],"card_choices":[{"not_picked":["Flame Barrier","Burning Pact"],"picked":"Spot Weakness","floor":1.0},{"not_picked":["ReplayTheSpireMod:Black Plague","infinitespire:Oblivion"],"picked":"infinitespire:FinalStrike","floor":2.0},{"not_picked":["ReplayReversal","Iron Wave","Armaments"],"picked":"SKIP","floor":6.0},{"not_picked":["Second Wind","ReplayReversal"],"picked":"Shockwave","floor":8.0},{"not_picked":["Wild Strike","ReplayTheSpireMod:LeadingStrike"],"picked":"Pommel Strike","floor":10.0},{"not_picked":["Anger","Hemokinesis","Metallicize"],"picked":"SKIP","floor":13.0},{"not_picked":["Heavy Blade","Armaments"],"picked":"Bludgeon","floor":14.0},{"not_picked":["Reaper","Juggernaut"],"picked":"hubris:StunningStrike","floor":16.0},{"not_picked":["Havoc+1","Whirlwind"],"picked":"Flex","floor":18.0},{"not_picked":["Iron Wave+1","Warcry","Rage"],"picked":"SKIP","floor":20.0},{"not_picked":["Heavy Blade+1","Anger+1","Headbutt+1"],"picked":"SKIP","floor":21.0},{"not_picked":["Bludgeon+1","Barricade+1"],"picked":"Feed+1","floor":24.0},{"not_picked":["Exhume+1","Demonic Infusion+1"],"picked":"Impervious+1","floor":24.0},{"not_picked":["Brutality+1","Fiend Fire+1"],"picked":"Corruption+1","floor":24.0},{"not_picked":["Headbutt+1","Intimidate+1","Flex"],"picked":"SKIP","floor":25.0},{"not_picked":["Perfected Strike+1","Pommel Strike+1"],"picked":"Cleave+1","floor":26.0},{"not_picked":["Clothesline+1","Sever Soul+1","Flame Barrier"],"picked":"SKIP","floor":27.0},{"not_picked":["Headbutt+1","Dark Embrace"],"picked":"Reaper+1","floor":33.0},{"not_picked":["Immolate+1","Barricade"],"picked":"Demon Form","floor":35.0},{"not_picked":["ReplayTheSpireMod:Corrosion Curse","Sword Boomerang+1","Twin Strike+1"],"picked":"SKIP","floor":37},{"not_picked":["Entrench+1","Pummel+1","True Grit"],"picked":"SKIP","floor":42},{"not_picked":["Abandon+1","Corruption","Anger+1"],"picked":"SKIP","floor":44},{"not_picked":["Armaments","Clash+1","Clothesline+1"],"picked":"SKIP","floor":46},{"not_picked":["Clash+1","Pommel Strike+1","Havoc"],"picked":"SKIP","floor":48},{"not_picked":["Eclipse","Dual Wield","Dropkick+1"],"picked":"SKIP","floor":50},{"not_picked":["Anger+1","Body Slam+1","Perfected Strike+1"],"picked":"SKIP","floor":52}],"player_experience":165120,"relics_obtained":[{"floor":6.0,"key":"Whetstone"},{"floor":8.0,"key":"Mummified Hand"},{"floor":9.0,"key":"infinitespire:PuzzleCube"},{"floor":25.0,"key":"War Paint"},{"floor":27.0,"key":"Letter Opener"},{"floor":28.0,"key":"hubris:ToyBattleship"},{"floor":30.0,"key":"Anchor"},{"floor":32.0,"key":"hubris:IronBody"},{"floor":33.0,"key":"Blood Vial"},{"floor":34.0,"key":"Calipers"},{"floor":44,"key":"infinitespire:FocusingShard"},{"floor":45,"key":"infinitespire:Joker Card"},{"floor":47,"key":"infinitespire:Broken Mirror"},{"floor":49,"key":"Pear"},{"floor":50,"key":"ReplayFunnel"},{"floor":53,"key":"Magic Flower"}],"event_choices":[{"damage_healed":0.0,"max_hp_gain":0.0,"max_hp_loss":0.0,"gold_gain":0.0,"event_name":"Upgrade Shrine","player_choice":"Upgraded","floor":3.0,"gold_loss":0.0,"damage_taken":0.0,"cards_upgraded":["infinitespire:FinalStrike"]},{"damage_healed":0.0,"max_hp_gain":0.0,"max_hp_loss":0.0,"gold_gain":75.0,"event_name":"betterThird:BetterGoop","player_choice":"Gold","floor":12.0,"gold_loss":0.0,"damage_taken":11.0},{"damage_healed":0.0,"max_hp_gain":0.0,"max_hp_loss":0.0,"gold_gain":0.0,"event_name":"betterMatch:BetterMatch","player_choice":"3","floor":24.0,"gold_loss":0.0,"damage_taken":0.0,"cards_obtained":["betterMatch:RareCard"]},{"damage_healed":0,"gold_gain":0,"player_choice":"Upgrade","damage_taken":0,"relics_obtained":["Mark of the Bloom"],"max_hp_gain":0,"max_hp_loss":0,"event_name":"MindBloom","floor":38,"gold_loss":0,"cards_upgraded":["Strike_R","Strike_R","Defend_R","Defend_R","Defend_R","Bash","Pommel Strike","Reaper","Bludgeon","hubris:StunningStrike","Flex","hubris:InfiniteBlow","Demon Form"]},{"damage_healed":0,"gold_gain":0,"cards_transformed":["Strike_R"],"player_choice":"Transformed","damage_taken":0,"max_hp_gain":0,"max_hp_loss":0,"event_name":"Transmorgrifier","floor":43,"gold_loss":0,"cards_obtained":["Limit Break"]},{"damage_healed":0,"gold_gain":0,"player_choice":"Max HP","damage_taken":0,"max_hp_gain":0,"max_hp_loss":6,"event_name":"Winding Halls","floor":51,"gold_loss":0}],"is_beta":false,"boss_relics":[{"not_picked":["Replay:Ancient Bell","Ectoplasm"],"picked":"Fusion Hammer"},{"not_picked":["hubris:BlackHole","hubris:Backtick"],"picked":"aspiration:PoetsPen_weak"}],"items_purged_floors":[31],"is_endless":false,"potions_floor_spawned":[6,16,20,21,33,35,42,48],"ascension_level":10}}