{"host":"ec2wu4mdnvke243f","time":1610881670,"event":{"mods":["2.2 Compatiblity","AchievementEnabler","BaseMod","Defuse TimeMaze Blight","Downfall","Hermit","Infinite Spire","Minty Spire (QoL Compilation)","StSLib","The Cursed","The Disciple","The Jungle","The Servant 0.9.4"],"gold_per_floor":[112,212,223,223,223,249,259,289,357,370,397,430,430,465,465,567,567,587,587,619,217,228,257,114,148,148,148,168,202,46,59,59,156,156,188,203,26,26,45,70,108,108,108,135,147,147,147,181,181,181],"floor_reached":51,"language":"POL","playtime":4782,"items_purged":[],"score":976,"play_id":"697667bd-0c08-4ec9-a1e6-54185b8f709f","local_time":"20210117120750","daily_mods":["Purple Cards","Colorless Cards","Flight","DeadlyEvents"],"is_ascension_mode":false,"campfire_choices":[{"floor":13,"key":"REST"},{"floor":15,"key":"REST"},{"data":"hermit:GoldenBullet","floor":32,"key":"SMITH"},{"floor":42,"key":"REST"},{"floor":49,"key":"REST"}],"circlet_count":0,"master_deck":["hermit:Strike_Hermit","hermit:Strike_Hermit","hermit:Strike_Hermit","hermit:Strike_Hermit","hermit:Defend_Hermit","hermit:Defend_Hermit","hermit:Defend_Hermit","hermit:Defend_Hermit","hermit:Snapshot","hermit:Covet","hermit:HighCaliber","hermit:Misfire","downfall:Icky","Decay","infinitespire:SevenWalls+1","hermit:EyeOfTheStorm","hermit:ShadowCloak","hermit:Quickdraw","Deep Breath+1","hermit:Vantage+1","hermit:Quickdraw","hermit:Headshot","Dark Shackles+1","hermit:Dive+1","hermit:SprayPray+1","hermit:GoldenBullet+1","hermit:Glare+1","Discovery+1","Sadistic Nature","hermit:TakeCover+1","Deep Breath+1","Flash of Steel+1","hermit:TrackingShot+1","Bandage Up+1","HandOfGreed","hermit:Misfire+1","hermit:Deadeye","Chrysalis+1","hermit:Malice","hermit:Malice+1","hermit:Spite+1","hermit:ShadowCloak+1","infinitespire:TheBestDefense+1","hermit:FlashPowder+1"],"relics":["hermit:ClaspedLocket","hexamod:CandleOfCauterizing","Lantern","Mango","Toxic Egg 2","Unceasing Top","Dream Catcher","Potion Belt","SlaversCollar","Oddly Smooth Stone","Gremlin Horn","ClockworkSouvenir","Strawberry","Bottled Flame","Kunai","infinitespire:Lucky Rock","Lee\u0027s Waffle","Orichalcum","infinitespire:BottledMercury","HornCleat","MealTicket","Frozen Egg 2","bronze:BronzeIdol"],"acts_visited":["Exordium","Exordium","TheBeyond"],"potions_floor_usage":[12,23,23,23,27,50],"damage_taken":[{"damage":2,"enemies":"Small Slimes","floor":1,"turns":3},{"damage":1,"enemies":"Cultist","floor":3,"turns":3},{"damage":10,"enemies":"Lagavulin","floor":6,"turns":6},{"damage":8,"enemies":"Jaw Worm","floor":7,"turns":3},{"damage":25,"enemies":"Gremlin Nob","floor":8,"turns":5},{"damage":1,"enemies":"Exordium Wildlife","floor":10,"turns":3},{"damage":4,"enemies":"3 Sentries","floor":11,"turns":7},{"damage":6,"enemies":"Gremlin Nob","floor":12,"turns":4},{"damage":13,"enemies":"3 Sentries","floor":14,"turns":7},{"damage":10,"enemies":"Slime Boss","floor":16,"turns":13},{"damage":0,"enemies":"theJungle:5_Spyders","floor":18,"turns":5},{"damage":27,"enemies":"theJungle:Cassacara","floor":20,"turns":11},{"damage":0,"enemies":"theJungle:MUSHROOMGANG","floor":22,"turns":4},{"damage":1,"enemies":"theJungle:MamaSnecko","floor":23,"turns":7},{"damage":0,"enemies":"theJungle:2_Phrogs","floor":25,"turns":7},{"damage":0,"enemies":"JungleHuntersEvent","floor":27,"turns":6},{"damage":0,"enemies":"theJungle:JungleHuntersEncounter","floor":28,"turns":4},{"damage":0,"enemies":"theJungle:Cassacara","floor":29,"turns":4},{"damage":0,"enemies":"theJungle:SlimyTreeVines","floor":31,"turns":6},{"damage":49,"enemies":"theJungle:FunGuy","floor":33,"turns":16},{"damage":0,"enemies":"3 Shapes","floor":35,"turns":2},{"damage":0,"enemies":"3 Darklings","floor":36,"turns":4},{"damage":0,"enemies":"Maw","floor":39,"turns":7},{"damage":20,"enemies":"Reptomancer","floor":40,"turns":4},{"damage":59,"enemies":"Sphere and 2 Shapes","floor":41,"turns":9},{"damage":6,"enemies":"Nemesis","floor":44,"turns":6},{"damage":0,"enemies":"4 Shapes","floor":45,"turns":4},{"damage":0,"enemies":"Giant Head","floor":48,"turns":8},{"damage":57,"enemies":"Awakened One","floor":50,"turns":9}],"seed_played":"6898990286666422380","potions_obtained":[{"floor":1,"key":"hermit:Tonic"},{"floor":10,"key":"Block Potion"},{"floor":11,"key":"BlessingOfTheForge"},{"floor":16,"key":"DistilledChaos"},{"floor":20,"key":"Weak Potion"},{"floor":22,"key":"CultistPotion"},{"floor":23,"key":"SpeedPotion"},{"floor":27,"key":"LiquidMemories"},{"floor":29,"key":"FairyPotion"},{"floor":39,"key":"GamblersBrew"}],"is_trial":true,"path_per_floor":["M","?","M","?","T","E","M","E","T","M","E","E","R","E","R","B",null,"M","?","E","$","M","E","$","E","T","?","M","E","$","M","R","B",null,"M","M","$","T","M","E","M","R","T","E","M","T","AVR","E","R","B",null],"character_chosen":"HERMIT","items_purchased":["hermit:GoldenBullet","hermit:Glare+1","Discovery+1","Sadistic Nature","ClockworkSouvenir","Lee\u0027s Waffle","Chrysalis+1"],"campfire_rested":4,"item_purchase_floors":[21,21,21,21,24,30,37],"current_hp_per_floor":[73,73,72,72,72,62,54,43,43,42,38,32,58,45,71,61,89,89,89,62,62,62,61,61,68,68,68,68,68,103,103,103,60,103,103,103,103,103,103,83,32,62,62,58,65,65,65,72,102,53],"gold":181,"neow_bonus":"","is_daily":false,"chose_seed":false,"campfire_upgraded":1,"win_rate":0.0,"timestamp":1610881670,"path_taken":["M","?","?","?","?","E","M","?","T","?","?","E","R","?","R","BOSS","M","?","?","$","?","E","?","?","T","?","M","E","?","M","R","BOSS","M","M","?","?","?","E","M","R","T","?","?","?","AVR","?","R","BOSS"],"items_purchased_type":["Card","Card","Card","Card","Relic","Relic","Card"],"build_version":"2020-12-22","purchased_purges":0,"victory":true,"max_hp_per_floor":[75,75,75,75,75,75,75,89,89,89,89,89,89,89,89,89,89,89,89,89,89,89,89,89,96,96,96,96,96,103,103,103,103,103,103,103,103,103,103,103,103,103,103,103,103,103,103,103,103,103],"card_choices":[{"not_picked":["hermit:Coalescence","hermit:FullyLoaded"],"picked":"hermit:HighCaliber","floor":1},{"not_picked":["hermit:Vantage","hermit:Coalescence"],"picked":"hermit:Misfire","floor":3},{"not_picked":["infinitespire:TheBestDefense","infinitespire:Oblivion"],"picked":"infinitespire:SevenWalls","floor":4},{"not_picked":["hermit:Brawl","hermit:Purgatory"],"picked":"hermit:EyeOfTheStorm","floor":6},{"not_picked":["hermit:Misfire","hermit:Roulette"],"picked":"hermit:ShadowCloak","floor":7},{"not_picked":["hermit:Coalescence","hermit:HighCaliber"],"picked":"hermit:Quickdraw","floor":8},{"not_picked":["hermit:ShadowCloak","hermit:Determination"],"picked":"Deep Breath+1","floor":10},{"not_picked":["hermit:SprayPray","hermit:ItchyTrigger"],"picked":"hermit:Vantage+1","floor":11},{"not_picked":["hermit:Roulette","hermit:HighCaliber"],"picked":"hermit:Quickdraw","floor":12},{"not_picked":["hermit:HighCaliber","hermit:Scavenge+1"],"picked":"hermit:Headshot","floor":13},{"not_picked":["hermit:PistolWhip","hermit:Snipe+1"],"picked":"Dark Shackles+1","floor":14},{"not_picked":["hermit:ItchyTrigger","hermit:DeadOrAlive"],"picked":"hermit:Dive+1","floor":15},{"not_picked":["hermit:TrackingShot+1","hermit:Desperado+1","hermit:LowProfile+1"],"picked":"SKIP","floor":18},{"not_picked":["hermit:Determination","hermit:Feint+1"],"picked":"hermit:SprayPray+1","floor":20},{"not_picked":["hermit:Quickdraw","hermit:Headshot","hermit:Manifest+1"],"picked":"SKIP","floor":22},{"not_picked":["hermit:Adapt","hermit:LowProfile+1"],"picked":"hermit:TakeCover+1","floor":23},{"not_picked":["hermit:SprayPray","hermit:Misfire"],"picked":"Deep Breath+1","floor":25},{"not_picked":["Dark Shackles+1","Enlightenment+1"],"picked":"Flash of Steel+1","floor":27},{"not_picked":["hermit:HighCaliber","hermit:Dive+1","hermit:Snipe+1"],"picked":"SKIP","floor":28},{"not_picked":["hermit:WideOpen","hermit:Horror+1"],"picked":"hermit:TrackingShot+1","floor":29},{"not_picked":["hermit:Dive+1","hermit:Snipe+1"],"picked":"Bandage Up+1","floor":31},{"not_picked":["Thinking Ahead+1","hermit:FatalDesire"],"picked":"HandOfGreed","floor":33},{"not_picked":["hermit:Snipe+1","Dark Shackles+1"],"picked":"hermit:Misfire+1","floor":35},{"not_picked":["hermit:Horror+1","Flash of Steel+1"],"picked":"hermit:Deadeye","floor":36},{"not_picked":["hermit:FullyLoaded+1","hermit:TrackingShot"],"picked":"hermit:Malice","floor":39},{"not_picked":["Forethought+1","hermit:Determination+1","hermit:Dive+1"],"picked":"SKIP","floor":40},{"not_picked":["hermit:Roulette+1","hermit:ItchyTrigger+1","hermit:Malice"],"picked":"SKIP","floor":41},{"not_picked":["hermit:TakeAim","hermit:Manifest+1"],"picked":"hermit:Malice+1","floor":42},{"not_picked":["hermit:SprayPray","Finesse+1"],"picked":"hermit:Spite+1","floor":44},{"not_picked":["hermit:ShadowCloak+1","hermit:Ricochet","hermit:CalledShot"],"picked":"SKIP","floor":45},{"not_picked":["hermit:Ricochet","hermit:CalledShot"],"picked":"hermit:ShadowCloak+1","floor":45},{"not_picked":["hermit:LoneWolf+1","hermit:EternalForm+1"],"picked":"hermit:FlashPowder+1","floor":48}],"player_experience":571741,"relics_obtained":[{"floor":5,"key":"hexamod:CandleOfCauterizing"},{"floor":6,"key":"Lantern"},{"floor":8,"key":"Mango"},{"floor":9,"key":"Toxic Egg 2"},{"floor":11,"key":"Unceasing Top"},{"floor":12,"key":"Dream Catcher"},{"floor":14,"key":"Potion Belt"},{"floor":20,"key":"Oddly Smooth Stone"},{"floor":23,"key":"Gremlin Horn"},{"floor":25,"key":"Strawberry"},{"floor":26,"key":"Bottled Flame"},{"floor":27,"key":"Kunai"},{"floor":29,"key":"infinitespire:Lucky Rock"},{"floor":38,"key":"Orichalcum"},{"floor":40,"key":"infinitespire:BottledMercury"},{"floor":43,"key":"HornCleat"},{"floor":44,"key":"MealTicket"},{"floor":46,"key":"Frozen Egg 2"},{"floor":48,"key":"bronze:BronzeIdol"}],"event_choices":[{"damage_healed":0,"gold_gain":100,"player_choice":"Gold","damage_taken":0,"max_hp_gain":0,"max_hp_loss":0,"event_name":"Wheel of Change","floor":2,"gold_loss":0},{"damage_healed":0,"gold_gain":0,"player_choice":"Forge","damage_taken":0,"max_hp_gain":0,"max_hp_loss":0,"event_name":"Accursed Blacksmith","floor":19,"gold_loss":0,"cards_upgraded":["infinitespire:SevenWalls"]}],"is_beta":false,"boss_relics":[{"not_picked":["Ectoplasm","Velvet Choker"],"picked":"SlaversCollar"},{"not_picked":["Sozu","SacredBark"],"picked":"hermit:ClaspedLocket"}],"items_purged_floors":[],"is_endless":false,"potions_floor_spawned":[1,10,11,16,20,22,23,27,29,39,40,41,44,48],"ascension_level":0}}