{"host":"0iey8v53xvwqxh5z","time":1610915685,"event":{"mods":["BaseMod","BetterRewards","Hermit","Hubris","Minty Spire (QoL Compilation)","Relic Stats","Replay The Spire","Shop Mod","StSLib","The Cursed"],"gold_per_floor":[111,129,79,5,20,20,35,35,35,53,53,53,83,8,8,106,106,123,123,238,238,258,287,287,50,50,83,83,96,96,108,108,205,205,224,33,48,48,58,58,93,93,93,120,139,150,80,91,91,91,91,91,91,124,124,124],"floor_reached":55,"language":"ENG","playtime":3245,"items_purged":["Strike_R"],"score":1382,"play_id":"e35d8054-7f38-407e-b123-a229c207288a","local_time":"20210117153445","is_ascension_mode":true,"campfire_choices":[{"data":"Bash","floor":6.0,"key":"SMITH"},{"data":"Pommel Strike","floor":8.0,"key":"SMITH"},{"data":"Massacre","floor":12.0,"key":"SMITH"},{"data":"Cleave","floor":15,"key":"SMITH"},{"data":"ReplayTheSpireMod:Strike From Hell","floor":24,"key":"SMITH"},{"data":"Demon Form","floor":28,"key":"SMITH"},{"data":"Uppercut","floor":28,"key":"SMITH"},{"data":"ReplayTheSpireMod:Strike From Hell","floor":30,"key":"SMITH"},{"data":"Defend_R","floor":30,"key":"SMITH"},{"data":"Strike_R","floor":32,"key":"SMITH"},{"data":"Strike_R","floor":32,"key":"SMITH"},{"data":"Magnetism","floor":40,"key":"SMITH"},{"data":"Strike_R","floor":40,"key":"SMITH"},{"floor":49,"key":"RECALL"},{"floor":52,"key":"REST"}],"circlet_count":0,"master_deck":["Strike_R+1","Strike_R+1","Strike_R+1","Defend_R+1","Defend_R+1","Defend_R+1","Bash+1","Shrug It Off+1","Cleave+1","Rage+1","True Grit+1","Pommel Strike+1","Warcry+1","ReplayTheSpireMod:Muscle Training+1","ReplayTheSpireMod:Corrosion Curse+1","Massacre+1","True Grit+1","Double Tap+1","CurseOfTheBell","Dropkick+1","Shrug It Off+1","ReplayTheSpireMod:Strike From Hell+1","Demon Form+1","ReplayTheSpireMod:Strike From Hell+1","Flex+1","Uppercut+1","Twin Strike+1","Body Slam+1","Offering+1","Massacre+1","Magnetism+1","hubris:NaturalOne","Life Link+1","ReplayTheSpireMod:Stacked+1","Pommel Strike+1","Spot Weakness+1","Replay:Many Hands+1","ReplayTheSpireMod:Stacked+1","ReplayReversal+1","Dual Wield+1"],"relics":["Burning Blood","OrangePellets","hubris:CrystalStatue","Toxic Egg 2","TungstenRod","ReplayTheSpireMod:TigerMarble","Calling Bell","War Paint","Question Card","hubris:MedicalManual","hubris:Icosahedron","King of Hearts","Pet Ghost","Replay:Arrowhead","Bottled Tornado","Sozu","Letter Opener","Gremlin Horn","hubris:Teleporter"],"acts_visited":["Exordium","TheCity","TheBeyond","TheEnding"],"potions_floor_usage":[13,16,16,23,33,55,55,55],"damage_taken":[{"damage":0.0,"enemies":"Cultist","floor":1.0,"turns":3.0},{"damage":0.0,"enemies":"Jaw Worm","floor":2.0,"turns":2.0},{"damage":0.0,"enemies":"Small Slimes","floor":5.0,"turns":2.0},{"damage":0.0,"enemies":"2 Fungi Beasts","floor":7.0,"turns":3.0},{"damage":0.0,"enemies":"3 Louse","floor":10.0,"turns":2.0},{"damage":0,"enemies":"Lagavulin","floor":13,"turns":6},{"damage":0,"enemies":"Slime Boss","floor":16,"turns":7},{"damage":9,"enemies":"Spheric Guardian","floor":18,"turns":6},{"damage":0,"enemies":"3 Byrds","floor":20,"turns":5},{"damage":0,"enemies":"Sentry and Sphere","floor":22,"turns":6},{"damage":0,"enemies":"Slavers","floor":23,"turns":4},{"damage":2,"enemies":"Replay:Snechameleon","floor":27,"turns":7},{"damage":0,"enemies":"Centurion and Healer","floor":29,"turns":4},{"damage":6,"enemies":"3 Cultists","floor":31,"turns":4},{"damage":2,"enemies":"Pondfish","floor":33,"turns":7},{"damage":5,"enemies":"3 Darklings","floor":35,"turns":3},{"damage":0,"enemies":"3 Shapes","floor":37,"turns":4},{"damage":14,"enemies":"Writhing Mass","floor":39,"turns":5},{"damage":18,"enemies":"R_Hoarder","floor":41,"turns":5},{"damage":6,"enemies":"Nemesis","floor":44,"turns":3},{"damage":0,"enemies":"4 Shapes","floor":45,"turns":3},{"damage":9,"enemies":"Maw","floor":46,"turns":5},{"damage":5,"enemies":"Sphere and 2 Shapes","floor":48,"turns":4},{"damage":19,"enemies":"hubris:GrandSnecko","floor":50,"turns":9},{"damage":40,"enemies":"Shield and Spear","floor":54,"turns":5},{"damage":114,"enemies":"The Heart","floor":55,"turns":5}],"seed_played":"-7100348518643395982","potions_obtained":[{"floor":1.0,"key":"GamblersBrew"},{"floor":2.0,"key":"AttackPotion"},{"floor":7.0,"key":"DistilledChaos"},{"floor":18,"key":"Regen Potion"},{"floor":27,"key":"SpeedPotion"},{"floor":29,"key":"BloodPotion"},{"floor":33,"key":"Strength Potion"}],"is_trial":false,"path_per_floor":["M","M","?","$","M","R","M","R","T","M","?","R","E","$","R","B",null,"M","?","M","?","M","E","R","$","T","E","R","M","R","M","R","B",null,"M","$","M","?","M","R","E","$","T","E","M","M","$","M","R","B",null,"R","$","E","B"],"character_chosen":"IRONCLAD","items_purchased":["OrangePellets","hubris:CrystalStatue","Toxic Egg 2","Shrug It Off+1","True Grit+1","Pommel Strike","Pet Ghost","Flex+1","Uppercut","Magnetism","ReplayTheSpireMod:Stacked+1"],"campfire_rested":1,"item_purchase_floors":[0,0,0,0,4,4,25,25,25,36,47],"current_hp_per_floor":[56,62,62,62,68,68,74,74,74,80,80,80,80,80,80,80,80,77,77,80,80,80,80,80,80,80,80,80,80,80,80,80,80,80,80,80,80,80,72,72,60,60,60,60,66,63,63,64,64,51,80,80,80,46,0,0],"gold":124,"neow_bonus":"","is_daily":false,"chose_seed":false,"campfire_upgraded":13,"win_rate":0.0,"timestamp":1610915685,"path_taken":["M","?","?","?","M","R","M","R","T","M","?","R","E","$","R","BOSS","M","?","M","?","M","E","R","$","T","E","R","M","R","M","R","BOSS","M","$","M","?","M","R","E","$","T","E","M","M","?","M","R","BOSS","R","$","E","BOSS"],"items_purchased_type":["Relic","Relic","Relic","Card","Card","Card","Relic","Card","Card","Card","Card"],"build_version":"2020-12-22","purchased_purges":1,"victory":false,"max_hp_per_floor":[80,80,80,80,80,80,80,80,80,80,80,80,80,80,80,80,80,80,80,80,80,80,80,80,80,80,80,80,80,80,80,80,80,80,80,80,80,80,80,80,80,80,80,80,80,80,80,80,80,80,80,80,80,80,80,80],"relic_stats":{"Sozu":5,"OrangePellets":[8],"Gremlin Horn":[5,5],"counters":[597,2969],"Letter Opener":[116],"War Paint":["Defend_R","Defend_R"],"Question Card":17,"obtain_stats":[{"Replay:Accelerometer":42,"hubris:MysteriousPyramids":42,"Sling":53,"Ring of Searing":46,"Blood Vial":25,"Replay:Wanted Poster":38,"hubris:HerbalPaste":53,"hubris:AstralHammer":44,"Fusion Hammer":17,"HandDrill":57,"Replay:Bottled Flurry":23,"Replay:Bottled Steam":36,"TheCursedMod:BlackMagic101":0,"MerchantsRug":19,"Eternal Feather":23,"Pen Nib":31,"Bird Faced Urn":14,"ReplayTheSpireMod:Ring of Collecting":2,"Unceasing Top":0,"hubris:Reverence":54,"Regal Pillow":6,"Torii":0,"GremlinMask":29,"King of Hearts":23,"hubris:EmptyBottle":0,"Ancient Tea Set":44,"Pet Ghost":10,"Burning Blood":0,"hubris:Backtick":17,"Toolbox":3,"hubris:CuriousFeather":0,"Chemical X":0,"Replay:Bottled Eggs":28,"InkBottle":40,"Potion Belt":45,"Lee\u0027s Waffle":0,"Golden Idol":3,"hubris:64BitClover":28,"PreservedInsect":26,"Ring of Greed":5,"hubris:Towel":37,"Replay:Arrowhead":0,"hubris:Spice":0,"Ornamental Fan":0,"Ring of Misfortune":20,"Garlic":26,"Durian":9,"hubris:BottledRain":9,"Ice Cream":39,"Calipers":0,"Gremlin Horn":20,"Nilry\u0027s Codex":19,"hubris:VirtuousBlindfold":34,"hubris:TerracottaHorce":19,"Sozu":34,"Centennial Puzzle":8,"Honey Jar":0,"Philosopher\u0027s Stone":17,"Iron Hammer":0,"Girya":26,"hubris:Teleporter":13,"hubris:DuctTape":57,"ReplayTheSpireMod:CursedCoin":0,"Ring of Chaos":34,"WarpedTongs":2,"hubris:Zylophone":0,"OrangePellets":0,"hubris:PeanutButter":9,"Onion Ring":54,"Mirror":38,"Pocketwatch":0,"Juzu Bracelet":42,"Empty Cage":34,"Dream Catcher":6,"Nunchaku":53,"hubris:Icosahedron":9,"Chameleon Ring":11,"Red Mask":21,"Replay:Bottled Snecko":28,"hubris:MedicalManual":42,"Replay:WaspNest":53,"Odd Mushroom":10,"Medical Kit":0,"Mercury Hourglass":0,"Calling Bell":17,"Strange Spoon":0,"Cauldron":53,"Pondfish Scales":14,"HolyWater":34,"hubris:BundleOfHerbs":0,"Bag of Marbles":31,"Membership Card":0,"FossilizedHelix":6,"hubris:OldNail":0,"ReplayTheSpireMod:ShopPack":45,"Golden Egg":20,"Whetstone":44,"Ginger":0,"Bottled Tornado":27,"Boot":40,"Old Coin":5,"Replay:Ringing Soul":53,"TheCursedMod:CrystalBall":7,"hubris:DeckOfHolding":40,"MealTicket":28,"Kunai":29,"Replay:Wax Seal":0,"hubris:TinFlute":28,"Pear":58,"Counterbalance":0,"ReplayTheSpireMod:Ring of Addiction":26,"hubris:SphereOfDissonance":40,"Replay:Ancient Bell":17,"SlaversCollar":34,"Runic Dome":34,"hubris:TenFootPole":0,"Kintsugi":17,"Abe\u0027s Treasure":17,"TheCursedMod:SoulVessel":46,"TheCursedMod:FourLeafCloverCharm":17,"Lantern":53,"Blue Doll":27,"StoneCalendar":53,"Bag of Preparation":46,"Replay:Multitool":40,"Cursed Key":17,"hubris:EvacipatedBox":41,"Replay:Rubber Ducky":0,"Matryoshka":6,"Ring of Peace":11,"WingedGreaves":0,"hubris:FunFungus":43,"Ring of Panic":5,"hubris:GlazedTorus":0,"TheCursedMod:BlackMagicAdvanced":34,"Thread and Needle":0,"Frozen Egg 2":0,"MawBank":13,"Bloody Idol":27,"Orrery":0,"Bottled Lightning":54,"ReplayTheSpireMod:Ring of Challenge":20,"ReplayTheSpireMod:Lightbulb":54,"Toy Ornithopter":9,"Mark of the Bloom":49,"hubris:CrystalStatue":34,"TheCursedMod:Tack":54,"Vajra":0,"Lizard Tail":25,"HornCleat":0,"DollysMirror":28,"Strawberry":46,"Toxic Egg 2":0,"Happy Flower":53,"Ring of Hypnosis":5,"Oddly Smooth Stone":0,"Replay:Kaleidoscope":47,"Letter Opener":53,"War Paint":0,"Question Card":17,"Replay:Baseball":21,"Bottled Flame":9,"ReplayTheSpireMod:Shallot":9,"Shuriken":9,"Bronze Scales":27,"Simple Rune":23,"Molten Egg 2":21,"Black Star":34,"ReplayTheSpireMod:TigerMarble":39,"hubris:ToyBattleship":26,"Nloth\u0027s Gift":30,"Grinning Jar":11,"Meat on the Bone":15,"ReplayFunnel":21,"Darkstone Periapt":30,"TheCursedMod:BloodyHarpoon":54,"ReplayTheSpireMod:Ring of Exchange":5,"Replay:PocketPolymizer":0,"Snecko Heart":24,"Mango":0,"Incense Burner":0,"hubris:SlimyHat":28,"ClockworkSouvenir":22,"Frozen Eye":38,"SsserpentHead":5,"Replay:Bandana":7,"Mummified Hand":53,"Pantograph":22,"Gambling Chip":0,"Gremlin Food":28,"hubris:DisguiseKit":14,"BargainBundle":0,"Replay:Towering Pillar of Hats":0,"Quantum Egg":0,"TheCursedMod:MagicCandle":0,"Orichalcum":0,"White Beast Statue":0,"Peace Pipe":12,"CaptainsWheel":19,"Anchor":10,"TheCursedMod:OminousMark":34,"ChewingGum":53,"Ring of Fury":2,"Snack Pack":54,"Coffee Dripper":17,"hubris:GrandSneckoEye":17,"PureWater":0,"TungstenRod":44,"hubris:Potato":0,"hubris:NiceRug":53},{"Replay:Accelerometer":327,"hubris:MysteriousPyramids":107,"Sling":221,"Ring of Searing":385,"Blood Vial":12,"Replay:Wanted Poster":75,"hubris:HerbalPaste":144,"hubris:AstralHammer":50,"Fusion Hammer":397,"HandDrill":84,"Replay:Bottled Flurry":524,"Replay:Bottled Steam":324,"TheCursedMod:BlackMagic101":0,"MerchantsRug":398,"Eternal Feather":11,"Pen Nib":13,"Bird Faced Urn":342,"ReplayTheSpireMod:Ring of Collecting":445,"Unceasing Top":146,"hubris:Reverence":197,"Regal Pillow":309,"Torii":198,"GremlinMask":292,"King of Hearts":582,"hubris:EmptyBottle":25,"Ancient Tea Set":79,"Pet Ghost":61,"Burning Blood":0,"hubris:Backtick":370,"Toolbox":1,"hubris:CuriousFeather":171,"Chemical X":25,"Replay:Bottled Eggs":348,"InkBottle":326,"Potion Belt":20,"Lee\u0027s Waffle":115,"Golden Idol":59,"hubris:64BitClover":129,"PreservedInsect":41,"Ring of Greed":279,"hubris:Towel":47,"Replay:Arrowhead":25,"hubris:Spice":25,"Ornamental Fan":171,"Ring of Misfortune":424,"Garlic":12,"Durian":175,"hubris:BottledRain":200,"Ice Cream":105,"Calipers":57,"Gremlin Horn":37,"Nilry\u0027s Codex":180,"hubris:VirtuousBlindfold":351,"hubris:TerracottaHorce":65,"Sozu":586,"Centennial Puzzle":30,"Honey Jar":0,"Philosopher\u0027s Stone":7,"Iron Hammer":57,"Girya":69,"hubris:Teleporter":33,"hubris:DuctTape":83,"ReplayTheSpireMod:CursedCoin":246,"Ring of Chaos":493,"WarpedTongs":87,"hubris:Zylophone":25,"OrangePellets":25,"hubris:PeanutButter":4,"Onion Ring":114,"Mirror":47,"Pocketwatch":416,"Juzu Bracelet":270,"Empty Cage":213,"Dream Catcher":3,"Nunchaku":169,"hubris:Icosahedron":60,"Chameleon Ring":366,"Red Mask":97,"Replay:Bottled Snecko":129,"hubris:MedicalManual":138,"Replay:WaspNest":415,"Odd Mushroom":448,"Medical Kit":277,"Mercury Hourglass":25,"Calling Bell":578,"Strange Spoon":86,"Cauldron":196,"Pondfish Scales":63,"HolyWater":530,"hubris:BundleOfHerbs":86,"Bag of Marbles":45,"Membership Card":25,"FossilizedHelix":29,"hubris:OldNail":57,"ReplayTheSpireMod:ShopPack":243,"Golden Egg":207,"Whetstone":20,"Ginger":86,"Bottled Tornado":583,"Boot":269,"Old Coin":279,"Replay:Ringing Soul":144,"TheCursedMod:CrystalBall":90,"hubris:DeckOfHolding":106,"MealTicket":233,"Kunai":70,"Replay:Wax Seal":25,"hubris:TinFlute":183,"Pear":85,"Counterbalance":25,"ReplayTheSpireMod:Ring of Addiction":457,"hubris:SphereOfDissonance":19,"Replay:Ancient Bell":343,"SlaversCollar":14,"Runic Dome":236,"hubris:TenFootPole":334,"Kintsugi":229,"Abe\u0027s Treasure":154,"TheCursedMod:SoulVessel":52,"TheCursedMod:FourLeafCloverCharm":122,"Lantern":196,"Blue Doll":127,"StoneCalendar":169,"Bag of Preparation":21,"Replay:Multitool":48,"Cursed Key":35,"hubris:EvacipatedBox":465,"Replay:Rubber Ducky":25,"Matryoshka":419,"Ring of Peace":152,"WingedGreaves":115,"hubris:FunFungus":242,"Ring of Panic":279,"hubris:GlazedTorus":86,"TheCursedMod:BlackMagicAdvanced":431,"Thread and Needle":198,"Frozen Egg 2":198,"MawBank":94,"Bloody Idol":182,"Orrery":25,"Bottled Lightning":389,"ReplayTheSpireMod:Ring of Challenge":424,"ReplayTheSpireMod:Lightbulb":222,"Toy Ornithopter":251,"Mark of the Bloom":80,"hubris:CrystalStatue":73,"TheCursedMod:Tack":170,"Vajra":361,"Lizard Tail":126,"HornCleat":115,"DollysMirror":12,"Strawberry":166,"Toxic Egg 2":86,"Happy Flower":196,"Ring of Hypnosis":392,"Oddly Smooth Stone":25,"Replay:Kaleidoscope":141,"Letter Opener":275,"War Paint":25,"Question Card":578,"Replay:Baseball":9,"Bottled Flame":151,"ReplayTheSpireMod:Shallot":119,"Shuriken":30,"Bronze Scales":291,"Simple Rune":98,"Molten Egg 2":124,"Black Star":46,"ReplayTheSpireMod:TigerMarble":105,"hubris:ToyBattleship":232,"Nloth\u0027s Gift":491,"Grinning Jar":5,"Meat on the Bone":63,"ReplayFunnel":258,"Darkstone Periapt":264,"TheCursedMod:BloodyHarpoon":276,"ReplayTheSpireMod:Ring of Exchange":392,"Replay:PocketPolymizer":223,"Snecko Heart":401,"Mango":25,"Incense Burner":25,"hubris:SlimyHat":69,"ClockworkSouvenir":180,"Frozen Eye":134,"SsserpentHead":476,"Replay:Bandana":119,"Mummified Hand":220,"Pantograph":97,"Gambling Chip":146,"Gremlin Food":43,"hubris:DisguiseKit":94,"BargainBundle":361,"Replay:Towering Pillar of Hats":115,"Quantum Egg":223,"TheCursedMod:MagicCandle":25,"Orichalcum":334,"White Beast Statue":25,"Peace Pipe":62,"CaptainsWheel":123,"Anchor":176,"TheCursedMod:OminousMark":161,"ChewingGum":415,"Ring of Fury":445,"Snack Pack":24,"Coffee Dripper":95,"hubris:GrandSneckoEye":315,"PureWater":0,"TungstenRod":243,"hubris:Potato":511,"hubris:NiceRug":55},{"Replay:Accelerometer":1603,"hubris:MysteriousPyramids":566,"Sling":1169,"Ring of Searing":1948,"Blood Vial":62,"Replay:Wanted Poster":406,"hubris:HerbalPaste":727,"hubris:AstralHammer":280,"Fusion Hammer":2023,"HandDrill":443,"Replay:Bottled Flurry":2655,"Replay:Bottled Steam":1591,"TheCursedMod:BlackMagic101":0,"MerchantsRug":2026,"Eternal Feather":58,"Pen Nib":66,"Bird Faced Urn":1675,"ReplayTheSpireMod:Ring of Collecting":2215,"Unceasing Top":738,"hubris:Reverence":1023,"Regal Pillow":1511,"Torii":1030,"GremlinMask":1440,"King of Hearts":2896,"hubris:EmptyBottle":130,"Ancient Tea Set":424,"Pet Ghost":338,"Burning Blood":0,"hubris:Backtick":1866,"Toolbox":3,"hubris:CuriousFeather":879,"Chemical X":130,"Replay:Bottled Eggs":1710,"InkBottle":1600,"Potion Belt":102,"Lee\u0027s Waffle":616,"Golden Idol":330,"hubris:64BitClover":664,"PreservedInsect":213,"Ring of Greed":1396,"hubris:Towel":252,"Replay:Arrowhead":130,"hubris:Spice":130,"Ornamental Fan":879,"Ring of Misfortune":2139,"Garlic":62,"Durian":896,"hubris:BottledRain":1037,"Ice Cream":557,"Calipers":327,"Gremlin Horn":188,"Nilry\u0027s Codex":930,"hubris:VirtuousBlindfold":1732,"hubris:TerracottaHorce":357,"Sozu":2918,"Centennial Puzzle":151,"Honey Jar":0,"Philosopher\u0027s Stone":32,"Iron Hammer":327,"Girya":378,"hubris:Teleporter":163,"hubris:DuctTape":439,"ReplayTheSpireMod:CursedCoin":1253,"Ring of Chaos":2483,"WarpedTongs":459,"hubris:Zylophone":130,"OrangePellets":130,"hubris:PeanutButter":14,"Onion Ring":607,"Mirror":252,"Pocketwatch":2099,"Juzu Bracelet":1356,"Empty Cage":1127,"Dream Catcher":13,"Nunchaku":853,"hubris:Icosahedron":331,"Chameleon Ring":1834,"Red Mask":507,"Replay:Bottled Snecko":664,"hubris:MedicalManual":700,"Replay:WaspNest":2096,"Odd Mushroom":2235,"Medical Kit":1392,"Mercury Hourglass":130,"Calling Bell":2875,"Strange Spoon":455,"Cauldron":1017,"Pondfish Scales":347,"HolyWater":2678,"hubris:BundleOfHerbs":455,"Bag of Marbles":237,"Membership Card":130,"FossilizedHelix":143,"hubris:OldNail":327,"ReplayTheSpireMod:ShopPack":1239,"Golden Egg":1076,"Whetstone":102,"Ginger":455,"Bottled Tornado":2903,"Boot":1351,"Old Coin":1396,"Replay:Ringing Soul":727,"TheCursedMod:CrystalBall":470,"hubris:DeckOfHolding":562,"MealTicket":1209,"Kunai":384,"Replay:Wax Seal":130,"hubris:TinFlute":946,"Pear":448,"Counterbalance":130,"ReplayTheSpireMod:Ring of Addiction":2275,"hubris:SphereOfDissonance":95,"Replay:Ancient Bell":1685,"SlaversCollar":79,"Runic Dome":1218,"hubris:TenFootPole":1640,"Kintsugi":1197,"Abe\u0027s Treasure":773,"TheCursedMod:SoulVessel":289,"TheCursedMod:FourLeafCloverCharm":637,"Lantern":1017,"Blue Doll":659,"StoneCalendar":853,"Bag of Preparation":107,"Replay:Multitool":266,"Cursed Key":180,"hubris:EvacipatedBox":2310,"Replay:Rubber Ducky":130,"Matryoshka":2113,"Ring of Peace":758,"WingedGreaves":616,"hubris:FunFungus":1235,"Ring of Panic":1396,"hubris:GlazedTorus":455,"TheCursedMod:BlackMagicAdvanced":2162,"Thread and Needle":1030,"Frozen Egg 2":1030,"MawBank":487,"Bloody Idol":943,"Orrery":130,"Bottled Lightning":1968,"ReplayTheSpireMod:Ring of Challenge":2139,"ReplayTheSpireMod:Lightbulb":1173,"Toy Ornithopter":1275,"Mark of the Bloom":427,"hubris:CrystalStatue":397,"TheCursedMod:Tack":863,"Vajra":1798,"Lizard Tail":654,"HornCleat":616,"DollysMirror":62,"Strawberry":832,"Toxic Egg 2":455,"Happy Flower":1017,"Ring of Hypnosis":1982,"Oddly Smooth Stone":130,"Replay:Kaleidoscope":712,"Letter Opener":1379,"War Paint":130,"Question Card":2875,"Replay:Baseball":45,"Bottled Flame":753,"ReplayTheSpireMod:Shallot":625,"Shuriken":151,"Bronze Scales":1437,"Simple Rune":510,"Molten Egg 2":644,"Black Star":245,"ReplayTheSpireMod:TigerMarble":557,"hubris:ToyBattleship":1206,"Nloth\u0027s Gift":2466,"Grinning Jar":21,"Meat on the Bone":347,"ReplayFunnel":1308,"Darkstone Periapt":1332,"TheCursedMod:BloodyHarpoon":1384,"ReplayTheSpireMod:Ring of Exchange":1982,"Replay:PocketPolymizer":1179,"Snecko Heart":2037,"Mango":130,"Incense Burner":130,"hubris:SlimyHat":378,"ClockworkSouvenir":930,"Frozen Eye":679,"SsserpentHead":2367,"Replay:Bandana":625,"Mummified Hand":1161,"Pantograph":507,"Gambling Chip":738,"Gremlin Food":227,"hubris:DisguiseKit":487,"BargainBundle":1798,"Replay:Towering Pillar of Hats":616,"Quantum Egg":1179,"TheCursedMod:MagicCandle":130,"Orichalcum":1640,"White Beast Statue":130,"Peace Pipe":342,"CaptainsWheel":643,"Anchor":902,"TheCursedMod:OminousMark":811,"ChewingGum":2096,"Ring of Fury":2215,"Snack Pack":121,"Coffee Dripper":498,"hubris:GrandSneckoEye":1546,"PureWater":0,"TungstenRod":1239,"hubris:Potato":2618,"hubris:NiceRug":311}],"Burning Blood":99,"TungstenRod":80},"card_choices":[{"not_picked":["Headbutt","Massacre"],"picked":"Cleave","floor":1.0},{"not_picked":["Uppercut","Heavy Blade"],"picked":"Rage+1","floor":2.0},{"not_picked":["hubris:ReadiedAction+1","Sword Boomerang"],"picked":"Warcry+1","floor":5.0},{"not_picked":["ReplayTheSpireMod:Limb From Limb","Armaments+1"],"picked":"ReplayTheSpireMod:Muscle Training+1","floor":7.0},{"not_picked":["Twin Strike","Iron Wave"],"picked":"ReplayTheSpireMod:Corrosion Curse+1","floor":10.0},{"not_picked":["Inflame","Rampage"],"picked":"True Grit+1","floor":13},{"not_picked":["Bludgeon","Fiend Fire"],"picked":"Double Tap+1","floor":16},{"not_picked":["Iron Wave","Thunderclap+1","Warcry+1"],"picked":"Dropkick+1","floor":18},{"not_picked":["Replay:Undeath\u0027s Touch","True Grit+1","Armaments+1"],"picked":"Shrug It Off+1","floor":20},{"not_picked":["Pommel Strike","Headbutt","True Grit+1"],"picked":"Demon Form","floor":22},{"not_picked":["Replay:Many Hands+1","Anger","Defy Death+1"],"picked":"ReplayTheSpireMod:Strike From Hell","floor":23},{"not_picked":["Bludgeon","Whirlwind","Demonic Infusion+1","Carnage"],"picked":"SKIP","floor":27},{"not_picked":["ReplayTheSpireMod:Muscle Training+1","Pommel Strike","Life Link"],"picked":"Twin Strike+1","floor":29},{"not_picked":["Clothesline","Anger","Flex+1"],"picked":"Body Slam+1","floor":31},{"not_picked":["Brutality","Bludgeon","Double Tap+1"],"picked":"Offering+1","floor":33},{"not_picked":["Iron Wave","Searing Blow","Rupture"],"picked":"Massacre+1","floor":35},{"not_picked":["Infernal Blade+1","Run Through","Shrug It Off+1"],"picked":"Life Link+1","floor":37},{"not_picked":["Cleave","Warcry+1","Power Through+1"],"picked":"Pommel Strike+1","floor":39},{"not_picked":["Heavy Blade","Anger+1","Inflame+1"],"picked":"Spot Weakness+1","floor":41},{"not_picked":["Defy Death+1","ReplayTheSpireMod:Corrosion Curse+1","Sever Soul+1"],"picked":"Replay:Many Hands+1","floor":44},{"not_picked":["Blood for Blood","Iron Wave","Defy Death+1","Body Slam+1"],"picked":"SKIP","floor":45},{"not_picked":["ReplayTheSpireMod:Strike From Hell","Clash","Twin Strike+1","Flex+1"],"picked":"SKIP","floor":46},{"not_picked":["Thunderclap","Pommel Strike","Defy Death+1"],"picked":"ReplayReversal+1","floor":48},{"not_picked":["Clash","Demonic Infusion+1","Headbutt+1"],"picked":"Dual Wield+1","floor":54}],"player_experience":268286,"relics_obtained":[{"floor":9.0,"key":"TungstenRod"},{"floor":13,"key":"ReplayTheSpireMod:TigerMarble"},{"floor":17,"key":"War Paint"},{"floor":17,"key":"Question Card"},{"floor":17,"key":"hubris:MedicalManual"},{"floor":23,"key":"King of Hearts"},{"floor":26,"key":"Replay:Arrowhead"},{"floor":27,"key":"Bottled Tornado"},{"floor":41,"key":"Letter Opener"},{"floor":44,"key":"Gremlin Horn"},{"floor":54,"key":"hubris:Teleporter"}],"event_choices":[{"cards_removed":["Defend_R"],"damage_healed":0.0,"max_hp_gain":0.0,"max_hp_loss":0.0,"gold_gain":0.0,"event_name":"The Cleric","player_choice":"Card Removal","floor":3.0,"gold_loss":50.0,"damage_taken":0.0},{"damage_healed":0.0,"max_hp_gain":0.0,"max_hp_loss":0.0,"gold_gain":0.0,"cards_transformed":["Strike_R"],"event_name":"Living Wall","player_choice":"Change","floor":11.0,"gold_loss":0.0,"damage_taken":0.0,"cards_obtained":["Massacre"]},{"damage_healed":0,"gold_gain":0,"player_choice":"Read","damage_taken":0,"max_hp_gain":0,"max_hp_loss":0,"event_name":"The Library","floor":21,"gold_loss":0,"cards_obtained":["ReplayTheSpireMod:Strike From Hell"]}],"is_beta":false,"boss_relics":[{"not_picked":["SacredBark","Ectoplasm"],"picked":"Calling Bell"},{"not_picked":["hubris:ScarierMask","Replay:Bronze Core"],"picked":"Sozu"}],"items_purged_floors":[14],"is_endless":false,"potions_floor_spawned":[1,2,7,18,27,29,33,35,37,44,48,54],"killed_by":"The Heart","ascension_level":1}}