{"host":"7w5rsz9p0drt1vco","time":1610843997,"event":{"mods":["Aspiration","BaseMod","Colored Powertips","Conspire","Hubris","Infinite Spire","Jedi Mod","Minty Spire (QoL Compilation)","Replay The Spire","StSLib","The Construct","The Cursed","The Jungle","The Mystic","The Runesmith","The Spell Scribe"],"gold_per_floor":[114,114,134,152,152,152,152],"floor_reached":6,"language":"ENG","playtime":542,"items_purged":[],"score":40,"play_id":"2aa70a30-1f67-48de-83ab-637910af5920","local_time":"20210116213957","is_ascension_mode":true,"campfire_choices":[],"circlet_count":0,"master_deck":["Strike_G","Strike_G","Strike_G+1","Strike_G","Strike_G","Defend_G","Defend_G","Defend_G+1","Defend_G","Defend_G+1","Survivor","Neutralize","PiercingWail","ReplayTheSpireMod:The Works","Outmaneuver"],"relics":["Ring of the Snake"],"acts_visited":["Exordium"],"potions_floor_usage":[6],"damage_taken":[{"damage":0,"enemies":"Jaw Worm","floor":1,"turns":4},{"damage":0,"enemies":"2 Louse","floor":3,"turns":3},{"damage":0,"enemies":"Cultist","floor":4,"turns":4},{"damage":31,"enemies":"3 Sentries","floor":6,"turns":5}],"seed_played":"4699834974142550920","potions_obtained":[{"floor":4,"key":"FearPotion"},{"floor":5,"key":"Regen Potion"},{"floor":5,"key":"Energy Potion"}],"is_trial":false,"path_per_floor":["M","?","M","M","?","E"],"character_chosen":"THE_SILENT","items_purchased":[],"campfire_rested":0,"item_purchase_floors":[],"current_hp_per_floor":[70,56,56,56,56,40,40],"gold":152,"neow_bonus":"RANDOM_EVENT","is_daily":false,"chose_seed":false,"campfire_upgraded":0,"win_rate":0.0,"timestamp":1610843997,"path_taken":["M","?","M","M","?","E"],"items_purchased_type":[],"build_version":"2020-12-22","purchased_purges":0,"victory":false,"max_hp_per_floor":[70,70,70,70,70,70,70],"card_choices":[{"not_picked":["Outmaneuver","Flying Knee"],"picked":"PiercingWail","floor":1},{"not_picked":["Dagger Spray","Blade Dance"],"picked":"ReplayTheSpireMod:The Works","floor":3},{"not_picked":["Dodge and Roll","Crippling Poison"],"picked":"Outmaneuver","floor":4}],"player_experience":146789,"relics_obtained":[],"event_choices":[{"damage_healed":0,"gold_gain":0,"player_choice":"Entered Light","damage_taken":14,"max_hp_gain":0,"max_hp_loss":0,"event_name":"Shining Light","floor":2,"gold_loss":0,"cards_upgraded":["Defend_G","Strike_G"]},{"damage_healed":0,"gold_gain":0,"player_choice":"Got Potions","damage_taken":0,"max_hp_gain":0,"max_hp_loss":0,"event_name":"Lab","floor":5,"gold_loss":0}],"is_beta":false,"boss_relics":[],"items_purged_floors":[],"is_endless":false,"potions_floor_spawned":[4],"killed_by":"3 Sentries","ascension_level":2}}