{"host":"0tiuc76yumknr6qf","time":1610852463,"event":{"mods":["Aspiration","BaseMod","Bestiary","Colored Map","DeckTracker","Highlight Path","Minty Spire (QoL Compilation)","StSLib"],"gold_per_floor":[119,137,137,137,152,152,163,238,262,262,262,262,164,189,189,280,280,300,149,149,169,190,190,190,190],"floor_reached":24,"language":"ENG","playtime":846,"items_purged":["Strike_B"],"score":372,"play_id":"6c1ba497-58a5-4554-b708-b48ab46be6fe","local_time":"20210116210103","is_ascension_mode":true,"campfire_choices":[{"data":"Sweeping Beam","floor":6.0,"key":"SMITH"},{"data":"aspiration:Polymerization","floor":10.0,"key":"SMITH"},{"data":"Zap","floor":12.0,"key":"SMITH"},{"floor":15.0,"key":"REST"},{"floor":23.0,"key":"REST"}],"circlet_count":0,"master_deck":["AscendersBane","Strike_B","Defend_B","Defend_B","Defend_B","Defend_B","Zap+1","Dualcast","Ball Lightning","Sweeping Beam+1","Conserve Battery","aspiration:Polymerization+1","Dark Shackles","Electrodynamics","Echo Form","Cold Snap","Loop","Cold Snap","Doom and Gloom+1"],"relics":["Cracked Core","aspiration:Nostalgia","PureWater","Lantern","Golden Idol","Philosopher\u0027s Stone"],"acts_visited":["Exordium","TheCity"],"potions_floor_usage":[24],"damage_taken":[{"damage":2.0,"enemies":"Jaw Worm","floor":1.0,"turns":3.0},{"damage":7.0,"enemies":"Small Slimes","floor":2.0,"turns":3.0},{"damage":0.0,"enemies":"Cultist","floor":5.0,"turns":2.0},{"damage":8.0,"enemies":"Exordium Wildlife","floor":7.0,"turns":5.0},{"damage":8.0,"enemies":"Large Slime","floor":14.0,"turns":4.0},{"damage":29.0,"enemies":"The Guardian","floor":16.0,"turns":12.0},{"damage":26.0,"enemies":"Shell Parasite","floor":18.0,"turns":5.0},{"damage":14.0,"enemies":"2 Thieves","floor":21.0,"turns":4.0},{"damage":10.0,"enemies":"Snecko","floor":22.0,"turns":6.0},{"damage":29,"enemies":"Slavers","floor":24,"turns":2}],"seed_played":"-3565652556171808553","potions_obtained":[{"floor":2.0,"key":"Weak Potion"},{"floor":7.0,"key":"SpeedPotion"},{"floor":18.0,"key":"Block Potion"}],"is_trial":false,"path_per_floor":["M","M","?","?","M","R","M","?","T","R","?","R","$","M","R","B",null,"M","$","?","M","M","R","E"],"character_chosen":"DEFECT","items_purchased":["Dark Shackles","Loop"],"campfire_rested":2,"item_purchase_floors":[13,19],"current_hp_per_floor":[62,55,55,55,55,55,47,36,36,36,36,36,36,28,47,18,53,27,27,27,13,3,22,0,0],"gold":190,"neow_bonus":"NOSTALGIA","is_daily":false,"chose_seed":false,"campfire_upgraded":3,"win_rate":0.0,"timestamp":1610852463,"path_taken":["M","M","?","?","?","R","M","?","T","R","?","R","?","M","R","BOSS","M","$","?","M","?","R","E"],"items_purchased_type":["Card","Card"],"build_version":"2020-12-22","purchased_purges":1,"victory":false,"max_hp_per_floor":[71,71,71,71,71,71,71,71,71,71,64,64,64,64,64,64,64,64,64,64,64,64,64,64,64],"card_choices":[{"not_picked":["Coolheaded","Consume"],"picked":"Ball Lightning","floor":1.0},{"not_picked":["Coolheaded","Turbo"],"picked":"Sweeping Beam","floor":2.0},{"not_picked":["BootSequence","Hello World"],"picked":"Conserve Battery","floor":5.0},{"not_picked":["Compile Driver","Rebound"],"picked":"aspiration:Polymerization","floor":7.0},{"not_picked":["Coolheaded","Leap"],"picked":"Electrodynamics","floor":14.0},{"not_picked":["Electrodynamics","Thunder Strike"],"picked":"Echo Form","floor":16.0},{"not_picked":["Fusion","Go for the Eyes"],"picked":"Cold Snap","floor":18.0},{"not_picked":["Gash","Redo"],"picked":"Cold Snap","floor":21.0},{"not_picked":["Storm","Beam Cell"],"picked":"Doom and Gloom+1","floor":22.0}],"player_experience":1896686,"relics_obtained":[{"floor":9.0,"key":"Lantern"}],"event_choices":[{"damage_healed":0.0,"max_hp_gain":0.0,"max_hp_loss":0.0,"gold_gain":0.0,"event_name":"Liars Game","player_choice":"Ignored","floor":3.0,"gold_loss":0.0,"damage_taken":0.0},{"cards_removed":["Strike_B"],"damage_healed":0.0,"max_hp_gain":0.0,"max_hp_loss":0.0,"gold_gain":0.0,"event_name":"Bonfire Elementals","player_choice":"Offered Basic","floor":4.0,"gold_loss":0.0,"damage_taken":0.0},{"damage_healed":0.0,"max_hp_gain":0.0,"max_hp_loss":0.0,"gold_gain":75.0,"event_name":"World of Goop","player_choice":"Gather Gold","floor":8.0,"gold_loss":0.0,"damage_taken":11.0},{"damage_healed":0.0,"max_hp_gain":0.0,"max_hp_loss":7.0,"gold_gain":0.0,"event_name":"Golden Idol","player_choice":"Lose Max HP","floor":11.0,"gold_loss":0.0,"damage_taken":0.0,"relics_obtained":["Golden Idol"]},{"cards_removed":["Strike_B"],"damage_healed":0.0,"max_hp_gain":0.0,"max_hp_loss":0.0,"gold_gain":0.0,"event_name":"Wheel of Change","player_choice":"Card Removal","floor":20.0,"gold_loss":0.0,"damage_taken":0.0}],"is_beta":false,"boss_relics":[{"not_picked":["Busted Crown","Astrolabe"],"picked":"Philosopher\u0027s Stone"}],"items_purged_floors":[19],"is_endless":false,"potions_floor_spawned":[2,7,18],"killed_by":"Slavers","ascension_level":20}}