{"host":"rq107ve574byxhfs","time":1610900622,"event":{"mods":["AchievementEnabler","BaseMod","Colored Map","Minty Spire (QoL Compilation)","StSLib","SuperFastMode","everything is the same but u backflip on backflip"],"gold_per_floor":[12,28,44,58,78,78,108,108,108,108,127,137,150,162,162,162,162],"floor_reached":16,"language":"KOR","playtime":360,"items_purged":[],"score":216,"play_id":"58fb5553-0fa3-4bf5-9f6a-1d171cdb7e78","local_time":"20210118012342","is_ascension_mode":true,"campfire_choices":[{"data":"Deadly Poison","floor":6,"key":"SMITH"},{"data":"Prepared","floor":8,"key":"SMITH"},{"data":"Neutralize","floor":10,"key":"SMITH"},{"data":"Tactician","floor":15,"key":"SMITH"}],"circlet_count":0,"master_deck":["AscendersBane","Strike_G","Strike_G","Strike_G","Strike_G","Strike_G","Defend_G","Defend_G","Defend_G","Defend_G","Defend_G","Survivor","Neutralize+1","Deadly Poison+1","Prepared+1","Dagger Throw","Masterful Stab","Tactician+1","Acrobatics"],"relics":["Ring of the Snake","TungstenRod","Tiny Chest","Meat on the Bone"],"acts_visited":["Exordium"],"potions_floor_usage":[7,13,13,16],"damage_taken":[{"damage":4,"enemies":"2 Louse","floor":1,"turns":3},{"damage":6,"enemies":"Jaw Worm","floor":2,"turns":5},{"damage":0,"enemies":"Cultist","floor":3,"turns":4},{"damage":18,"enemies":"2 Fungi Beasts","floor":4,"turns":4},{"damage":9,"enemies":"Blue Slaver","floor":5,"turns":4},{"damage":5,"enemies":"Gremlin Nob","floor":7,"turns":3},{"damage":15,"enemies":"Lots of Slimes","floor":11,"turns":5},{"damage":2,"enemies":"Looter","floor":12,"turns":3},{"damage":0,"enemies":"Gremlin Gang","floor":13,"turns":3},{"damage":0,"enemies":"Exordium Wildlife","floor":14,"turns":3},{"damage":37,"enemies":"Slime Boss","floor":16,"turns":7}],"seed_played":"-4815739117922568818","potions_obtained":[{"floor":1,"key":"LiquidMemories"},{"floor":3,"key":"SmokeBomb"},{"floor":5,"key":"CunningPotion"},{"floor":11,"key":"SkillPotion"},{"floor":13,"key":"FearPotion"}],"is_trial":false,"path_per_floor":["M","M","M","M","M","R","E","R","T","R","M","M","M","M","R","B"],"character_chosen":"THE_SILENT","items_purchased":[],"campfire_rested":0,"item_purchase_floors":[],"current_hp_per_floor":[55,49,49,31,22,22,17,17,17,17,14,24,36,36,36,0,0],"gold":162,"neow_bonus":"ONE_RARE_RELIC","is_daily":false,"chose_seed":false,"campfire_upgraded":4,"win_rate":0.0,"timestamp":1610900622,"path_taken":["M","M","M","M","M","R","E","R","T","R","M","M","M","M","R","BOSS"],"items_purchased_type":[],"build_version":"2020-12-22","purchased_purges":0,"victory":false,"max_hp_per_floor":[66,66,66,66,66,66,66,66,66,66,66,66,66,66,66,66,66],"card_choices":[{"not_picked":["Accuracy","Prepared"],"picked":"Deadly Poison","floor":1},{"not_picked":["Slice","Backflip","Leg Sweep"],"picked":"SKIP","floor":2},{"not_picked":["Distraction","Dodge and Roll"],"picked":"Prepared","floor":3},{"not_picked":["Unload","Acrobatics"],"picked":"Dagger Throw","floor":4},{"not_picked":["All Out Attack","Underhanded Strike","Cloak And Dagger"],"picked":"SKIP","floor":5},{"not_picked":["Setup","Prepared","Cloak And Dagger"],"picked":"SKIP","floor":7},{"not_picked":["Backflip","Poisoned Stab"],"picked":"Masterful Stab","floor":11},{"not_picked":["Prepared","Phantasmal Killer"],"picked":"Tactician","floor":12},{"not_picked":["Backflip","Endless Agony"],"picked":"Acrobatics","floor":13},{"not_picked":["Outmaneuver","Flying Knee","Dodge and Roll"],"picked":"SKIP","floor":14}],"player_experience":1334198,"relics_obtained":[{"floor":7,"key":"Tiny Chest"},{"floor":9,"key":"Meat on the Bone"}],"event_choices":[],"is_beta":false,"boss_relics":[],"items_purged_floors":[],"is_endless":false,"potions_floor_spawned":[1,3,5,11,13],"killed_by":"Slime Boss","ascension_level":20}}