{"host":"9c969dq3azt3tjy5","time":1610852094,"event":{"mods":["AchievementEnabler","BaseMod","Colored Powertips","Minty Spire (QoL Compilation)","Quick Restart","Rare Cards Sparkle","Waifu the Spire"],"gold_per_floor":[115,42,42,52,2,28,28,44,71,71,82,106,106,56,56,151,151,168,168,180,180,198,230,230,81,81,81,81,93,93,103,103,201,201,218,168,168,193,212,212,232,135,135,135,145,145,164,180,180,180,180,180,31,59,59,59],"floor_reached":55,"language":"RUS","playtime":2556,"items_purged":["Decay","Hemokinesis","Body Slam"],"score":735,"play_id":"fb1d4ef1-b0db-45f2-b04f-d7c260150a98","local_time":"20210117145454","is_ascension_mode":false,"campfire_choices":[{"data":"Whirlwind","floor":10,"key":"SMITH"},{"data":"Flex","floor":13,"key":"SMITH"},{"data":"Limit Break","floor":15,"key":"SMITH"},{"data":"Heavy Blade","floor":24,"key":"SMITH"},{"data":"Shrug It Off","floor":28,"key":"SMITH"},{"data":"Shrug It Off","floor":30,"key":"SMITH"},{"floor":32,"key":"REST"},{"data":"Limit Break","floor":40,"key":"SMITH"},{"data":"Flex","floor":44,"key":"SMITH"},{"floor":46,"key":"RECALL"},{"floor":49,"key":"REST"},{"data":"Armaments","floor":52,"key":"SMITH"}],"circlet_count":0,"master_deck":["Bash","Heavy Blade+1","Limit Break+1","Shrug It Off+1","Ghostly Armor","Whirlwind+1","Flex+1","Offering","Thunderclap","Warcry","Dual Wield","True Grit","Disarm","Sentinel","Body Slam+1","Sword Boomerang+1","Sword Boomerang","Shrug It Off+1","Armaments+1","Limit Break+1","Brutality+1","Impervious+1","Iron Wave+1","Flex+1","Flex+1"],"relics":["Burning Blood","NeowsBlessing","Smiling Mask","Bag of Preparation","Potion Belt","Pandora\u0027s Box","Vajra","Bag of Marbles","Molten Egg 2","Astrolabe","Mango","Bronze Scales","Du-Vu Doll"],"acts_visited":["Exordium","TheCity","TheBeyond","TheEnding"],"potions_floor_usage":[20,20,20,20,47,47,47,55,55],"damage_taken":[{"damage":0,"enemies":"Jaw Worm","floor":1,"turns":1},{"damage":0,"enemies":"Cultist","floor":4,"turns":1},{"damage":0,"enemies":"Gremlin Nob","floor":6,"turns":1},{"damage":2,"enemies":"2 Louse","floor":8,"turns":3},{"damage":8,"enemies":"Blue Slaver","floor":11,"turns":8},{"damage":55,"enemies":"The Guardian","floor":16,"turns":11},{"damage":8,"enemies":"Chosen","floor":18,"turns":4},{"damage":14,"enemies":"Shell Parasite","floor":20,"turns":5},{"damage":20,"enemies":"Snake Plant","floor":22,"turns":3},{"damage":6,"enemies":"Slavers","floor":23,"turns":1},{"damage":8,"enemies":"Shelled Parasite and Fungi","floor":29,"turns":2},{"damage":15,"enemies":"3 Cultists","floor":31,"turns":5},{"damage":38,"enemies":"Collector","floor":33,"turns":8},{"damage":0,"enemies":"3 Darklings","floor":35,"turns":2},{"damage":0,"enemies":"Orb Walker","floor":39,"turns":2},{"damage":25,"enemies":"Spire Growth","floor":41,"turns":6},{"damage":16,"enemies":"Maw","floor":45,"turns":6},{"damage":0,"enemies":"Transient","floor":47,"turns":5},{"damage":5,"enemies":"Writhing Mass","floor":48,"turns":2},{"damage":46,"enemies":"Donu and Deca","floor":50,"turns":4},{"damage":26,"enemies":"Shield and Spear","floor":54,"turns":5},{"damage":100,"enemies":"The Heart","floor":55,"turns":5}],"seed_played":"2187985567556465722","potions_obtained":[{"floor":1,"key":"EntropicBrew"},{"floor":16,"key":"Block Potion"},{"floor":20,"key":"SpeedPotion"},{"floor":22,"key":"FearPotion"},{"floor":31,"key":"Energy Potion"},{"floor":33,"key":"Fire Potion"},{"floor":47,"key":"SteroidPotion"},{"floor":54,"key":"SpeedPotion"}],"is_trial":false,"path_per_floor":["M","$","?","M","$","E","?","M","T","R","M","T","R","$","R","B",null,"M","?","M","?","M","E","R","$","T","?","R","M","R","M","R","B",null,"M","$","?","T","M","R","M","$","T","R","M","R","M","M","R","B",null,"R","$","E","B"],"character_chosen":"IRONCLAD","items_purchased":["Limit Break","Shrug It Off","Bag of Marbles","Flex","Bronze Scales"],"campfire_rested":2,"item_purchase_floors":[2,5,25,42,53],"current_hp_per_floor":[80,80,80,80,80,80,85,85,85,85,83,83,83,83,83,34,85,83,83,75,75,61,61,61,61,61,61,61,59,59,50,75,43,85,85,85,81,81,81,81,62,62,76,76,66,66,72,73,95,55,95,95,95,75,0,0],"gold":59,"neow_bonus":"THREE_ENEMY_KILL","is_daily":false,"chose_seed":false,"campfire_upgraded":9,"win_rate":0.0,"timestamp":1610852094,"path_taken":["M","$","?","M","?","E","?","M","T","R","?","?","R","$","R","BOSS","M","?","M","?","M","E","R","?","T","?","R","M","R","M","R","BOSS","M","$","?","?","M","R","M","$","T","R","?","R","M","M","R","BOSS","R","$","E","BOSS"],"items_purchased_type":["Card","Card","Relic","Card","Relic"],"build_version":"2020-12-22","purchased_purges":3,"victory":false,"max_hp_per_floor":[80,80,80,80,80,80,85,85,85,85,85,85,85,85,85,85,85,85,85,85,85,85,85,85,85,85,85,85,85,85,85,85,85,85,85,85,81,81,81,81,81,81,95,95,95,95,95,95,95,95,95,95,95,95,95,95],"card_choices":[{"not_picked":["Disarm","Searing Blow"],"picked":"Heavy Blade","floor":1},{"not_picked":["Clash","Perfected Strike"],"picked":"Body Slam","floor":4},{"not_picked":["Clash","Anger"],"picked":"Ghostly Armor","floor":6},{"not_picked":["Burning Pact","Infernal Blade"],"picked":"Whirlwind","floor":8},{"not_picked":["Dark Embrace","Body Slam"],"picked":"Flex","floor":11},{"not_picked":["Brutality","Bludgeon"],"picked":"Offering","floor":16},{"not_picked":["Shockwave+1","Clothesline"],"picked":"Sentinel","floor":18},{"not_picked":["Pommel Strike","Warcry"],"picked":"Body Slam+1","floor":20},{"not_picked":["Armaments","Battle Trance"],"picked":"Sword Boomerang+1","floor":22},{"not_picked":["Combust","Cleave"],"picked":"Sword Boomerang","floor":23},{"not_picked":["Cleave+1","True Grit+1"],"picked":"Shrug It Off","floor":29},{"not_picked":["Blood for Blood+1","Ghostly Armor"],"picked":"Armaments","floor":31},{"not_picked":["Juggernaut","Exhume"],"picked":"Limit Break","floor":33},{"not_picked":["Whirlwind+1","Reckless Charge+1","Evolve"],"picked":"SKIP","floor":35},{"not_picked":["Armaments","Wild Strike+1","Rupture+1"],"picked":"SKIP","floor":39},{"not_picked":["Shrug It Off+1","Havoc+1","Rupture+1"],"picked":"SKIP","floor":41},{"not_picked":["Cleave+1","Warcry+1"],"picked":"Flex+1","floor":45},{"not_picked":["Disarm+1","Sever Soul+1","Uppercut+1"],"picked":"SKIP","floor":47},{"not_picked":["Pommel Strike+1","True Grit","Thunderclap+1"],"picked":"SKIP","floor":48},{"not_picked":["Sword Boomerang+1","Power Through","Double Tap"],"picked":"SKIP","floor":54}],"player_experience":181465,"relics_obtained":[{"floor":6,"key":"Smiling Mask"},{"floor":9,"key":"Bag of Preparation"},{"floor":12,"key":"Potion Belt"},{"floor":23,"key":"Vajra"},{"floor":26,"key":"Molten Egg 2"},{"floor":43,"key":"Mango"},{"floor":54,"key":"Du-Vu Doll"}],"event_choices":[{"damage_healed":0,"gold_gain":0,"player_choice":"Cursed","damage_taken":0,"max_hp_gain":0,"max_hp_loss":0,"event_name":"Wheel of Change","floor":3,"gold_loss":0,"cards_obtained":["Decay"]},{"damage_healed":0,"gold_gain":0,"player_choice":"Donut","damage_taken":0,"max_hp_gain":5,"max_hp_loss":0,"event_name":"Big Fish","floor":7,"gold_loss":0},{"damage_healed":0,"gold_gain":0,"player_choice":"Ignored","damage_taken":0,"max_hp_gain":0,"max_hp_loss":0,"event_name":"Ghosts","floor":19,"gold_loss":0},{"damage_healed":0,"gold_gain":0,"player_choice":"Ignored","damage_taken":0,"max_hp_gain":0,"max_hp_loss":0,"event_name":"Vampires","floor":21,"gold_loss":0},{"damage_healed":0,"gold_gain":0,"player_choice":"Ignored","damage_taken":0,"max_hp_gain":0,"max_hp_loss":0,"event_name":"Cursed Tome","floor":27,"gold_loss":0},{"damage_healed":0,"gold_gain":0,"player_choice":"Max HP","damage_taken":0,"max_hp_gain":0,"max_hp_loss":4,"event_name":"Winding Halls","floor":37,"gold_loss":0}],"is_beta":false,"boss_relics":[{"not_picked":["Black Star","Sozu"],"picked":"Pandora\u0027s Box"},{"not_picked":["Busted Crown","Runic Pyramid"],"picked":"Astrolabe"}],"items_purged_floors":[14,36,42],"is_endless":false,"potions_floor_spawned":[1,16,20,22,31,33,39,41,47,54],"killed_by":"The Heart","ascension_level":0}}