{"host":"f5gffvlv6a66yqkd","time":1610878574,"event":{"mods":["2.2 Compatiblity","Alarm Clock","BaseMod","Colored Map","Custom Start","DeckTracker","Keyboard Shortcuts","Minty Spire (QoL Compilation)","Permanent Neow","Quick Restart","Relic Stats","Replay The Spire","StSLib","SuperFastMode"],"gold_per_floor":[218,51,65,81,51,70,70,95,148,158,158,158,158,176,176,176,176],"floor_reached":16,"language":"KOR","playtime":333,"items_purged":[],"score":204,"play_id":"54084641-1e0f-4827-973a-7ee5086a8448","local_time":"20210117191614","is_ascension_mode":true,"campfire_choices":[{"data":"Zap","floor":7.0,"key":"SMITH"},{"floor":11.0,"key":"REST"},{"floor":13.0,"key":"REST"},{"data":"Defragment","floor":15.0,"key":"SMITH"}],"circlet_count":0,"master_deck":["AscendersBane","Strike_B","Strike_B","Strike_B","Strike_B","Defend_B","Defend_B","Defend_B","Defend_B","Zap+1","Dualcast","Streamline","Doom and Gloom","Capacitor","Gash","ReplayTheSpireMod:Calculation Training","Gash","Chaos","Self Repair","Defragment+1"],"relics":["Cracked Core","Replay:Rubber Ducky","Lantern"],"acts_visited":["Exordium"],"potions_floor_usage":[16],"damage_taken":[{"damage":2.0,"enemies":"Jaw Worm","floor":1.0,"turns":3.0},{"damage":12.0,"enemies":"Cultist","floor":3.0,"turns":4.0},{"damage":0.0,"enemies":"Small Slimes","floor":4.0,"turns":2.0},{"damage":1.0,"enemies":"Looter","floor":6.0,"turns":2.0},{"damage":39.0,"enemies":"Gremlin Nob","floor":8.0,"turns":4.0},{"damage":6.0,"enemies":"3 Louse","floor":10.0,"turns":4.0},{"damage":1.0,"enemies":"Lots of Slimes","floor":14.0,"turns":2.0},{"damage":41,"enemies":"Slime Boss","floor":16,"turns":7}],"seed_played":"675899767247421461","potions_obtained":[{"floor":1.0,"key":"Dexterity Potion"},{"floor":5.0,"key":"Toxic Potion"},{"floor":8.0,"key":"Explosive Potion"}],"is_trial":false,"path_per_floor":["M","$","M","M","?","M","R","E","T","M","R","?","R","M","R","B"],"character_chosen":"DEFECT","items_purchased":["Doom and Gloom","Capacitor"],"campfire_rested":2,"item_purchase_floors":[2,2],"current_hp_per_floor":[62,62,50,50,50,49,49,10,10,4,25,14,35,41,41,0,0],"gold":176,"neow_bonus":"HUNDRED_GOLD","is_daily":false,"chose_seed":false,"campfire_upgraded":2,"win_rate":0.0,"timestamp":1610878574,"path_taken":["M","$","M","M","?","M","R","E","T","?","R","?","R","M","R","BOSS"],"items_purchased_type":["Card","Card"],"build_version":"2020-12-22","purchased_purges":0,"victory":false,"max_hp_per_floor":[71,71,71,71,71,71,71,71,71,71,71,71,71,71,71,71,71],"relic_stats":{"counters":[8,28],"obtain_stats":[{"Lantern":12,"WingedGreaves":3,"Cracked Core":0,"Replay:Rubber Ducky":9},{"Lantern":6,"WingedGreaves":2,"Cracked Core":0,"Replay:Rubber Ducky":5},{"Lantern":19,"WingedGreaves":7,"Cracked Core":0,"Replay:Rubber Ducky":15}]},"card_choices":[{"not_picked":["Stack","Redo"],"picked":"Streamline","floor":1.0},{"not_picked":["BasicCrystalCard","Amplify"],"picked":"Gash","floor":3.0},{"not_picked":["Blizzard","Time Bomb"],"picked":"ReplayTheSpireMod:Calculation Training","floor":4.0},{"not_picked":["Conserve Battery","Go for the Eyes"],"picked":"Gash","floor":6.0},{"not_picked":["Auto Shields","Scrape"],"picked":"Chaos","floor":8.0},{"not_picked":["Aggregate","Go for the Eyes"],"picked":"Self Repair","floor":10.0},{"not_picked":["Turbo","Heatsinks"],"picked":"Defragment","floor":14.0}],"player_experience":1584413,"relics_obtained":[{"floor":9.0,"key":"Replay:Rubber Ducky"}],"event_choices":[{"damage_healed":0.0,"max_hp_gain":0.0,"max_hp_loss":0.0,"gold_gain":0.0,"event_name":"The Woman in Blue","player_choice":"Bought 2 Potions","floor":5.0,"gold_loss":0.0,"damage_taken":0.0},{"damage_healed":0.0,"max_hp_gain":0.0,"max_hp_loss":0.0,"gold_gain":0.0,"event_name":"Scrap Ooze","player_choice":"Success","floor":12.0,"gold_loss":0.0,"damage_taken":11.0,"relics_obtained":["Lantern"]}],"is_beta":false,"boss_relics":[],"items_purged_floors":[],"is_endless":false,"potions_floor_spawned":[1,8,14],"killed_by":"Slime Boss","ascension_level":20}}