{"host":"o7j6aatxjwpw1421","time":1610860273,"event":{"mods":["2.2 Compatiblity","AchievementEnabler","BaseMod","Colored Map","DeckTracker","Highlight Path","Keyboard Shortcuts","Minty Spire (QoL Compilation)","Permanent Neow","Quick Restart","StSLib","SuperFastMode","everything is the same but u backflip on backflip"],"gold_per_floor":[15,25,25,38,38,38,53,53,53,53,69,82,101,116,116,244,244,268,193,231,231,247,280,305,380,380,395,395,320,320,340,340,461,461,482,342,342,217,242,242,285,285,338,354,354,369,384,397,397,397],"floor_reached":51,"language":"KOR","playtime":3156,"items_purged":["Defend_P","Strike_P+1","Strike_P+1"],"score":861,"play_id":"c6ed3937-6203-4f4f-8d6f-3f1887184415","local_time":"20210117141113","is_ascension_mode":true,"campfire_choices":[{"data":"Eruption","floor":6.0,"key":"SMITH"},{"data":"Vault","floor":8.0,"key":"SMITH"},{"data":"CarveReality","floor":10.0,"key":"SMITH"},{"data":"Study","floor":15.0,"key":"SMITH"},{"floor":28.0,"key":"REST"},{"floor":32.0,"key":"REST"},{"data":"MentalFortress","floor":40.0,"key":"SMITH"},{"data":"Scrawl","floor":42.0,"key":"SMITH"},{"data":"MentalFortress","floor":45.0,"key":"SMITH"},{"floor":49,"key":"REST"}],"circlet_count":0,"master_deck":["Eruption+1","Vigilance","DeceiveReality","Vault+1","CarveReality+1","Study+1","MentalFortress+1","WreathOfFlame","InnerPeace","SpiritShield","MentalFortress+1","Scrawl+1","BattleHymn"],"relics":["PureWater","Golden Idol","Shuriken","VioletLotus","Red Mask","Enchiridion","Bottled Tornado","Yang","Whetstone","Torii","Empty Cage","Sundial","Bronze Scales"],"acts_visited":["Exordium","TheCity","TheBeyond"],"potions_floor_usage":[50,50],"damage_taken":[{"damage":0.0,"enemies":"Jaw Worm","floor":1.0,"turns":3.0},{"damage":2.0,"enemies":"2 Louse","floor":2.0,"turns":2.0},{"damage":0.0,"enemies":"Cultist","floor":4.0,"turns":3.0},{"damage":0.0,"enemies":"Blue Slaver","floor":7.0,"turns":3.0},{"damage":0.0,"enemies":"Lots of Slimes","floor":11.0,"turns":3.0},{"damage":0.0,"enemies":"3 Louse","floor":12.0,"turns":3.0},{"damage":0.0,"enemies":"Blue Slaver","floor":13.0,"turns":4.0},{"damage":0.0,"enemies":"Exordium Thugs","floor":14.0,"turns":3.0},{"damage":20.0,"enemies":"The Guardian","floor":16.0,"turns":12.0},{"damage":7.0,"enemies":"Spheric Guardian","floor":18.0,"turns":5.0},{"damage":7.0,"enemies":"Masked Bandits","floor":20.0,"turns":4.0},{"damage":2.0,"enemies":"Shell Parasite","floor":22.0,"turns":3.0},{"damage":8.0,"enemies":"Gremlin Leader","floor":23.0,"turns":6.0},{"damage":0.0,"enemies":"Snecko","floor":24.0,"turns":5.0},{"damage":7.0,"enemies":"Cultist and Chosen","floor":27.0,"turns":7.0},{"damage":12.0,"enemies":"Sentry and Sphere","floor":31.0,"turns":5.0},{"damage":3.0,"enemies":"Collector","floor":33.0,"turns":8.0},{"damage":2.0,"enemies":"3 Darklings","floor":35.0,"turns":5.0},{"damage":0.0,"enemies":"Orb Walker","floor":39.0,"turns":4.0},{"damage":36.0,"enemies":"Reptomancer","floor":41.0,"turns":10.0},{"damage":0.0,"enemies":"3 Darklings","floor":44.0,"turns":4.0},{"damage":0,"enemies":"Transient","floor":46,"turns":6},{"damage":0,"enemies":"4 Shapes","floor":47,"turns":7},{"damage":0,"enemies":"Maw","floor":48,"turns":6},{"damage":1,"enemies":"Donu and Deca","floor":50,"turns":8}],"seed_played":"2437560605721430874","potions_obtained":[{"floor":2.0,"key":"DistilledChaos"},{"floor":7.0,"key":"SkillPotion"},{"floor":14.0,"key":"SneckoOil"},{"floor":16.0,"key":"Block Potion"},{"floor":18.0,"key":"Swift Potion"},{"floor":22.0,"key":"SpeedPotion"},{"floor":31.0,"key":"Swift Potion"},{"floor":33.0,"key":"Ancient Potion"},{"floor":48,"key":"Block Potion"}],"is_trial":false,"path_per_floor":["M","M","?","M","?","R","M","R","T","R","M","M","M","M","R","B",null,"M","$","?","?","M","E","M","T","T","M","R","?","T","M","R","B",null,"M","$","?","$","M","R","E","R","T","M","R","M","M","M","R","B",null],"character_chosen":"WATCHER","items_purchased":["MentalFortress"],"campfire_rested":3,"item_purchase_floors":[36],"current_hp_per_floor":[65,63,45,45,45,45,45,45,45,45,45,45,45,45,45,25,60,53,53,46,30,28,20,20,20,20,13,34,34,34,22,43,40,64,62,62,62,62,62,62,26,26,26,26,26,26,26,26,47,46],"gold":397,"neow_bonus":"TRANSFORM_TWO_CARDS","is_daily":false,"chose_seed":false,"campfire_upgraded":7,"win_rate":0.0,"timestamp":1610860273,"path_taken":["M","M","?","M","?","R","M","R","T","R","M","M","M","?","R","BOSS","M","$","?","?","M","E","M","?","T","?","R","?","?","?","R","BOSS","M","$","?","$","M","R","E","R","T","M","R","M","?","?","R","BOSS"],"items_purchased_type":["Card"],"build_version":"2020-12-22","purchased_purges":3,"victory":true,"max_hp_per_floor":[72,72,72,72,72,72,72,72,72,72,72,72,72,72,72,72,72,72,72,72,72,72,72,72,72,72,72,72,72,72,72,72,72,72,72,72,72,72,72,72,72,72,72,72,72,72,72,72,72,72],"card_choices":[{"not_picked":["FollowUp","FlurryOfBlows","FlyingSleeves"],"picked":"SKIP","floor":1.0},{"not_picked":["EmptyBody","Consecrate"],"picked":"CarveReality","floor":2.0},{"not_picked":["Consecrate","Protect","FlyingSleeves"],"picked":"SKIP","floor":4.0},{"not_picked":["Weave","Consecrate","CrushJoints"],"picked":"SKIP","floor":7.0},{"not_picked":["CutThroughFate","SashWhip","Vengeance"],"picked":"SKIP","floor":11.0},{"not_picked":["Swivel","Protect","SignatureMove"],"picked":"SKIP","floor":12.0},{"not_picked":["Perseverance","Vengeance"],"picked":"Study","floor":13.0},{"not_picked":["Conclude","EmptyBody","FollowUp"],"picked":"SKIP","floor":14.0},{"not_picked":["Protect","JustLucky","FollowUp"],"picked":"SKIP","floor":18.0},{"not_picked":["WaveOfTheHand","Halt"],"picked":"MentalFortress","floor":22.0},{"not_picked":["Meditate","Weave","WreathOfFlame"],"picked":"SKIP","floor":23.0},{"not_picked":["ThirdEye","SandsOfTime+1"],"picked":"WreathOfFlame","floor":24.0},{"not_picked":["CutThroughFate","Evaluate+1","EmptyBody"],"picked":"SKIP","floor":27.0},{"not_picked":["Consecrate","CutThroughFate+1"],"picked":"InnerPeace","floor":31.0},{"not_picked":["Blasphemy","Omniscience"],"picked":"SpiritShield","floor":33.0},{"not_picked":["EmptyFist","LikeWater","CarveReality"],"picked":"SKIP","floor":35.0},{"not_picked":["Nirvana","TalkToTheHand","SandsOfTime"],"picked":"SKIP","floor":39.0},{"not_picked":["WreathOfFlame+1","Fasting2+1"],"picked":"Scrawl","floor":41.0},{"not_picked":["EmptyBody","Prostrate","Collect+1"],"picked":"SKIP","floor":44.0},{"not_picked":["FlyingSleeves+1","SashWhip","EmptyFist"],"picked":"SKIP","floor":46},{"not_picked":["EmptyFist+1","Halt","WaveOfTheHand+1"],"picked":"SKIP","floor":47},{"not_picked":["DeceiveReality","Protect+1"],"picked":"BattleHymn","floor":48}],"player_experience":543373,"relics_obtained":[{"floor":9.0,"key":"Shuriken"},{"floor":20.0,"key":"Red Mask"},{"floor":21.0,"key":"Enchiridion"},{"floor":23.0,"key":"Bottled Tornado"},{"floor":25.0,"key":"Yang"},{"floor":26.0,"key":"Whetstone"},{"floor":30.0,"key":"Torii"},{"floor":41.0,"key":"Sundial"},{"floor":43.0,"key":"Bronze Scales"}],"event_choices":[{"damage_healed":0.0,"max_hp_gain":0.0,"max_hp_loss":0.0,"gold_gain":0.0,"event_name":"Golden Idol","player_choice":"Take Damage","floor":3.0,"gold_loss":0.0,"damage_taken":18.0,"relics_obtained":["Golden Idol"]},{"damage_healed":0.0,"max_hp_gain":0.0,"max_hp_loss":0.0,"gold_gain":0.0,"cards_transformed":["Strike_P"],"event_name":"Transmorgrifier","player_choice":"Transformed","floor":5.0,"gold_loss":0.0,"damage_taken":0.0,"cards_obtained":["Omniscience"]},{"damage_healed":0.0,"max_hp_gain":0.0,"max_hp_loss":0.0,"gold_gain":0.0,"event_name":"Masked Bandits","player_choice":"Fought Bandits","floor":20.0,"gold_loss":0.0,"damage_taken":0.0},{"damage_healed":0.0,"max_hp_gain":0.0,"max_hp_loss":0.0,"gold_gain":0.0,"event_name":"Cursed Tome","player_choice":"Obtained Book","floor":21.0,"gold_loss":0.0,"damage_taken":16.0},{"cards_removed":["Defend_P"],"damage_healed":0.0,"max_hp_gain":0.0,"max_hp_loss":0.0,"gold_gain":0.0,"event_name":"Beggar","player_choice":"Gave Gold","floor":29.0,"gold_loss":75.0,"damage_taken":0.0},{"damage_healed":0.0,"max_hp_gain":0.0,"max_hp_loss":0.0,"gold_gain":0.0,"event_name":"Match and Keep!","player_choice":"0 cards matched","floor":37.0,"gold_loss":0.0,"damage_taken":0.0,"cards_obtained":[]}],"is_beta":false,"boss_relics":[{"not_picked":["Fusion Hammer","Tiny House"],"picked":"VioletLotus"},{"not_picked":["Velvet Choker","Black Star"],"picked":"Empty Cage"}],"items_purged_floors":[19,36,38],"is_endless":false,"potions_floor_spawned":[2,7,14,16,18,22,31,33,41,47,48],"ascension_level":6}}