{"host":"5icjlaq41ghjcr7h","time":1610854208,"event":{"mods":["AchievementEnabler","BaseMod","Colored Map","Minty Spire (QoL Compilation)","SuperFastMode","everything is the same but u backflip on backflip"],"gold_per_floor":[114,289,289,303,303,337,337,353,380,398,398,448,469,250,250,379,379,392,405,405,405],"floor_reached":20,"language":"KOR","playtime":436,"items_purged":["Strike_B"],"score":229,"play_id":"078bf8bf-f8b3-451e-a06a-2b97ec5f3c49","local_time":"20210117123008","is_ascension_mode":true,"campfire_choices":[{"data":"Fusion","floor":7,"key":"SMITH"},{"data":"Defragment","floor":11,"key":"SMITH"},{"floor":15,"key":"REST"}],"circlet_count":0,"master_deck":["Strike_B","Strike_B","Strike_B+1","Defend_B","Defend_B+1","Defend_B","Defend_B","Zap","Dualcast","Chaos","Doubt","Fusion+1","Self Repair","Ball Lightning","Defragment+1","Chill","Steam","Storm","Conserve Battery","Meteor Strike","Undo","Skim+1"],"relics":["Cracked Core","NeowsBlessing","Golden Idol","Bag of Marbles","Happy Flower","Inserter"],"acts_visited":["Exordium","TheCity"],"potions_floor_usage":[16,18],"damage_taken":[{"damage":0,"enemies":"2 Louse","floor":1,"turns":1},{"damage":0,"enemies":"Cultist","floor":4,"turns":1},{"damage":0,"enemies":"Gremlin Nob","floor":6,"turns":1},{"damage":6,"enemies":"Jaw Worm","floor":8,"turns":4},{"damage":9,"enemies":"2 Fungi Beasts","floor":10,"turns":4},{"damage":28,"enemies":"Lots of Slimes","floor":13,"turns":3},{"damage":31,"enemies":"Hexaghost","floor":16,"turns":9},{"damage":14,"enemies":"Chosen","floor":18,"turns":6},{"damage":33,"enemies":"Shell Parasite","floor":19,"turns":7},{"damage":42,"enemies":"Shelled Parasite and Fungi","floor":20,"turns":5}],"seed_played":"6704628439649167608","potions_obtained":[{"floor":4,"key":"FocusPotion"},{"floor":10,"key":"Fire Potion"},{"floor":16,"key":"LiquidBronze"},{"floor":19,"key":"SkillPotion"}],"is_trial":false,"path_per_floor":["M","?","?","M","?","E","R","M","T","M","R","T","M","$","R","B",null,"M","M","M"],"character_chosen":"DEFECT","items_purchased":["Steam","Storm","Conserve Battery"],"campfire_rested":1,"item_purchase_floors":[14,14,14],"current_hp_per_floor":[75,75,57,57,42,42,42,43,43,41,41,41,20,20,42,18,75,68,42,0,0],"gold":405,"neow_bonus":"THREE_ENEMY_KILL","is_daily":false,"chose_seed":false,"campfire_upgraded":2,"win_rate":0.0,"timestamp":1610854208,"path_taken":["M","?","?","M","?","E","R","M","T","M","R","?","M","$","R","BOSS","M","M","?"],"items_purchased_type":["Card","Card","Card"],"build_version":"2020-12-22","purchased_purges":1,"victory":false,"max_hp_per_floor":[75,75,75,75,75,75,75,75,75,75,75,75,75,75,75,75,75,75,75,75,75],"card_choices":[{"not_picked":["Streamline","FTL"],"picked":"Chaos","floor":1},{"not_picked":["Steam Power","Darkness"],"picked":"Fusion","floor":4},{"not_picked":["Coolheaded","Gash"],"picked":"Self Repair","floor":6},{"not_picked":["Steam Power","Beam Cell"],"picked":"Ball Lightning","floor":8},{"not_picked":["Blizzard","Hello World"],"picked":"Defragment","floor":10},{"not_picked":["Go for the Eyes","Gash"],"picked":"Chill","floor":13},{"not_picked":["Fission","Seek"],"picked":"Meteor Strike","floor":16},{"not_picked":["Steam","Barrage"],"picked":"Undo","floor":18},{"not_picked":["Compile Driver","Gash"],"picked":"Skim+1","floor":19}],"player_experience":129373,"relics_obtained":[{"floor":6,"key":"Bag of Marbles"},{"floor":12,"key":"Happy Flower"}],"event_choices":[{"damage_healed":0,"gold_gain":175,"player_choice":"AGREE","damage_taken":0,"max_hp_gain":0,"max_hp_loss":0,"event_name":"Liars Game","floor":2,"gold_loss":0,"cards_obtained":["Doubt"]},{"damage_healed":0,"gold_gain":0,"player_choice":"Take Damage","damage_taken":18,"relics_obtained":["Golden Idol"],"max_hp_gain":0,"max_hp_loss":0,"event_name":"Golden Idol","floor":3,"gold_loss":0},{"damage_healed":0,"gold_gain":0,"player_choice":"Entered Light","damage_taken":15,"max_hp_gain":0,"max_hp_loss":0,"event_name":"Shining Light","floor":5,"gold_loss":0,"cards_upgraded":["Strike_B","Defend_B"]}],"is_beta":false,"boss_relics":[{"not_picked":["Tiny House","Calling Bell"],"picked":"Inserter"}],"items_purged_floors":[14],"is_endless":false,"potions_floor_spawned":[4,10,16,19],"killed_by":"Shelled Parasite and Fungi","ascension_level":3}}