{"host":"vyjryxuuuxkt43k4","time":1610890119,"event":{"mods":["AchievementEnabler","BaseMod","Colored Map","DeckTracker","Keyboard Shortcuts","Minty Spire (QoL Compilation)","Permanent Neow","Quick Restart","StSLib","SuperFastMode","everything is the same but u backflip on backflip"],"gold_per_floor":[363,343,272,288,306,306,333,333,333,333,350,6,22,39,39,140,140,150,168,168,178,26,26,26],"floor_reached":23,"language":"KOR","playtime":983,"items_purged":["Strike_R"],"score":290,"play_id":"4b41caf6-56af-4494-8812-aaa43a1ee3ea","local_time":"20210117222839","is_ascension_mode":true,"campfire_choices":[{"data":"Carnage","floor":6,"key":"SMITH"},{"data":"Battle Trance","floor":10,"key":"SMITH"},{"data":"Apotheosis","floor":15,"key":"SMITH"}],"circlet_count":0,"master_deck":["AscendersBane","Strike_R","Strike_R","Strike_R","Strike_R","Defend_R","Defend_R+1","Defend_R","Defend_R","Bash","Carnage+1","Clothesline","Shrug It Off+1","Battle Trance+1","Shrug It Off","Bludgeon","Apotheosis+1","Carnage","Immolate","Power Through+1","Heavy Blade+1","Second Wind"],"relics":["Burning Blood","Darkstone Periapt","Runic Cube","Nilry\u0027s Codex","Brimstone"],"acts_visited":["Exordium","TheCity"],"potions_floor_usage":[7,12,14,16,16,18,18,21,23],"damage_taken":[{"damage":7,"enemies":"Small Slimes","floor":1,"turns":5},{"damage":0,"enemies":"Cultist","floor":4,"turns":3},{"damage":1,"enemies":"Jaw Worm","floor":5,"turns":5},{"damage":27,"enemies":"Lagavulin","floor":7,"turns":5},{"damage":0,"enemies":"Exordium Wildlife","floor":11,"turns":3},{"damage":0,"enemies":"2 Fungi Beasts","floor":13,"turns":3},{"damage":7,"enemies":"3 Louse","floor":14,"turns":3},{"damage":29,"enemies":"Hexaghost","floor":16,"turns":9},{"damage":17,"enemies":"3 Byrds","floor":18,"turns":5},{"damage":16,"enemies":"Chosen","floor":19,"turns":4},{"damage":8,"enemies":"Snake Plant","floor":21,"turns":5},{"damage":37,"enemies":"Book of Stabbing","floor":23,"turns":6}],"seed_played":"2963078069622705095","potions_obtained":[{"floor":1,"key":"Strength Potion"},{"floor":2,"key":"DuplicationPotion"},{"floor":13,"key":"Energy Potion"},{"floor":14,"key":"Block Potion"},{"floor":16,"key":"Energy Potion"},{"floor":19,"key":"HeartOfIron"},{"floor":21,"key":"Dexterity Potion"}],"is_trial":false,"path_per_floor":["M","?","$","M","M","R","E","?","T","R","M","$","M","M","R","B",null,"M","M","?","M","$","E"],"character_chosen":"IRONCLAD","items_purchased":["Clothesline","Shrug It Off","Apotheosis","FearPotion","BloodPotion","Brimstone"],"campfire_rested":0,"item_purchase_floors":[3,3,12,12,12,22],"current_hp_per_floor":[50,50,50,56,61,61,40,24,24,24,30,46,52,51,51,28,67,56,46,30,28,28,0,0],"gold":26,"neow_bonus":"TWO_FIFTY_GOLD","is_daily":false,"chose_seed":false,"campfire_upgraded":3,"win_rate":0.0,"timestamp":1610890119,"path_taken":["M","?","?","M","M","R","E","?","T","R","M","$","?","M","R","BOSS","M","M","?","M","$","E"],"items_purchased_type":["Card","Card","Card","Potion","Potion","Relic"],"build_version":"2020-12-22","purchased_purges":1,"victory":false,"max_hp_per_floor":[80,80,80,80,80,80,80,80,80,80,80,80,80,80,80,80,80,80,80,80,80,80,80,80],"card_choices":[{"not_picked":["Armaments","Evolve"],"picked":"Carnage","floor":1},{"not_picked":["Thunderclap","Bloodletting","Flex"],"picked":"SKIP","floor":4},{"not_picked":["Flame Barrier","Twin Strike"],"picked":"Battle Trance","floor":5},{"not_picked":["True Grit","Clash"],"picked":"Shrug It Off","floor":7},{"not_picked":["Heavy Blade","Iron Wave"],"picked":"Bludgeon","floor":11},{"not_picked":["Cleave","Iron Wave"],"picked":"Carnage","floor":13},{"not_picked":["Armaments","Flex","Sword Boomerang"],"picked":"SKIP","floor":14},{"not_picked":["Feed","Barricade"],"picked":"Immolate","floor":16},{"not_picked":["Reckless Charge","Flex+1"],"picked":"Power Through+1","floor":18},{"not_picked":["Bloodletting","Warcry"],"picked":"Heavy Blade+1","floor":19},{"not_picked":["Anger","Wild Strike"],"picked":"Second Wind","floor":21}],"player_experience":415942,"relics_obtained":[{"floor":7,"key":"Darkstone Periapt"},{"floor":20,"key":"Nilry\u0027s Codex"}],"event_choices":[{"damage_healed":0,"gold_gain":0,"player_choice":"Bought 1 Potion","damage_taken":0,"max_hp_gain":0,"max_hp_loss":0,"event_name":"The Woman in Blue","floor":2,"gold_loss":0},{"damage_healed":0,"gold_gain":0,"player_choice":"Entered Light","damage_taken":16,"max_hp_gain":0,"max_hp_loss":0,"event_name":"Shining Light","floor":8,"gold_loss":0,"cards_upgraded":["Defend_R","Shrug It Off"]},{"damage_healed":0,"gold_gain":0,"player_choice":"Obtained Book","damage_taken":16,"max_hp_gain":0,"max_hp_loss":0,"event_name":"Cursed Tome","floor":20,"gold_loss":0}],"is_beta":false,"boss_relics":[{"not_picked":["Ectoplasm","SlaversCollar"],"picked":"Runic Cube"}],"items_purged_floors":[12],"is_endless":false,"potions_floor_spawned":[1,13,14,16,19,21],"killed_by":"Book of Stabbing","ascension_level":10}}