{"host":"c5slkkw8hp42e20v","time":1610860672,"event":{"mods":["AchievementEnabler","BaseMod","Better Note","BetterRewards","Colored Powertips","DeckTracker","Friendly Minions","GifTheSpireLib","Hermit","Highlight Path","Minty Spire (QoL Compilation)","Quick Restart","Rare Cards Sparkle","Replay The Spire","Spicy Shops","StSLib","The Animator","The Hierophant","The Poker Player","????"],"gold_per_floor":[109,1,21,41,51,51,51,86,86,86,103,131,151,167,167,167,167],"floor_reached":16,"language":"ENG","playtime":1020,"items_purged":["Shame"],"score":164,"play_id":"00a78609-359a-402f-bb58-26ad55892934","local_time":"20210116231752","is_ascension_mode":false,"campfire_choices":[{"data":"Noxious Fumes","floor":6,"key":"SMITH"},{"data":"1","floor":10,"key":"LIFT"},{"floor":15,"key":"REST"}],"circlet_count":0,"master_deck":["Strike_G","Strike_G","Strike_G","Strike_G","Defend_G","Defend_G","Defend_G","Defend_G","Survivor","Neutralize","Noxious Fumes+1","Deflect","Draining Mist","Leg Sweep","Deadly Poison","Outmaneuver","Acrobatics","Pain","Backflip+1","Underhanded Strike","Calculated Gamble+1","Deadly Poison+1","Infinite Blades"],"relics":["Ring of the Snake","TheAbacus","Vampiric Spirits","Byrd Skull","Replay:Bottled Steam","WarpedTongs","Toxic Egg 2","Girya","Tingsha"],"acts_visited":["Exordium"],"potions_floor_usage":[0],"damage_taken":[{"damage":0,"enemies":"Jaw Worm","floor":1,"turns":5},{"damage":0,"enemies":"Cultist","floor":3,"turns":4},{"damage":0,"enemies":"2 Louse","floor":4,"turns":3},{"damage":0,"enemies":"Large Slime","floor":5,"turns":5},{"damage":23,"enemies":"Gremlin Nob","floor":8,"turns":5},{"damage":8,"enemies":"Blue Slaver","floor":11,"turns":4},{"damage":28,"enemies":"3 Sentries","floor":12,"turns":7},{"damage":12,"enemies":"Gremlin Gang","floor":13,"turns":5},{"damage":9,"enemies":"3 Louse","floor":14,"turns":3},{"damage":27,"enemies":"Fading Forest","floor":16,"turns":7}],"seed_played":"1803900519111634229","potions_obtained":[{"floor":1,"key":"Regen Potion"},{"floor":3,"key":"Fire Potion"}],"is_trial":false,"path_per_floor":["M","$","M","M","M","R","?","E","T","R","M","E","M","M","R","B"],"character_chosen":"THE_SILENT","items_purchased":["TheAbacus","Vampiric Spirits","Noxious Fumes","Replay:Bottled Steam","Fruit Juice","Leg Sweep"],"campfire_rested":1,"item_purchase_floors":[0,0,0,0,0,2],"current_hp_per_floor":[75,75,75,75,75,75,75,52,52,52,46,21,9,2,24,0,0],"gold":167,"neow_bonus":"","is_daily":false,"chose_seed":false,"campfire_upgraded":1,"win_rate":0.0,"timestamp":1610860672,"path_taken":["M","$","M","M","M","R","?","E","T","R","M","E","?","M","R","BOSS"],"items_purchased_type":["Relic","Relic","Card","Relic","Potion","Card"],"build_version":"2020-12-22","purchased_purges":1,"victory":false,"max_hp_per_floor":[75,75,75,75,75,75,75,75,75,75,75,75,75,75,75,75,75],"card_choices":[{"not_picked":["Quick Slash","ReplayTheSpireMod:Tripwire"],"picked":"Draining Mist","floor":1},{"not_picked":["Prepared","Deflect"],"picked":"Deadly Poison","floor":3},{"not_picked":["Dash","ReplayTheSpireMod:Exploit Weakness"],"picked":"Outmaneuver","floor":4},{"not_picked":["Reflex","All Out Attack"],"picked":"Acrobatics","floor":5},{"not_picked":["Prepared+1","Slice"],"picked":"Backflip+1","floor":8},{"not_picked":["Dagger Spray","All Out Attack"],"picked":"Underhanded Strike","floor":11},{"not_picked":["Sucker Punch","PiercingWail+1"],"picked":"Calculated Gamble+1","floor":12},{"not_picked":["Underhanded Strike","Quick Slash"],"picked":"Deadly Poison+1","floor":13},{"not_picked":["Acrobatics+1","Caltrops"],"picked":"Infinite Blades","floor":14}],"player_experience":55326,"relics_obtained":[{"floor":8,"key":"Toxic Egg 2"},{"floor":9,"key":"Girya"},{"floor":12,"key":"Tingsha"}],"event_choices":[{"damage_healed":0,"gold_gain":0,"player_choice":"Rummage","damage_taken":0,"relics_obtained":["WarpedTongs"],"max_hp_gain":0,"max_hp_loss":0,"event_name":"Accursed Blacksmith","floor":7,"gold_loss":0,"cards_obtained":["Pain"]}],"is_beta":false,"boss_relics":[],"items_purged_floors":[0],"is_endless":false,"potions_floor_spawned":[1,3,4,13,14],"killed_by":"Fading Forest","ascension_level":0}}