{"host":"d66n7ln59ex8canu","time":1610909125,"event":{"mods":["AchievementEnabler","BaseMod","Colored Map","Minty Spire (QoL Compilation)","Quick Restart","StSLib"],"gold_per_floor":[115,47,47,222,147,182,193,206,230,245,245,283,304,348,348,348,348],"floor_reached":16,"language":"ENG","playtime":375,"items_purged":["Doubt"],"score":196,"play_id":"4df4540a-7059-4a78-b733-5604b21cf661","local_time":"20210117134525","is_ascension_mode":true,"campfire_choices":[{"floor":15,"key":"REST"}],"circlet_count":0,"master_deck":["Strike_B","Strike_B","Strike_B","Strike_B","Defend_B","Defend_B+1","Defend_B","Defend_B","Zap","Dualcast+1","FTL","Defragment","Creative AI","Cold Snap","Heatsinks","Defragment","Coolheaded"],"relics":["Cracked Core","NeowsBlessing","Bag of Preparation","Bronze Scales","Golden Idol","Oddly Smooth Stone","Dream Catcher"],"acts_visited":["Exordium"],"potions_floor_usage":[14],"damage_taken":[{"damage":0,"enemies":"2 Louse","floor":1,"turns":1},{"damage":0,"enemies":"3 Sentries","floor":6,"turns":1},{"damage":0,"enemies":"Jaw Worm","floor":7,"turns":1},{"damage":2,"enemies":"Cultist","floor":8,"turns":4},{"damage":4,"enemies":"Large Slime","floor":10,"turns":7},{"damage":17,"enemies":"Lagavulin","floor":12,"turns":8},{"damage":11,"enemies":"Exordium Thugs","floor":13,"turns":4},{"damage":16,"enemies":"3 Sentries","floor":14,"turns":6},{"damage":38,"enemies":"Slime Boss","floor":16,"turns":3}],"seed_played":"7700094629493142246","potions_obtained":[{"floor":1,"key":"FairyPotion"},{"floor":7,"key":"AttackPotion"}],"is_trial":false,"path_per_floor":["M","$","?","?","$","E","M","M","T","M","?","E","M","E","R","B"],"character_chosen":"DEFECT","items_purchased":["Defragment"],"campfire_rested":1,"item_purchase_floors":[2],"current_hp_per_floor":[68,68,53,53,53,53,53,51,51,47,29,12,1,12,34,0,0],"gold":348,"neow_bonus":"THREE_ENEMY_KILL","is_daily":false,"chose_seed":false,"campfire_upgraded":0,"win_rate":0.0,"timestamp":1610909125,"path_taken":["M","$","?","?","$","E","M","M","T","M","?","E","?","E","R","BOSS"],"items_purchased_type":["Card"],"build_version":"2020-12-22","purchased_purges":1,"victory":false,"max_hp_per_floor":[75,75,75,75,75,75,75,75,75,75,75,75,75,75,75,75,75],"card_choices":[{"not_picked":["Rebound","Heatsinks"],"picked":"FTL","floor":1},{"not_picked":["Beam Cell","Redo"],"picked":"Creative AI","floor":6},{"not_picked":["Gash","Redo"],"picked":"Cold Snap","floor":7},{"not_picked":["Hologram","Rebound"],"picked":"Heatsinks","floor":8},{"not_picked":["Aggregate","Redo"],"picked":"Defragment","floor":10},{"not_picked":["Gash","Beam Cell","Go for the Eyes"],"picked":"SKIP","floor":12},{"not_picked":["Aggregate","Beam Cell"],"picked":"Coolheaded","floor":13},{"not_picked":["Scrape","Go for the Eyes","Thunder Strike"],"picked":"SKIP","floor":14}],"player_experience":324449,"relics_obtained":[{"floor":6,"key":"Bag of Preparation"},{"floor":9,"key":"Bronze Scales"},{"floor":12,"key":"Oddly Smooth Stone"},{"floor":14,"key":"Dream Catcher"}],"event_choices":[{"damage_healed":0,"gold_gain":0,"player_choice":"Entered Light","damage_taken":15,"max_hp_gain":0,"max_hp_loss":0,"event_name":"Shining Light","floor":3,"gold_loss":0,"cards_upgraded":["Dualcast","Defend_B"]},{"damage_healed":0,"gold_gain":175,"player_choice":"AGREE","damage_taken":0,"max_hp_gain":0,"max_hp_loss":0,"event_name":"Liars Game","floor":4,"gold_loss":0,"cards_obtained":["Doubt"]},{"damage_healed":0,"gold_gain":0,"player_choice":"Take Damage","damage_taken":18,"relics_obtained":["Golden Idol"],"max_hp_gain":0,"max_hp_loss":0,"event_name":"Golden Idol","floor":11,"gold_loss":0}],"is_beta":false,"boss_relics":[],"items_purged_floors":[5],"is_endless":false,"potions_floor_spawned":[1,7],"killed_by":"Slime Boss","ascension_level":7}}