{"host":"5icjlaq41ghjcr7h","time":1610860596,"event":{"mods":["AchievementEnabler","BaseMod","Colored Map","Minty Spire (QoL Compilation)","SuperFastMode","everything is the same but u backflip on backflip"],"gold_per_floor":[118,118,118,131,55,80,92,92,92,167,180,208,221,235,235,235,235],"floor_reached":16,"language":"KOR","playtime":290,"items_purged":[],"score":158,"play_id":"5ad02493-829d-499f-a455-b751a7601d74","local_time":"20210117141636","is_ascension_mode":true,"campfire_choices":[{"data":"Sunder","floor":8,"key":"SMITH"},{"data":"Turbo","floor":15,"key":"SMITH"}],"circlet_count":0,"master_deck":["Strike_B","Strike_B","Strike_B","Defend_B","Defend_B","Defend_B","Defend_B","Zap","Dualcast","Turbo+1","Doubt","BootSequence","Sunder+1","Ball Lightning","Conserve Battery","Conserve Battery"],"relics":["Cracked Core","NeowsBlessing","Singing Bowl","The Courier"],"acts_visited":["Exordium"],"potions_floor_usage":[12,12,16,16],"damage_taken":[{"damage":0,"enemies":"Cultist","floor":1,"turns":1},{"damage":0,"enemies":"2 Louse","floor":4,"turns":1},{"damage":0,"enemies":"Gremlin Nob","floor":6,"turns":1},{"damage":0,"enemies":"Small Slimes","floor":7,"turns":2},{"damage":0,"enemies":"Blue Slaver","floor":11,"turns":2},{"damage":25,"enemies":"Lagavulin","floor":12,"turns":4},{"damage":6,"enemies":"Exordium Wildlife","floor":13,"turns":2},{"damage":0,"enemies":"Looter","floor":14,"turns":2},{"damage":35,"enemies":"The Guardian","floor":16,"turns":8}],"seed_played":"8665552594416022891","potions_obtained":[{"floor":1,"key":"FocusPotion"},{"floor":4,"key":"EssenceOfDarkness"},{"floor":6,"key":"CultistPotion"},{"floor":14,"key":"Ancient Potion"}],"is_trial":false,"path_per_floor":["M","?","?","M","$","E","M","R","T","?","M","E","M","M","R","B"],"character_chosen":"DEFECT","items_purchased":["Sunder"],"campfire_rested":0,"item_purchase_floors":[5],"current_hp_per_floor":[75,68,68,68,68,70,70,70,70,59,59,34,30,32,32,0,0],"gold":235,"neow_bonus":"THREE_ENEMY_KILL","is_daily":false,"chose_seed":false,"campfire_upgraded":2,"win_rate":0.0,"timestamp":1610860596,"path_taken":["M","?","?","?","$","E","M","R","T","?","M","E","M","M","R","BOSS"],"items_purchased_type":["Card"],"build_version":"2020-12-22","purchased_purges":0,"victory":false,"max_hp_per_floor":[75,75,75,75,75,77,77,77,77,77,77,77,79,81,81,81,81],"card_choices":[{"not_picked":["Undo","Stack"],"picked":"Turbo","floor":1},{"not_picked":["Gash","Consume"],"picked":"BootSequence","floor":4},{"not_picked":["Beam Cell","Gash","Aggregate"],"picked":"Singing Bowl","floor":6},{"not_picked":["Sweeping Beam","Genetic Algorithm"],"picked":"Ball Lightning","floor":7},{"not_picked":["Doom and Gloom","Auto Shields"],"picked":"Conserve Battery","floor":11},{"not_picked":["Streamline","Compile Driver"],"picked":"Conserve Battery","floor":12},{"not_picked":["Doom and Gloom","Ball Lightning","Scrape"],"picked":"Singing Bowl","floor":13},{"not_picked":["Heatsinks","Recycle","Blizzard"],"picked":"Singing Bowl","floor":14}],"player_experience":135764,"relics_obtained":[{"floor":6,"key":"Singing Bowl"},{"floor":12,"key":"The Courier"}],"event_choices":[{"cards_removed":["Strike_B"],"damage_healed":0,"gold_gain":0,"player_choice":"Card Removal","damage_taken":7,"max_hp_gain":0,"max_hp_loss":0,"event_name":"Golden Wing","floor":2,"gold_loss":0},{"damage_healed":0,"gold_gain":0,"player_choice":"1 cards matched","damage_taken":0,"max_hp_gain":0,"max_hp_loss":0,"event_name":"Match and Keep!","floor":3,"gold_loss":0,"cards_obtained":["Doubt"]},{"damage_healed":0,"gold_gain":75,"player_choice":"Gather Gold","damage_taken":11,"max_hp_gain":0,"max_hp_loss":0,"event_name":"World of Goop","floor":10,"gold_loss":0}],"is_beta":false,"boss_relics":[],"items_purged_floors":[],"is_endless":false,"potions_floor_spawned":[1,4,6,14],"killed_by":"The Guardian","ascension_level":3}}