{"host":"mmxi1hjn5usmb1ga","time":1610889888,"event":{"mods":["BaseMod","BetterRewards","Downfall","Minty Spire (QoL Compilation)","Quick Restart","READ ME - Guardian Mod","READ ME - Snecko Mod","RumiaBox-露米娅的神秘盒子","Shop Mod","StSLib","Td1madao Mod","The Bug Knight","Yuri Mod","[IsaacMod]以撒尖塔"],"gold_per_floor":[99,99,99,99,18,29,53,71,71,86,86,97,97,124,143,239,239,139,167,187,296,315,357,380,516,537,537,559,599,399,419,430,544,544,544,573,573,601,620,664,664,700,724,48,48,68,68,88,115,115,115,142,77,77,77,77,77,77],"floor_reached":56,"language":"ZHS","playtime":4247,"items_purged":[],"score":969,"play_id":"abff97ba-187b-4dd7-8992-44446353be69","local_time":"20210117212448","is_ascension_mode":true,"campfire_choices":[{"floor":1.0,"key":"RECALL"},{"data":"DoctorFetus","floor":11.0,"key":"SMITH"},{"data":"Guardian:BodySlam","floor":13.0,"key":"SMITH"},{"floor":18.0,"key":"DIG"},{"floor":30.0,"key":"REST"},{"floor":35.0,"key":"DIG"},{"floor":47.0,"key":"DIG"},{"floor":54.0,"key":"DIG"}],"circlet_count":0,"master_deck":["Guardian:Strike_Guardian+1","Guardian:Strike_Guardian","Guardian:Defend_Guardian","Guardian:Defend_Guardian+1","Guardian:Defend_Guardian","Guardian:Defend_Guardian","Guardian:CurlUp","Guardian:TwinSlam","DoctorFetus+1","Guardian:CrystalBeam+1","Guardian:BodySlam+1","Guardian:SpikerProtocol","Guardian:ShieldCharger","Guardian:TemporalStrike","Guardian:Planning","Guardian:ArmoredProtocol","CurseOfTheBell","Guardian:Planning","Guardian:Repulse","Guardian:TimeSifter","Guardian:Recover+1","J.A.X.","Guardian:BodySlam","Guardian:BronzeOrb","Guardian:Suspension+1","Guardian:ShieldCharger+1","Guardian:ConstructionForm","Guardian:TemporalStrike+1","Guardian:RollAttack+1","Guardian:RevengeProtocol","Guardian:Planning","Guardian:TimeBomb","Guardian:TimeCapacitor","Guardian:ChargeUp","Guardian:TimeCapacitor+1","Guardian:SphericShield"],"relics":["Guardian:ModeShifter","HushsDoor","downfall:HeartsMalice","HowToJump","WarpedTongs","Lantern","DeathBook","Calling Bell","Potion Belt","Pantograph","Shovel","downfall:HeartBlessingRed","CeramicFish","Whetstone","MutagenicStrength","SSSystem","PreservedInsect","downfall:HeartBlessingGreen","downfall:HeartBlessingBlue","SlaversCollar","Molten Egg 2","Ice Cream","CaptainsWheel","War Paint","Guardian:BottledStasis","ZombieArmy","Turnip","Centennial Puzzle","Orichalcum","Bottled Flame"],"acts_visited":["Exordium","TheCity","TheBeyond","TheEnding"],"potions_floor_usage":[55],"damage_taken":[{"damage":0.0,"enemies":"Jaw Worm","floor":2.0,"turns":1.0},{"damage":0.0,"enemies":"Cultist","floor":3.0,"turns":1.0},{"damage":0.0,"enemies":"downfall:FleeingMerchant","floor":5.0,"turns":1.0},{"damage":7.0,"enemies":"2 Louse","floor":6.0,"turns":3.0},{"damage":4.0,"enemies":"Blue Slaver","floor":8.0,"turns":4.0},{"damage":4.0,"enemies":"Gremlin Gang","floor":10.0,"turns":4.0},{"damage":8.0,"enemies":"Large Slime","floor":12.0,"turns":4.0},{"damage":4.0,"enemies":"Gremlin Nob","floor":14.0,"turns":3.0},{"damage":10.0,"enemies":"Exordium Thugs","floor":15.0,"turns":2.0},{"damage":19.0,"enemies":"DF_ARCHETYPE_STREAMLINE","floor":16.0,"turns":7.0},{"damage":0.0,"enemies":"Shell Parasite","floor":19.0,"turns":1.0},{"damage":27.0,"enemies":"3 Cultists","floor":20.0,"turns":6.0},{"damage":1.0,"enemies":"Shelled Parasite and Fungi","floor":22.0,"turns":6.0},{"damage":0.0,"enemies":"Gremlin Leader","floor":23.0,"turns":7.0},{"damage":18.0,"enemies":"downfall:Augmenter","floor":25.0,"turns":6.0},{"damage":13.0,"enemies":"Chosen and Byrds","floor":26.0,"turns":6.0},{"damage":8.0,"enemies":"3 Cultists","floor":28.0,"turns":4.0},{"damage":0.0,"enemies":"Book of Stabbing","floor":29.0,"turns":6.0},{"damage":12.0,"enemies":"Snake Plant","floor":31.0,"turns":3.0},{"damage":6.0,"enemies":"Centurion and Healer","floor":32.0,"turns":5.0},{"damage":15.0,"enemies":"SI_MIRROR_ARCHETYPE","floor":33.0,"turns":8.0},{"damage":18.0,"enemies":"3 Darklings","floor":36.0,"turns":6.0},{"damage":0.0,"enemies":"3 Shapes","floor":38.0,"turns":6.0},{"damage":14.0,"enemies":"Maw","floor":39.0,"turns":7.0},{"damage":0.0,"enemies":"Reptomancer","floor":40.0,"turns":5.0},{"damage":0.0,"enemies":"HollowMod:StalkingDevout","floor":42.0,"turns":6.0},{"damage":0.0,"enemies":"Spire Growth","floor":43.0,"turns":4.0},{"damage":3.0,"enemies":"downfall:FleeingMerchant","floor":44.0,"turns":4.0},{"damage":6.0,"enemies":"Jaw Worm Horde","floor":46.0,"turns":3.0},{"damage":7.0,"enemies":"3 Darklings","floor":48.0,"turns":4.0},{"damage":0.0,"enemies":"Spire Growth","floor":49.0,"turns":4.0},{"damage":24.0,"enemies":"WA_ARCHETYPE_DIVINITY","floor":50.0,"turns":10.0},{"damage":1.0,"enemies":"downfall:CharBossMerchant","floor":52.0,"turns":7.0},{"damage":0,"enemies":"downfall:NeowBoss","floor":55,"turns":6},{"damage":110,"enemies":"downfall:NeowBossFinal","floor":56,"turns":11}],"seed_played":"-7682390587249574107","potions_obtained":[{"floor":6.0,"key":"Fire Potion"},{"floor":8.0,"key":"Fire Potion"},{"floor":10.0,"key":"Fire Potion"},{"floor":14.0,"key":"Weak Potion"},{"floor":16.0,"key":"AttackPotion"},{"floor":19.0,"key":"Strength Potion"},{"floor":23.0,"key":"Fire Potion"},{"floor":25.0,"key":"SpeedPotion"},{"floor":26.0,"key":"Fire Potion"},{"floor":28.0,"key":"Energy Potion"},{"floor":38.0,"key":"bronze:BurnAndBuffPotion"},{"floor":43.0,"key":"SmokeBomb"},{"floor":46.0,"key":"EssenceOfSteel"},{"floor":48.0,"key":"Slimebound:ThreeZeroPotion"},{"floor":52.0,"key":"SpeedPotion"}],"is_trial":false,"path_per_floor":["R","M","M","?","$","M","T","M","?","M","R","M","R","E","M","B",null,"R","M","M","?","M","E","T","?","M","?","M","E","R","M","M","B",null,"R","M","?","M","M","E","T","E","M","$","?","M","R","M","M","B",null,"E","$","R","B","B"],"character_chosen":"GUARDIAN","items_purchased":["Guardian:SpikerProtocol","Guardian:BottledStasis","ZombieArmy","Turnip","Guardian:TimeCapacitor","Guardian:SphericShield"],"campfire_rested":1,"item_purchase_floors":[5,44,44,44,44,53],"current_hp_per_floor":[80,80,80,80,80,73,73,69,69,65,65,57,57,53,43,24,80,80,80,53,53,52,52,52,34,21,21,13,13,50,38,32,42,90,90,72,72,72,58,58,58,58,58,55,55,49,49,42,42,43,90,89,89,89,90,0,0,0],"gold":77,"neow_bonus":"THREE_ENEMY_KILL","is_daily":false,"chose_seed":false,"campfire_upgraded":2,"win_rate":0.0,"timestamp":1610889888,"path_taken":["R","M","M","?","?","?","T","M","?","M","R","M","R","E","M","BOSS","R","M","M","?","?","E","T","?","M","?","?","E","R","M","M","BOSS","R","M","?","M","?","E","T","E","M","?","?","M","R","M","M","BOSS","E","$","R","BOSS","BOSS"],"items_purchased_type":["Card","Relic","Relic","Relic","Card","Card"],"build_version":"2020-12-22","purchased_purges":0,"victory":false,"max_hp_per_floor":[80,80,80,80,80,80,80,80,80,80,80,80,80,80,80,80,80,80,80,80,80,80,80,80,80,80,80,80,80,90,90,90,90,90,90,90,90,90,90,90,90,90,90,90,90,90,90,90,90,90,90,90,90,90,90,90,90,90],"card_choices":[{"not_picked":[],"picked":"DoctorFetus","floor":0.0},{"not_picked":["Guardian:PrimingBeam","Guardian:Harden"],"picked":"Guardian:Gem_Green","floor":2.0},{"not_picked":["Guardian:Gem_Cyan","Guardian:Recover"],"picked":"Guardian:CrystalBeam","floor":3.0},{"not_picked":["Guardian:TemporalShield","Guardian:StasisStrike"],"picked":"Guardian:BodySlam","floor":5.0},{"not_picked":["Guardian:PrimingBeam","Guardian:Gem_Green"],"picked":"Guardian:ShieldCharger","floor":6.0},{"not_picked":["Guardian:VentSteam","Guardian:PrismaticBeam"],"picked":"Guardian:Gem_Red","floor":8.0},{"not_picked":["Guardian:Preprogram","Guardian:Reroute"],"picked":"Guardian:TemporalStrike","floor":10.0},{"not_picked":["Guardian:RollAttack","Guardian:HyperBeam_Guardian"],"picked":"Bomb","floor":12.0},{"not_picked":["Guardian:Gem_Lightblue","Guardian:Suspension"],"picked":"Guardian:Planning","floor":14.0},{"not_picked":["Guardian:Gem_Crimson","Guardian:Repulse"],"picked":"Guardian:ArmoredProtocol","floor":15.0},{"not_picked":["Guardian:ExploitGems","Guardian:BaubleBeam"],"picked":"Guardian:SphericShield","floor":16.0},{"not_picked":["Guardian:Preprogram","Guardian:Reroute"],"picked":"Guardian:Planning","floor":19.0},{"not_picked":["Guardian:PrimingBeam","Guardian:Suspension+1"],"picked":"Guardian:Repulse","floor":20.0},{"not_picked":["Guardian:TemporalStrike","Guardian:Gem_Green"],"picked":"Guardian:TimeSifter","floor":21.0},{"not_picked":["Guardian:ShieldSpikes+1","Guardian:VentSteam"],"picked":"Guardian:Recover","floor":22.0},{"not_picked":["Guardian:TemporalShield","Guardian:SentryBeam+1"],"picked":"Guardian:Gem_Cyan","floor":23.0},{"not_picked":[],"picked":"J.A.X.","floor":25.0},{"not_picked":["Guardian:BodySlam","Guardian:DonusPower"],"picked":"Guardian:BronzeOrb","floor":25.0},{"not_picked":["Guardian:GemFire","Guardian:PrimingBeam"],"picked":"Guardian:Gem_Green","floor":26.0},{"not_picked":["Guardian:Gem_Green","Guardian:CrystalBeam"],"picked":"Guardian:Gem_Purple","floor":28.0},{"not_picked":["Guardian:Gem_Lightblue","Guardian:Gem_Crimson"],"picked":"Guardian:Suspension+1","floor":29.0},{"not_picked":["Guardian:VentSteam+1","Guardian:FastForward"],"picked":"Guardian:ShieldCharger+1","floor":31.0},{"not_picked":["Guardian:PolyBeam","Guardian:BodySlam","Guardian:CrystalBeam"],"picked":"SKIP","floor":32.0},{"not_picked":["Guardian:GatlingBeam","Guardian:BaubleBeam"],"picked":"Guardian:ConstructionForm","floor":33.0},{"not_picked":["Guardian:BronzeArmor","Guardian:TemporalShield+1"],"picked":"Guardian:Gem_Green","floor":36.0},{"not_picked":["Guardian:CrystalBeam+1","Guardian:BodySlam+1"],"picked":"Guardian:TemporalStrike+1","floor":38.0},{"not_picked":["Guardian:PiercingHide","Guardian:Incinerate+1"],"picked":"Guardian:RollAttack+1","floor":39.0},{"not_picked":["Guardian:Suspension+1","Guardian:Reroute+1"],"picked":"Guardian:Gem_Orange","floor":40.0},{"not_picked":["Guardian:WalkerClaw+1","Guardian:BodySlam+1"],"picked":"Guardian:RevengeProtocol","floor":42.0},{"not_picked":["Guardian:Gem_Green","Guardian:TemporalStrike+1"],"picked":"Guardian:Planning","floor":43.0},{"not_picked":["Guardian:Gem_Green","Guardian:Suspension+1"],"picked":"Guardian:TimeBomb","floor":44.0},{"not_picked":["Guardian:WalkerClaw+1","Guardian:Planning","Guardian:Suspension+1"],"picked":"SKIP","floor":46.0},{"not_picked":["Guardian:Suspension+1","Guardian:Recover"],"picked":"Guardian:ChargeUp","floor":48.0},{"not_picked":["Guardian:Preprogram","Guardian:BronzeOrb+1"],"picked":"Guardian:TimeCapacitor+1","floor":49.0},{"not_picked":["Guardian:Clone","Guardian:Suspension+1","Guardian:ChargeCore+1"],"picked":"SKIP","floor":52.0}],"player_experience":685934,"relics_obtained":[{"floor":7.0,"key":"Lantern"},{"floor":14.0,"key":"DeathBook"},{"floor":17.0,"key":"Potion Belt"},{"floor":17.0,"key":"Pantograph"},{"floor":17.0,"key":"Shovel"},{"floor":18.0,"key":"CeramicFish"},{"floor":23.0,"key":"Whetstone"},{"floor":25.0,"key":"MutagenicStrength"},{"floor":29.0,"key":"PreservedInsect"},{"floor":35.0,"key":"Molten Egg 2"},{"floor":40.0,"key":"Ice Cream"},{"floor":41.0,"key":"CaptainsWheel"},{"floor":42.0,"key":"War Paint"},{"floor":47.0,"key":"Centennial Puzzle"},{"floor":52.0,"key":"Orichalcum"},{"floor":54.0,"key":"Bottled Flame"}],"event_choices":[{"cards_removed":["Guardian:SphericShield"],"damage_healed":0.0,"max_hp_gain":0.0,"max_hp_loss":0.0,"gold_gain":0.0,"event_name":"Falling","player_choice":"Removed Skill","floor":37.0,"gold_loss":0.0,"damage_taken":0.0}],"is_beta":false,"boss_relics":[{"not_picked":["Runic Dome","Busted Crown"],"picked":"Calling Bell"},{"not_picked":[]},{"not_picked":["Sozu","AddBug"],"picked":"SlaversCollar"},{"not_picked":[]}],"items_purged_floors":[],"is_endless":false,"potions_floor_spawned":[6,8,10,14,16,19,23,25,26,28,38,43,46,48,52],"killed_by":"downfall:NeowBossFinal","ascension_level":1}}