{"host":"axuns55dzq466eei","time":1610894178,"event":{"mods":["BaseMod","Colored Map","Keyboard Shortcuts","Minty Spire (QoL Compilation)","StSLib","SuperFastMode"],"gold_per_floor":[113,133,152,164,164,164,164,164,188,203,221,239,253,253,253,253,253],"floor_reached":16,"language":"KOR","playtime":324,"items_purged":[],"score":192,"play_id":"2e2a4f72-8de3-467b-82cc-aa101c936714","local_time":"20210117233618","is_ascension_mode":true,"campfire_choices":[{"floor":6,"key":"REST"},{"data":"Coolheaded","floor":8,"key":"SMITH"},{"floor":15,"key":"REST"}],"circlet_count":0,"master_deck":["AscendersBane","Strike_B","Strike_B","Strike_B","Defend_B","Defend_B","Defend_B","Zap","Dualcast","Gash","Coolheaded+1","Genetic Algorithm","Streamline+1","Capacitor","Undo","Gash","FTL","Consume"],"relics":["Cracked Core","Anchor"],"acts_visited":["Exordium"],"potions_floor_usage":[13,13],"damage_taken":[{"damage":16,"enemies":"Small Slimes","floor":1,"turns":3},{"damage":0,"enemies":"Cultist","floor":2,"turns":4},{"damage":9,"enemies":"2 Louse","floor":3,"turns":2},{"damage":23,"enemies":"Exordium Wildlife","floor":4,"turns":4},{"damage":3,"enemies":"3 Louse","floor":10,"turns":3},{"damage":15,"enemies":"Exordium Thugs","floor":11,"turns":4},{"damage":0,"enemies":"2 Fungi Beasts","floor":12,"turns":3},{"damage":13,"enemies":"Gremlin Gang","floor":13,"turns":4},{"damage":27,"enemies":"The Guardian","floor":16,"turns":6}],"seed_played":"-4143369531507325337","potions_obtained":[{"floor":1,"key":"Ancient Potion"},{"floor":3,"key":"SteroidPotion"}],"is_trial":false,"path_per_floor":["M","M","M","M","?","R","?","R","T","M","M","M","M","?","R","B"],"character_chosen":"DEFECT","items_purchased":[],"campfire_rested":2,"item_purchase_floors":[],"current_hp_per_floor":[48,48,39,16,16,37,37,37,37,34,19,19,6,6,27,0,0],"gold":253,"neow_bonus":"TRANSFORM_CARD","is_daily":false,"chose_seed":false,"campfire_upgraded":1,"win_rate":0.0,"timestamp":1610894178,"path_taken":["M","M","M","M","?","R","?","R","T","?","M","M","M","?","R","BOSS"],"items_purchased_type":[],"build_version":"2020-12-22","purchased_purges":0,"victory":false,"max_hp_per_floor":[71,71,71,71,71,71,71,71,71,71,71,71,71,71,71,71,71],"card_choices":[{"not_picked":["Conserve Battery","Chaos"],"picked":"Coolheaded","floor":1},{"not_picked":["Leap","Heatsinks"],"picked":"Genetic Algorithm","floor":2},{"not_picked":["Gash","Reinforced Body"],"picked":"Streamline","floor":3},{"not_picked":["Streamline","Hologram"],"picked":"Capacitor","floor":4},{"not_picked":["Redo","Storm"],"picked":"Undo","floor":10},{"not_picked":["Chill","Streamline"],"picked":"Gash","floor":11},{"not_picked":["Thunder Strike","Sweeping Beam"],"picked":"FTL","floor":12},{"not_picked":["Coolheaded","Steam"],"picked":"Consume","floor":13}],"player_experience":1081032,"relics_obtained":[{"floor":9,"key":"Anchor"}],"event_choices":[{"damage_healed":0,"gold_gain":0,"player_choice":"Ignored","damage_taken":0,"max_hp_gain":0,"max_hp_loss":0,"event_name":"Golden Idol","floor":5,"gold_loss":0},{"damage_healed":0,"gold_gain":0,"player_choice":"Forge","damage_taken":0,"max_hp_gain":0,"max_hp_loss":0,"event_name":"Accursed Blacksmith","floor":7,"gold_loss":0,"cards_upgraded":["Streamline"]},{"cards_removed":["Strike_B"],"damage_healed":0,"gold_gain":0,"player_choice":"Forget","damage_taken":0,"max_hp_gain":0,"max_hp_loss":0,"event_name":"Living Wall","floor":14,"gold_loss":0}],"is_beta":false,"boss_relics":[],"items_purged_floors":[],"is_endless":false,"potions_floor_spawned":[1,3,4,10],"killed_by":"The Guardian","ascension_level":20}}