{"host":"u9h06qdlnp3wgzsw","time":1610847607,"event":{"mods":["BaseMod","Downfall","Hermit","Minty Spire (QoL Compilation)","Rare Cards Sparkle","Shop Mod","StSLib","The Hierophant"],"gold_per_floor":[113,128,76,86,109,149,149,178,178,170,213,243,243,279,279,279,279],"floor_reached":16,"language":"ENG","playtime":1136,"items_purged":[],"score":112,"play_id":"8e9f2b05-98de-46cf-8d35-2ec26ac27df6","local_time":"20210116204007","is_ascension_mode":false,"campfire_choices":[{"floor":7,"key":"REST"},{"floor":15,"key":"REST"}],"circlet_count":0,"master_deck":["hierophant:Strike_Hierophant","hierophant:Strike_Hierophant","hierophant:Strike_Hierophant","hierophant:Strike_Hierophant","hierophant:Punish","hierophant:Defend_Hierophant","hierophant:Defend_Hierophant","hierophant:Defend_Hierophant","hierophant:Defend_Hierophant","hierophant:ChurchCoffers","hierophant:Zeal","hierophant:MorningPrayer","hierophant:HolyVerse","hierophant:Repentance","hierophant:Zeal","hierophant:RepressedViolence","hierophant:EyeForCoin+1","hierophant:Doubloon+1","hierophant:Glossolalia","hierophant:Doubloon+1","hierophant:ConvertCurrency+1"],"relics":["hierophant:PropheticMaskRelic","Omamori","CeramicFish","Toxic Egg 2","Smiling Mask","Potion Belt"],"acts_visited":["Exordium"],"potions_floor_usage":[10,11,14,16],"damage_taken":[{"damage":1,"enemies":"Cultist","floor":1,"turns":3},{"damage":1,"enemies":"Jaw Worm","floor":2,"turns":3},{"damage":0,"enemies":"Small Slimes","floor":4,"turns":3},{"damage":45,"enemies":"Gremlin Nob","floor":6,"turns":6},{"damage":0,"enemies":"2 Fungi Beasts","floor":8,"turns":3},{"damage":10,"enemies":"Looter","floor":10,"turns":3},{"damage":24,"enemies":"Lagavulin","floor":11,"turns":7},{"damage":0,"enemies":"Lots of Slimes","floor":14,"turns":2},{"damage":46,"enemies":"Slime Boss","floor":16,"turns":7}],"seed_played":"-8120327602715563946","potions_obtained":[{"floor":6,"key":"DistilledChaos"},{"floor":8,"key":"GamblersBrew"},{"floor":10,"key":"Fire Potion"},{"floor":14,"key":"Fire Potion"}],"is_trial":false,"path_per_floor":["M","M","$","M","T","E","R","M","T","M","E","?","?","M","R","B"],"character_chosen":"HIEROPHANT","items_purchased":["hierophant:HolyVerse"],"campfire_rested":2,"item_purchase_floors":[3],"current_hp_per_floor":[81,80,80,80,80,35,59,59,59,49,25,25,18,18,42,0,0],"gold":279,"neow_bonus":"TEN_PERCENT_HP_BONUS","is_daily":false,"chose_seed":false,"campfire_upgraded":0,"win_rate":0.0,"timestamp":1610847607,"path_taken":["M","M","$","M","?","E","R","M","T","M","E","?","?","M","R","BOSS"],"items_purchased_type":["Card"],"build_version":"2020-12-22","purchased_purges":0,"victory":false,"max_hp_per_floor":[82,82,82,82,82,82,82,82,82,82,82,82,82,82,82,82,82],"card_choices":[{"not_picked":["hierophant:FlamingChariot","hierophant:RepressedViolence"],"picked":"hierophant:Zeal","floor":1},{"not_picked":["hierophant:RustyCrate","hierophant:EyeForCoin"],"picked":"hierophant:MorningPrayer","floor":2},{"not_picked":["hierophant:Empathy","hierophant:SealAway"],"picked":"hierophant:Repentance","floor":4},{"not_picked":["hierophant:Doubloon","hierophant:ThreeLashes"],"picked":"hierophant:Zeal","floor":6},{"not_picked":["hierophant:Doubloon","hierophant:ThreeLashes"],"picked":"hierophant:RepressedViolence","floor":8},{"not_picked":["hierophant:RecallFunds+1","hierophant:HammerAndAnvil+1"],"picked":"hierophant:EyeForCoin+1","floor":10},{"not_picked":["hierophant:FieryStrike","hierophant:Zeal"],"picked":"hierophant:Glossolalia","floor":11},{"not_picked":["hierophant:Purify","hierophant:RustyCrate+1"],"picked":"hierophant:ConvertCurrency+1","floor":14}],"player_experience":759756,"relics_obtained":[{"floor":5,"key":"Omamori"},{"floor":6,"key":"CeramicFish"},{"floor":9,"key":"Toxic Egg 2"},{"floor":11,"key":"Smiling Mask"}],"event_choices":[{"damage_healed":0,"gold_gain":30,"player_choice":"Searched \u00271\u0027 times","damage_taken":0,"max_hp_gain":0,"max_hp_loss":0,"event_name":"Dead Adventurer","floor":12,"gold_loss":0},{"damage_healed":0,"gold_gain":0,"player_choice":"Success","damage_taken":7,"relics_obtained":["Potion Belt"],"max_hp_gain":0,"max_hp_loss":0,"event_name":"Scrap Ooze","floor":13,"gold_loss":0}],"is_beta":false,"boss_relics":[],"items_purged_floors":[],"is_endless":false,"potions_floor_spawned":[6,8,10,14],"killed_by":"Slime Boss","ascension_level":0}}