{"host":"dftyqn972q7tuon4","time":1610841931,"event":{"mods":["AchievementEnabler","BaseMod","Better Altar","Better Match","Better Note","Better Sensory Stone","Better Skull","Better Third Choice","Colored Powertips","Highlight Path","Minty Spire (QoL Compilation)","Permanent Neow","Quick Restart","StSLib"],"gold_per_floor":[114,114,39,39,39,72,84,84,109,144,164,164,64,81,81,81,81],"floor_reached":16,"language":"ENG","playtime":523,"items_purged":["Burn","Regret"],"score":167,"play_id":"1d7cd1d5-0161-4097-91fb-df4d59940879","local_time":"20210117010531","is_ascension_mode":true,"campfire_choices":[{"floor":8,"key":"REST"},{"floor":15,"key":"REST"}],"circlet_count":0,"master_deck":["AscendersBane","Strike_B","Strike_B","Strike_B","Strike_B","Defend_B","Defend_B","Defend_B","Defend_B","Zap","Dualcast","Creative AI","Self Repair","Coolheaded","Double Energy","Leap","Lockon","Storm"],"relics":["Cracked Core","Bronze Scales","Pear","Pen Nib","Eternal Feather","Shuriken"],"acts_visited":["Exordium"],"potions_floor_usage":[6,10],"damage_taken":[{"damage":5,"enemies":"2 Louse","floor":1,"turns":3},{"damage":51,"enemies":"Gremlin Nob","floor":6,"turns":6},{"damage":7,"enemies":"Jaw Worm","floor":7,"turns":5},{"damage":29,"enemies":"Lagavulin","floor":10,"turns":7},{"damage":10,"enemies":"Small Slimes","floor":11,"turns":5},{"damage":11,"enemies":"3 Louse","floor":14,"turns":4},{"damage":54,"enemies":"Slime Boss","floor":16,"turns":6}],"seed_played":"-5423542956285171325","potions_obtained":[{"floor":1,"key":"Weak Potion"},{"floor":7,"key":"LiquidMemories"}],"is_trial":false,"path_per_floor":["M","?","$","?","?","E","M","R","T","E","M","?","$","M","R","B"],"character_chosen":"DEFECT","items_purchased":[],"campfire_rested":2,"item_purchase_floors":[],"current_hp_per_floor":[63,63,63,63,63,22,22,47,47,25,22,15,15,11,45,0,0],"gold":81,"neow_bonus":"ONE_RANDOM_RARE_CARD","is_daily":false,"chose_seed":false,"campfire_upgraded":0,"win_rate":0.0,"timestamp":1610841931,"path_taken":["M","?","$","?","?","E","M","R","T","E","M","?","$","M","R","BOSS"],"items_purchased_type":[],"build_version":"2020-12-22","purchased_purges":2,"victory":false,"max_hp_per_floor":[75,75,75,75,75,85,85,85,85,85,85,85,85,85,85,85,85],"card_choices":[{"not_picked":["Turbo","Cold Snap"],"picked":"Self Repair","floor":1},{"not_picked":["Sweeping Beam","Leap"],"picked":"Coolheaded","floor":6},{"not_picked":["Redo","Compile Driver"],"picked":"Double Energy","floor":7},{"not_picked":["White Noise","Fission"],"picked":"Leap","floor":10},{"not_picked":["Go for the Eyes","Cold Snap"],"picked":"Lockon","floor":11},{"not_picked":["Hologram","Doom and Gloom"],"picked":"Storm","floor":14}],"player_experience":681643,"relics_obtained":[{"floor":6,"key":"Pear"},{"floor":9,"key":"Pen Nib"},{"floor":10,"key":"Eternal Feather"}],"event_choices":[{"damage_healed":63,"gold_gain":0,"player_choice":"Embrace Burn","damage_taken":0,"max_hp_gain":0,"max_hp_loss":75,"event_name":"betterThird:BetterShining","floor":2,"gold_loss":0},{"damage_healed":0,"gold_gain":0,"player_choice":"Leave","damage_taken":0,"max_hp_gain":0,"max_hp_loss":0,"event_name":"The Cleric","floor":4,"gold_loss":0},{"damage_healed":0,"gold_gain":0,"player_choice":"Box","damage_taken":0,"relics_obtained":["Bronze Scales"],"max_hp_gain":0,"max_hp_loss":0,"event_name":"Big Fish","floor":5,"gold_loss":0,"cards_obtained":["Regret"]},{"damage_healed":0,"gold_gain":0,"player_choice":"Relic ","damage_taken":7,"max_hp_gain":0,"max_hp_loss":0,"event_name":"betterThird:BetterScrap","floor":12,"gold_loss":0,"cards_obtained":["Phantasmal Killer"]}],"is_beta":false,"boss_relics":[],"items_purged_floors":[3,13],"is_endless":false,"potions_floor_spawned":[1,7],"killed_by":"Slime Boss","ascension_level":11}}