{"host":"dtvgc7uk609653br","time":1610860379,"event":{"mods":["BaseMod","Downfall","Minty Spire (QoL Compilation)","Shade Mod","StSLib","The Bladedancer","The Druid"],"gold_per_floor":[99,118,129,147,147,147,147,177,177,177,177,197,197,217,228,228,228,228],"floor_reached":16,"language":"ENG","playtime":642,"items_purged":[],"score":127,"play_id":"56afc7a9-b70c-4177-b994-b9b3946e1f32","local_time":"20210117001259","is_ascension_mode":false,"campfire_choices":[{"data":"Slimebound:CorrosiveSpit","floor":1,"key":"SMITH"},{"data":"Slimebound:GoopSpray","floor":6,"key":"SMITH"},{"data":"Slimebound:MegaLick","floor":9,"key":"SMITH"},{"floor":13,"key":"REST"}],"circlet_count":0,"master_deck":["Slimebound:Strike_Slimebound","Slimebound:Strike_Slimebound","Slimebound:Tackle","Slimebound:Defend_Slimebound","Slimebound:Defend_Slimebound","Slimebound:Defend_Slimebound","Slimebound:Defend_Slimebound","Slimebound:Split","Slimebound:CorrosiveSpit+1","Slimebound:GoopSpray+1","Slimebound:SamplingLick","Slimebound:MegaLick+1","Slimebound:RainOfGoop","Slimebound:GrowthPunch","Slimebound:MegaLick","Slimebound:Schlurp"],"relics":["Slimebound:AbsorbEndCombat","Dead Branch","Dream Catcher"],"acts_visited":["Exordium"],"potions_floor_usage":[16],"damage_taken":[{"damage":4,"enemies":"Cultist","floor":2,"turns":3},{"damage":0,"enemies":"Jaw Worm","floor":3,"turns":4},{"damage":4,"enemies":"2 Louse","floor":4,"turns":3},{"damage":13,"enemies":"Gremlin Nob","floor":8,"turns":3},{"damage":5,"enemies":"Exordium Wildlife","floor":12,"turns":5},{"damage":0,"enemies":"2 Fungi Beasts","floor":14,"turns":3},{"damage":0,"enemies":"Lots of Slimes","floor":15,"turns":4},{"damage":105,"enemies":"SI_SHIV_ARCHETYPE","floor":16,"turns":10}],"seed_played":"-1808314881129253577","potions_obtained":[{"floor":3,"key":"bronze:BurnAndBuffPotion"},{"floor":8,"key":"Slimebound:SlimedPotion"},{"floor":12,"key":"EssenceOfSteel"}],"is_trial":false,"path_per_floor":["R","M","M","M","?","R","T","E","R","?","?","M","R","M","M","B"],"character_chosen":"SLIMEBOUND","items_purchased":[],"campfire_rested":1,"item_purchase_floors":[],"current_hp_per_floor":[59,56,59,57,57,57,57,47,47,47,47,46,59,59,59,0,0,0],"gold":228,"neow_bonus":"THREE_RARE_CARDS","is_daily":false,"chose_seed":false,"campfire_upgraded":3,"win_rate":0.0,"timestamp":1610860379,"path_taken":["R","M","M","?","?","R","T","E","R","?","?","M","R","M","M","BOSS"],"items_purchased_type":[],"build_version":"2020-12-22","purchased_purges":0,"victory":false,"max_hp_per_floor":[59,59,59,59,59,59,59,59,59,59,59,59,59,59,59,59,59,59],"card_choices":[{"not_picked":["Slimebound:SelfFormingGoo","Slimebound:DuplicatedForm"],"picked":"Slimebound:MinionMaster","floor":0},{"not_picked":["Slimebound:RollThrough","Slimebound:LeechingTouch"],"picked":"Slimebound:GoopSpray","floor":2},{"not_picked":["Slimebound:SplitBruiser","Slimebound:ForwardTackle"],"picked":"Slimebound:SamplingLick","floor":3},{"not_picked":["Slimebound:LivingWall","Slimebound:SamplingLick"],"picked":"Slimebound:MegaLick","floor":4},{"not_picked":["Slimebound:ComboTackle","Slimebound:PressTheAttack","Slimebound:FirmFortitude"],"picked":"SKIP","floor":8},{"not_picked":["Slimebound:SlimeSpikes","Slimebound:SplitAcid"],"picked":"Slimebound:RainOfGoop","floor":12},{"not_picked":["Slimebound:FormOfPuddle","Slimebound:Prepare"],"picked":"Slimebound:GrowthPunch","floor":13},{"not_picked":["Slimebound:ForwardTackle","Slimebound:DivideAndConquer"],"picked":"Slimebound:MegaLick","floor":14},{"not_picked":["Slimebound:SpikyOuterGoop","Slimebound:Nibble"],"picked":"Slimebound:Schlurp","floor":15}],"player_experience":547604,"relics_obtained":[{"floor":7,"key":"Dead Branch"},{"floor":8,"key":"Dream Catcher"}],"event_choices":[{"cards_removed":["Slimebound:MinionMaster"],"damage_healed":0,"gold_gain":0,"player_choice":"Card Removal","damage_taken":0,"max_hp_gain":0,"max_hp_loss":0,"event_name":"The Cleric","floor":10,"gold_loss":0}],"is_beta":false,"boss_relics":[],"items_purged_floors":[],"is_endless":false,"potions_floor_spawned":[3,8,12,14],"killed_by":"SI_SHIV_ARCHETYPE","ascension_level":0}}