{"host":"jkrqlov8aogccnw1","time":1610878124,"event":{"mods":["BaseMod","Colored Map","Colored Powertips","GifTheSpireLib","Lobotomy","LobotomyExtend","Minty Spire (QoL Compilation)","Permanent Neow","Rare Cards Sparkle","Relic Filter","StSLib"],"gold_per_floor":[112,58,58,58,76,104,104,139,139,154,154,189,189,230,230,356,356,377,377,408,421,421,464,487,487,533,571,120,143,143,178,178,324,333,355,355,379,413,490,530,560,607,607,616,57,57,100,100,100,100,100,100,17,57,57],"floor_reached":56,"language":"ENG","playtime":6735,"items_purged":[],"score":1494,"play_id":"5e1a09b9-df66-4d65-b7fb-c62491852dc6","local_time":"20210117050844","is_ascension_mode":true,"campfire_choices":[{"data":"Rampage","floor":7,"key":"SMITH"},{"data":"Heavy Blade","floor":13,"key":"SMITH"},{"data":"Perfected Strike","floor":15,"key":"SMITH"},{"data":"Limit Break","floor":25,"key":"SMITH"},{"data":"Flex","floor":30,"key":"SMITH"},{"data":"Flex","floor":32,"key":"SMITH"},{"floor":46,"key":"RECALL"},{"data":"Demon Form","floor":49,"key":"SMITH"},{"data":"Mayhem","floor":52,"key":"SMITH"}],"circlet_count":0,"master_deck":["Strike_R","Strike_R","Strike_R","Strike_R","Defend_R","Defend_R","Defend_R","Defend_R","Bash","LongBird","Pommel Strike+1","Flex+1","BigBird","Rampage+1","Bloodbath","Heavy Blade+1","Laetitia","BeautyBeast","Sword Boomerang","FieryBird","Twin Strike","Porccubus","Perfected Strike+1","SilentOrchestra","Limit Break+1","MeltingLove","Battle Trance","CENSORED","Flex+1","BigBadWolf","Pommel Strike","GalaxyChild","Flex+1","HeroicMonk","Freischutz","FieryBird","GreedKing","Cleave+1","LittlePrince","DespairKnight","Demon Form+1","CurseOfTheBell","RedShoes","SnowQueen","WallGazer","Rudolta","LittleHelper","HappyTeddy","BodiesMountain","Mayhem+1","OldLady","Havoc","Inflame","BlackSwan"],"relics":["Burning Blood","CogitoBucket","LetterFromLob","Heaven_r","Gaze_r","The Courier","Pen Nib","Ornamental Fan","Golden Idol","Dead Branch","Boot","Coffee Dripper","AdjustmentMirror","Red Mask","InkBottle","HonorFeather","Eternal Feather","Bottled Flame","Molten Egg 2","Oddly Smooth Stone","DollysMirror","LuminousBracelet","CeramicFish","Calling Bell","Orichalcum","HornCleat","Peace Pipe","ChangeAnything","Magic Flower","Paper Frog","Champion Belt","Question Card","Strawberry","Self Forming Clay","Brimstone","Bronze Scales","Letter Opener","Mango"],"acts_visited":["Exordium","TheCity","TheBeyond","TheEnding"],"potions_floor_usage":[38,38],"damage_taken":[{"damage":5,"enemies":"Small Slimes","floor":1,"turns":3},{"damage":75,"enemies":"Small Slimes","floor":4,"turns":5},{"damage":37,"enemies":"Small Slimes","floor":4,"turns":4},{"damage":0,"enemies":"Cultist","floor":5,"turns":2},{"damage":37,"enemies":"Gremlin Nob","floor":6,"turns":4},{"damage":12,"enemies":"3 Sentries","floor":8,"turns":6},{"damage":0,"enemies":"2 Louse","floor":10,"turns":3},{"damage":14,"enemies":"Gremlin Nob","floor":12,"turns":3},{"damage":14,"enemies":"3 Sentries","floor":14,"turns":7},{"damage":30,"enemies":"The Guardian","floor":16,"turns":4},{"damage":16,"enemies":"Spheric Guardian","floor":18,"turns":2},{"damage":23,"enemies":"Masked Bandits","floor":20,"turns":2},{"damage":40,"enemies":"Chosen","floor":21,"turns":2},{"damage":48,"enemies":"Book of Stabbing","floor":23,"turns":2},{"damage":10,"enemies":"Centurion and Healer","floor":24,"turns":5},{"damage":3,"enemies":"Gremlin Leader","floor":27,"turns":4},{"damage":60,"enemies":"Shelled Parasite and Fungi","floor":29,"turns":8},{"damage":19,"enemies":"Slavers","floor":31,"turns":3},{"damage":29,"enemies":"Collector","floor":33,"turns":5},{"damage":2,"enemies":"3 Shapes","floor":35,"turns":3},{"damage":7,"enemies":"Orb Walker","floor":37,"turns":4},{"damage":126,"enemies":"3 Darklings","floor":38,"turns":9},{"damage":66,"enemies":"2 Orb Walkers","floor":39,"turns":5},{"damage":71,"enemies":"Reptomancer","floor":40,"turns":6},{"damage":15,"enemies":"Sphere and 2 Shapes","floor":41,"turns":4},{"damage":5,"enemies":"Giant Head","floor":42,"turns":3},{"damage":50,"enemies":"Nemesis","floor":47,"turns":3},{"damage":117,"enemies":"FixerMidnight","floor":50,"turns":4},{"damage":70,"enemies":"Shield and Spear","floor":54,"turns":3},{"damage":86,"enemies":"The Heart","floor":55,"turns":4}],"seed_played":"634369894260986205","potions_obtained":[{"floor":5,"key":"BlessingOfTheForge"},{"floor":14,"key":"Ancient Potion"},{"floor":16,"key":"DuplicationPotion"},{"floor":38,"key":"GamblersBrew"},{"floor":40,"key":"GamblersBrew"}],"is_trial":false,"path_per_floor":["M","$","?","?","M","E","R","E","T","M","?","E","R","E","R","B",null,"M","?","?","M","T","E","M","R","T","E","$","M","R","E","R","B",null,"M","?","M","M","?","E","M","E","T","?","$","R","E","?","R","B",null,"R","$","E","B",null],"character_chosen":"IRONCLAD","items_purchased":["Flex","Molten Egg 2","Oddly Smooth Stone","DollysMirror","Strawberry","Self Forming Clay","Brimstone","Bronze Scales","Havoc","Inflame"],"campfire_rested":0,"item_purchase_floors":[2,28,28,28,45,45,45,45,53,53],"current_hp_per_floor":[80,80,80,49,55,24,24,19,19,25,5,73,73,67,67,45,80,71,71,56,25,25,48,60,60,60,60,60,39,75,72,75,69,75,75,75,75,75,45,69,74,75,75,75,82,82,73,73,82,60,82,82,82,62,88],"gold":57,"neow_bonus":"","is_daily":false,"chose_seed":false,"campfire_upgraded":8,"win_rate":0.0,"timestamp":1610878124,"path_taken":["M","$","?","?","?","E","R","E","T","M","?","E","R","E","R","BOSS","M","?","?","M","?","E","M","R","T","E","$","M","R","E","R","BOSS","M","?","M","M","?","E","M","E","T","?","$","R","E","?","R","BOSS","R","$","E","BOSS"],"items_purchased_type":["Card","Relic","Relic","Relic","Relic","Relic","Relic","Relic","Card","Card"],"build_version":"2020-12-22","purchased_purges":0,"victory":true,"max_hp_per_floor":[80,80,80,80,80,80,80,80,80,80,80,80,80,80,80,80,80,80,80,80,80,80,60,60,60,60,60,60,75,75,75,75,75,75,75,75,75,75,75,75,75,75,75,75,82,82,82,82,82,82,82,82,82,96,96],"card_choices":[{"not_picked":["ShyLook","FairyFestival","Wellcheers"],"picked":"Singing Bowl","floor":1},{"not_picked":["HappyTeddy","BlueStar"],"picked":"LongBird","floor":1},{"not_picked":["Headbutt","Perfected Strike"],"picked":"Pommel Strike","floor":1},{"not_picked":["GalaxyChild","Bloodbath"],"picked":"BigBird","floor":5},{"not_picked":["Flame Barrier","Clash"],"picked":"Rampage","floor":5},{"not_picked":["OSAHOGD","LittleHelper"],"picked":"Bloodbath","floor":6},{"not_picked":["Warcry","Fire Breathing"],"picked":"Heavy Blade","floor":6},{"not_picked":["MHz","OSAHOGD","SpiderBud"],"picked":"Singing Bowl","floor":8},{"not_picked":["Scorched","SnowQueen"],"picked":"Laetitia","floor":8},{"not_picked":["Dual Wield","Thunderclap"],"picked":"Headbutt","floor":8},{"not_picked":["NakedNest","PunishingBird"],"picked":"BeautyBeast","floor":10},{"not_picked":["Flex","Intimidate"],"picked":"Sword Boomerang","floor":10},{"not_picked":["NakedNest","OSAHOGD"],"picked":"FieryBird","floor":12},{"not_picked":["Seeing Red","Ghostly Armor"],"picked":"Twin Strike","floor":12},{"not_picked":["FairyFestival","VoidDream"],"picked":"Porccubus","floor":14},{"not_picked":["True Grit","Blood for Blood"],"picked":"Perfected Strike","floor":14},{"not_picked":["GalaxyChild","CherryBlossoms","Scorched"],"picked":"Singing Bowl","floor":16},{"not_picked":["Scorched","MeatLantern"],"picked":"SilentOrchestra","floor":16},{"not_picked":["Berserk","Feed"],"picked":"Limit Break","floor":16},{"not_picked":["FairyFestival","NakedNest"],"picked":"MeltingLove","floor":18},{"not_picked":["Anger","Havoc"],"picked":"Battle Trance","floor":18},{"not_picked":["Scorched","SnowQueen"],"picked":"CENSORED","floor":20},{"not_picked":["Corruption","Evolve+1"],"picked":"Flex","floor":20},{"not_picked":["Wellcheers","NakedNest"],"picked":"BigBadWolf","floor":21},{"not_picked":["Combust","Cleave"],"picked":"Pommel Strike","floor":21},{"not_picked":["Murderer","QueenBee","Scorched"],"picked":"Singing Bowl","floor":23},{"not_picked":["OSAHOGD","CrumblingArmor"],"picked":"GalaxyChild","floor":23},{"not_picked":["Warcry","Feel No Pain"],"picked":"Flex","floor":23},{"not_picked":["Yin","MeatLantern"],"picked":"HeroicMonk","floor":24},{"not_picked":["Headbutt+1","Clothesline+1","Wild Strike+1"],"picked":"SKIP","floor":24},{"not_picked":["SingingMachine","FairyFestival"],"picked":"Freischutz","floor":27},{"not_picked":["Thunderclap","Barricade","Power Through"],"picked":"SKIP","floor":27},{"not_picked":["Yin","Rudolta"],"picked":"GreedKing","floor":29},{"not_picked":["True Grit","Reckless Charge+1"],"picked":"Cleave+1","floor":29},{"not_picked":["Scarecrow","OldLady","SpiderBud"],"picked":"Singing Bowl","floor":31},{"not_picked":["FairyFestival","LittleHelper"],"picked":"LittlePrince","floor":31},{"not_picked":["Sword Boomerang+1","Anger+1","Seeing Red"],"picked":"SKIP","floor":31},{"not_picked":["SpiderBud","RedShoes"],"picked":"DespairKnight","floor":33},{"not_picked":["Juggernaut","Immolate+1"],"picked":"Demon Form","floor":33},{"not_picked":["LaLuna","PlagueDoctor"],"picked":"RedShoes","floor":35},{"not_picked":["Clothesline+1","Perfected Strike+1","Blood for Blood+1"],"picked":"SKIP","floor":35},{"not_picked":["UniverseFragment","Wellcheers"],"picked":"SnowQueen","floor":37},{"not_picked":["Anger+1","Rage+1","Iron Wave+1"],"picked":"SKIP","floor":37},{"not_picked":["Variant","Yin"],"picked":"WallGazer","floor":38},{"not_picked":["Rage","Disarm+1","Whirlwind+1"],"picked":"SKIP","floor":38},{"not_picked":["LittleHelper","Alriune"],"picked":"Rudolta","floor":39},{"not_picked":["MHz","Mercenary"],"picked":"LittleHelper","floor":40},{"not_picked":["Twin Strike+1","Seeing Red","Armaments+1"],"picked":"SKIP","floor":40},{"not_picked":["MeatLantern","Funeral"],"picked":"HappyTeddy","floor":41},{"not_picked":["Pommel Strike+1","Wild Strike+1","Clothesline+1"],"picked":"SKIP","floor":41},{"not_picked":["Pommel Strike+1","Wild Strike+1","Clothesline+1"],"picked":"SKIP","floor":41},{"not_picked":["CherryBlossoms","Woodsman"],"picked":"BodiesMountain","floor":42},{"not_picked":["Carnage+1","Body Slam+1","Armaments+1"],"picked":"SKIP","floor":42},{"not_picked":["Forethought","The Bomb","Good Instincts"],"picked":"Mayhem","floor":44},{"not_picked":["NothingThere","SingingMachine"],"picked":"OldLady","floor":47},{"not_picked":["Rage","Warcry","Double Tap","Disarm+1"],"picked":"SKIP","floor":47},{"not_picked":["Rage","Warcry","Double Tap","Disarm+1"],"picked":"SKIP","floor":47},{"not_picked":["NothingThere","Yin"],"picked":"BlackSwan","floor":54},{"not_picked":["Havoc","Intimidate+1","Dark Embrace+1","Clothesline+1"],"picked":"SKIP","floor":54},{"not_picked":["Havoc","Intimidate+1","Dark Embrace+1","Clothesline+1"],"picked":"SKIP","floor":54}],"player_experience":150655,"relics_obtained":[{"floor":1,"key":"LetterFromLob"},{"floor":6,"key":"The Courier"},{"floor":8,"key":"Pen Nib"},{"floor":9,"key":"Ornamental Fan"},{"floor":12,"key":"Dead Branch"},{"floor":14,"key":"Boot"},{"floor":20,"key":"Red Mask"},{"floor":22,"key":"InkBottle"},{"floor":23,"key":"Eternal Feather"},{"floor":27,"key":"Bottled Flame"},{"floor":31,"key":"CeramicFish"},{"floor":34,"key":"Orichalcum"},{"floor":34,"key":"HornCleat"},{"floor":34,"key":"Peace Pipe"},{"floor":39,"key":"Magic Flower"},{"floor":40,"key":"Paper Frog"},{"floor":42,"key":"Champion Belt"},{"floor":43,"key":"Question Card"},{"floor":47,"key":"Letter Opener"},{"floor":54,"key":"Mango"}],"event_choices":[{"damage_healed":0,"gold_gain":0,"player_choice":"Ignored","damage_taken":0,"max_hp_gain":0,"max_hp_loss":0,"event_name":"Golden Wing","floor":3,"gold_loss":0},{"damage_healed":0,"gold_gain":0,"player_choice":"Take Damage","damage_taken":20,"relics_obtained":["Golden Idol"],"max_hp_gain":0,"max_hp_loss":0,"event_name":"Golden Idol","floor":11,"gold_loss":0},{"damage_healed":0,"gold_gain":0,"player_choice":"Ignored","damage_taken":0,"max_hp_gain":0,"max_hp_loss":0,"event_name":"Beggar","floor":19,"gold_loss":0},{"damage_healed":0,"gold_gain":0,"player_choice":"Fought Bandits","damage_taken":0,"max_hp_gain":0,"max_hp_loss":0,"event_name":"Masked Bandits","floor":20,"gold_loss":0},{"cards_removed":["Strike_R"],"damage_healed":0,"gold_gain":0,"player_choice":"Removed Attack","damage_taken":0,"max_hp_gain":0,"max_hp_loss":0,"event_name":"Falling","floor":36,"gold_loss":0},{"damage_healed":0,"gold_gain":0,"player_choice":"Fight","damage_taken":0,"max_hp_gain":0,"max_hp_loss":0,"event_name":"Mysterious Sphere","floor":39,"gold_loss":0},{"damage_healed":0,"gold_gain":0,"player_choice":"Memory 1","damage_taken":0,"max_hp_gain":0,"max_hp_loss":0,"event_name":"SensoryStone","floor":44,"gold_loss":0},{"damage_healed":0,"gold_gain":0,"player_choice":"Ignored","damage_taken":0,"max_hp_gain":0,"max_hp_loss":0,"event_name":"The Moai Head","floor":48,"gold_loss":0}],"is_beta":false,"boss_relics":[{"not_picked":["SacredBark","Sozu"],"picked":"Coffee Dripper"},{"not_picked":["Mark of Pain","Empty Cage"],"picked":"Calling Bell"}],"items_purged_floors":[],"is_endless":false,"potions_floor_spawned":[4,5,14,16,18,27,29,31,33,35,38,40,42,47,54],"ascension_level":1}}