{"host":"qy7jow5usmjkdnnq","time":1610924292,"event":{"mods":["BaseMod","Colored Map","Downfall","Minty Spire (QoL Compilation)","Permanent Neow","Relic Stats","StSLib"],"gold_per_floor":[99,117,217,217,227,227,309,51,82,92,92,102,2,2,22,127,127,127,127,137,147,147,147,198,218,118,131,161,161,161,243,262,364,364,264,278,278,328,339,372,384,427,451,463,575,602,614,234,251,251,251,282,30,30,30,30],"floor_reached":57,"language":"ENG","playtime":6939,"items_purged":["Bite","Slimebound:Nibble+1"],"score":1606,"play_id":"0d12182a-55a7-4177-96df-63aec89777fc","local_time":"20210117235812","is_ascension_mode":true,"campfire_choices":[{"data":"Slimebound:Split","floor":1,"key":"SMITH"},{"data":"Slimebound:MassRepurpose","floor":6,"key":"SMITH"},{"floor":13,"key":"REST"},{"floor":18,"key":"RECALL"},{"data":"Slimebound:Teamwork","floor":26,"key":"SMITH"},{"data":"Slimebound:CorrosiveSpit","floor":30,"key":"SMITH"},{"data":"Slimebound:OneTwoCombo","floor":35,"key":"SMITH"},{"floor":44,"key":"REST"},{"data":"Slimebound:SplitSpecialist","floor":47,"key":"SMITH"},{"data":"Slimebound:SlimeBarrage","floor":54,"key":"SMITH"}],"circlet_count":0,"master_deck":["Slimebound:Defend_Slimebound","Slimebound:Defend_Slimebound","Slimebound:Defend_Slimebound","Slimebound:Split+1","Slimebound:CorrosiveSpit+1","Slimebound:MassRepurpose+1","Slimebound:MinionMaster","Slimebound:Prepare+1","Slimebound:PressTheAttack","Slimebound:SplitSpecialist+1","Slimebound:SplitLeeching","Slimebound:GoopSpray+1","Slimebound:PressTheAttack","Slimebound:Teamwork+1","Slimebound:SlimeBrawl","Bite+1","Bite","Bite+1","Bite","Slimebound:SlimeBarrage+1","Slimebound:OneTwoCombo+1","Slimebound:LivingWall+1","Slimebound:Recollect+1","Slimebound:MinionMaster","Slimebound:FormOfPuddle+1","Slimebound:SlimeBarrage+1","Slimebound:HauntingLick+1"],"relics":["Slimebound:AbsorbEndCombat","WarpedTongs","Letter Opener","Slimebound:MaxSlimesRelic","Anchor","downfall:HeartBlessingGreen","Black Star","Oddly Smooth Stone","downfall:HeartBlessingRed","Incense Burner","Darkstone Periapt","Empty Cage","downfall:HeartBlessingBlue","Slimebound:SlimedTailRelic","MawBank","hexamod:BolsterEngine","Toxic Egg 2","Bottled Flame","Bottled Lightning","Potion Belt","Chemical X","Whetstone","Blue Candle","War Paint","Guardian:BottledAnomaly"],"acts_visited":["Exordium","TheCity","TheBeyond","TheEnding"],"potions_floor_usage":[33,33,38,42,45,48,48,52,55,56,56],"damage_taken":[{"damage":1,"enemies":"Cultist","floor":2,"turns":4},{"damage":17,"enemies":"Small Slimes","floor":5,"turns":3},{"damage":10,"enemies":"downfall:FleeingMerchant","floor":8,"turns":4},{"damage":34,"enemies":"3 Sentries","floor":9,"turns":6},{"damage":5,"enemies":"Jaw Worm","floor":10,"turns":5},{"damage":0,"enemies":"2 Fungi Beasts","floor":12,"turns":2},{"damage":0,"enemies":"Blue Slaver","floor":15,"turns":2},{"damage":7,"enemies":"IC_STATUS_ARCHETYPE","floor":16,"turns":5},{"damage":0,"enemies":"Chosen","floor":19,"turns":1},{"damage":2,"enemies":"Shelled Parasite and Fungi","floor":20,"turns":4},{"damage":2,"enemies":"Cultist and Chosen","floor":21,"turns":4},{"damage":5,"enemies":"Centurion and Healer","floor":25,"turns":6},{"damage":0,"enemies":"Snake Plant","floor":27,"turns":5},{"damage":0,"enemies":"Book of Stabbing","floor":28,"turns":6},{"damage":0,"enemies":"Snecko","floor":32,"turns":3},{"damage":33,"enemies":"SI_MIRROR_ARCHETYPE","floor":33,"turns":10},{"damage":5,"enemies":"Orb Walker","floor":36,"turns":3},{"damage":0,"enemies":"2 Orb Walkers","floor":38,"turns":4},{"damage":0,"enemies":"3 Shapes","floor":39,"turns":3},{"damage":0,"enemies":"Reptomancer","floor":40,"turns":5},{"damage":60,"enemies":"Giant Head","floor":42,"turns":7},{"damage":0,"enemies":"Sphere and 2 Shapes","floor":43,"turns":3},{"damage":0,"enemies":"downfall:LadyInBlue","floor":45,"turns":6},{"damage":0,"enemies":"3 Darklings","floor":46,"turns":4},{"damage":3,"enemies":"downfall:FleeingMerchant","floor":48,"turns":4},{"damage":3,"enemies":"Jaw Worm Horde","floor":49,"turns":3},{"damage":50,"enemies":"DF_ARCHETYPE_ORBS","floor":50,"turns":8},{"damage":7,"enemies":"downfall:CharBossMerchant","floor":52,"turns":7},{"damage":17,"enemies":"downfall:NeowBoss","floor":55,"turns":15},{"damage":4,"enemies":"downfall:NeowBossFinal","floor":56,"turns":14}],"seed_played":"-452786145995552002","potions_obtained":[{"floor":2,"key":"Explosive Potion"},{"floor":9,"key":"Strength Potion"},{"floor":16,"key":"Block Potion"},{"floor":20,"key":"SkillPotion"},{"floor":28,"key":"DuplicationPotion"},{"floor":33,"key":"champ:CounterPotion"},{"floor":36,"key":"DistilledChaos"},{"floor":40,"key":"Dexterity Potion"},{"floor":42,"key":"champ:CounterPotion"},{"floor":45,"key":"sneckomod:MuddlingPotion"},{"floor":45,"key":"Weak Potion"},{"floor":45,"key":"SteroidPotion"},{"floor":49,"key":"Slimebound:SlimyTonguePotion"},{"floor":52,"key":"Fire Potion"}],"is_trial":false,"path_per_floor":["R","M","?","?","M","R","T","$","E","M","?","M","R","?","M","B",null,"R","M","M","M","?","?","T","M","R","M","E","?","R","T","M","B",null,"R","M","?","?","M","E","T","E","M","R","?","M","R","$","M","B",null,"E","$","R","B","B",null],"character_chosen":"SLIMEBOUND","items_purchased":["Slimebound:MaxSlimesRelic","Chemical X","Whetstone","Guardian:BottledAnomaly"],"campfire_rested":2,"item_purchase_floors":[8,48,48,53],"current_hp_per_floor":[65,64,64,64,48,48,48,40,8,5,5,7,26,26,28,25,55,55,55,55,55,44,44,44,49,49,49,49,49,49,49,49,45,48,58,57,57,59,59,59,59,12,16,33,53,59,59,58,56,21,50,58,58,58,52,58],"gold":30,"neow_bonus":"TRANSFORM_TWO_CARDS","is_daily":false,"chose_seed":false,"campfire_upgraded":7,"win_rate":0.0,"timestamp":1610924292,"path_taken":["R","M","?","?","M","R","T","$","E","?","?","M","R","?","M","BOSS","R","M","M","M","?","?","T","M","R","M","E","?","R","?","M","BOSS","R","M","?","?","M","E","T","E","M","R","?","?","R","$","M","BOSS","E","$","R","BOSS","BOSS"],"items_purchased_type":["Relic","Relic","Relic","Relic"],"build_version":"2020-12-22","purchased_purges":2,"victory":true,"max_hp_per_floor":[65,65,65,65,65,65,65,65,65,65,65,65,65,65,65,65,65,65,65,65,65,70,49,49,49,49,49,49,49,49,49,49,49,49,59,59,59,59,59,59,59,59,59,59,59,59,59,59,59,59,59,59,59,59,59,59],"relic_stats":{"Darkstone Periapt":0,"counters":[30,153],"Blue Candle":[7],"Black Star":4,"Letter Opener":[201],"Chemical X":[10],"Whetstone":["Bite","Bite"],"War Paint":["Slimebound:Prepare","Slimebound:GoopSpray"],"MawBank":96,"obtain_stats":[{"Darkstone Periapt":28,"downfall:HeartBlessingGreen":13,"Incense Burner":28,"Whetstone":48,"Empty Cage":34,"Slimebound:MaxSlimesRelic":8,"downfall:BrokenWingStatue":14,"downfall:HeartBlessingBlue":35,"Chemical X":48,"Toxic Egg 2":41,"Guardian:BottledAnomaly":53,"Potion Belt":45,"downfall:HeartBlessingRed":26,"Blue Candle":52,"Oddly Smooth Stone":24,"Letter Opener":7,"War Paint":52,"MawBank":40,"WarpedTongs":4,"Anchor":9,"Bottled Flame":42,"Slimebound:AbsorbEndCombat":0,"Black Star":17,"Bottled Lightning":42,"hexamod:BolsterEngine":40,"Slimebound:SlimedTailRelic":38},{"Darkstone Periapt":14,"downfall:HeartBlessingGreen":6,"Incense Burner":14,"Whetstone":25,"Empty Cage":16,"Slimebound:MaxSlimesRelic":3,"downfall:BrokenWingStatue":6,"downfall:HeartBlessingBlue":16,"Chemical X":25,"Toxic Egg 2":20,"Guardian:BottledAnomaly":28,"Potion Belt":23,"downfall:HeartBlessingRed":12,"Blue Candle":28,"Oddly Smooth Stone":11,"Letter Opener":2,"War Paint":28,"MawBank":20,"WarpedTongs":1,"Anchor":4,"Bottled Flame":21,"Slimebound:AbsorbEndCombat":0,"Black Star":8,"Bottled Lightning":21,"hexamod:BolsterEngine":20,"Slimebound:SlimedTailRelic":18},{"Darkstone Periapt":55,"downfall:HeartBlessingGreen":23,"Incense Burner":55,"Whetstone":107,"Empty Cage":68,"Slimebound:MaxSlimesRelic":11,"downfall:BrokenWingStatue":23,"downfall:HeartBlessingBlue":68,"Chemical X":107,"Toxic Egg 2":83,"Guardian:BottledAnomaly":124,"Potion Belt":99,"downfall:HeartBlessingRed":44,"Blue Candle":124,"Oddly Smooth Stone":38,"Letter Opener":7,"War Paint":124,"MawBank":83,"WarpedTongs":4,"Anchor":17,"Bottled Flame":90,"Slimebound:AbsorbEndCombat":0,"Black Star":30,"Bottled Lightning":90,"hexamod:BolsterEngine":83,"Slimebound:SlimedTailRelic":75}],"WarpedTongs":[135]},"card_choices":[{"not_picked":["Slimebound:ComboTackle","Slimebound:Schlurp"],"picked":"Slimebound:Prepare","floor":2},{"not_picked":["Slimebound:RollThrough","Slimebound:Nibble","Slimebound:RejuvenatingLick"],"picked":"SKIP","floor":5},{"not_picked":["Slimebound:GoopSpray","Slimebound:Repurpose"],"picked":"Slimebound:PressTheAttack","floor":8},{"not_picked":["Slimebound:FormOfPuddle","Slimebound:PressTheAttack"],"picked":"Slimebound:SplitSpecialist","floor":9},{"not_picked":["Slimebound:GoopTackle","Slimebound:GoopSpray"],"picked":"Slimebound:SplitLeeching","floor":10},{"not_picked":["Slimebound:BestDefense","Slimebound:RollThrough"],"picked":"Slimebound:GoopSpray","floor":12},{"not_picked":["Slimebound:GoopSpray","Slimebound:AcidTongue"],"picked":"Slimebound:PressTheAttack","floor":15},{"not_picked":["Slimebound:SelfFormingGoo","Slimebound:Overexert"],"picked":"Slimebound:Teamwork","floor":16},{"not_picked":["Slimebound:LivingWall","Slimebound:Chomp+1"],"picked":"Slimebound:SlimeBrawl","floor":19},{"not_picked":["Slimebound:DisruptingSlam","Slimebound:PressTheAttack","Slimebound:Grow+1"],"picked":"SKIP","floor":20},{"not_picked":["Slimebound:Replication","Slimebound:FinishingTackle","Slimebound:LeechEnergy"],"picked":"SKIP","floor":21},{"not_picked":["Slimebound:RollThrough+1","Slimebound:LivingWall","Slimebound:TongueLash+1"],"picked":"SKIP","floor":25},{"not_picked":["Slimebound:GrowthPunch+1","Slimebound:PressTheAttack","Slimebound:DuplicatedForm"],"picked":"SKIP","floor":27},{"not_picked":["Slimebound:SplitSpecialist","Slimebound:PressTheAttack"],"picked":"Slimebound:Nibble+1","floor":28},{"not_picked":["Slimebound:LeechingTouch","Slimebound:TongueLash+1"],"picked":"Slimebound:SlimeBarrage","floor":32},{"not_picked":["Slimebound:Darklings","Slimebound:MinionMaster"],"picked":"Slimebound:OneTwoCombo","floor":33},{"not_picked":["Slimebound:GoopSpray+1","Slimebound:Repurpose+1"],"picked":"Slimebound:LivingWall+1","floor":36},{"not_picked":["Slimebound:ComboTackle","Slimebound:SplitMire"],"picked":"Slimebound:Recollect+1","floor":38},{"not_picked":["Slimebound:Recollect+1","Slimebound:FinishingTackle","Slimebound:ViciousTackle+1"],"picked":"SKIP","floor":39},{"not_picked":["Slimebound:SplitLeeching","Slimebound:SplitAcid+1","Slimebound:RallyTheTroops"],"picked":"SKIP","floor":40},{"not_picked":["Slimebound:SplitLeeching","Slimebound:SplitAcid+1","Slimebound:RallyTheTroops"],"picked":"SKIP","floor":40},{"not_picked":["Slimebound:ProtectTheBoss+1","Slimebound:SplitMire+1"],"picked":"Slimebound:MinionMaster","floor":42},{"not_picked":["Slimebound:Schlurp+1","Slimebound:LivingWall+1","Slimebound:ItLooksTasty+1"],"picked":"SKIP","floor":43},{"not_picked":["Slimebound:LeechingTouch+1","Slimebound:PressTheAttack+1"],"picked":"Slimebound:FormOfPuddle+1","floor":45},{"not_picked":["Slimebound:ServeAndProtect+1","Slimebound:HungryTackle"],"picked":"Slimebound:SlimeBarrage+1","floor":46},{"not_picked":["Slimebound:SamplingLick+1","Slimebound:PressTheAttack+1"],"picked":"Slimebound:HauntingLick+1","floor":48},{"not_picked":["Slimebound:HungryTackle","Slimebound:ServeAndProtect+1","Slimebound:SpikyOuterGoop+1"],"picked":"SKIP","floor":49},{"not_picked":["Slimebound:LeechEnergy","Slimebound:GoopTackle+1","Slimebound:RainOfGoop+1"],"picked":"SKIP","floor":52}],"player_experience":630982,"relics_obtained":[{"floor":7,"key":"Letter Opener"},{"floor":9,"key":"Anchor"},{"floor":24,"key":"Oddly Smooth Stone"},{"floor":28,"key":"Incense Burner"},{"floor":28,"key":"Darkstone Periapt"},{"floor":38,"key":"Slimebound:SlimedTailRelic"},{"floor":40,"key":"MawBank"},{"floor":40,"key":"hexamod:BolsterEngine"},{"floor":41,"key":"Toxic Egg 2"},{"floor":42,"key":"Bottled Flame"},{"floor":42,"key":"Bottled Lightning"},{"floor":45,"key":"Potion Belt"},{"floor":52,"key":"Blue Candle"},{"floor":52,"key":"War Paint"}],"event_choices":[{"damage_healed":0,"gold_gain":0,"player_choice":"Rummage","damage_taken":0,"relics_obtained":["WarpedTongs"],"max_hp_gain":0,"max_hp_loss":0,"event_name":"Accursed Blacksmith","floor":4,"gold_loss":0,"cards_obtained":["Pain"]},{"cards_removed":["Pain"],"damage_healed":0,"gold_gain":0,"player_choice":"Forget","damage_taken":0,"max_hp_gain":0,"max_hp_loss":0,"event_name":"Living Wall","floor":11,"gold_loss":0},{"damage_healed":0,"gold_gain":0,"player_choice":"Became a vampire","damage_taken":0,"max_hp_gain":0,"max_hp_loss":21,"event_name":"Vampires","floor":23,"gold_loss":0,"cards_obtained":["Bite","Bite","Bite","Bite","Bite"]},{"damage_healed":0,"gold_gain":0,"player_choice":"Ignored","damage_taken":0,"max_hp_gain":0,"max_hp_loss":0,"event_name":"Ghosts","floor":29,"gold_loss":0},{"damage_healed":0,"gold_gain":0,"player_choice":"Fight","damage_taken":0,"max_hp_gain":0,"max_hp_loss":0,"event_name":"Mysterious Sphere","floor":38,"gold_loss":0}],"is_beta":false,"boss_relics":[{"not_picked":["Calling Bell","Pandora\u0027s Box"],"picked":"Black Star"},{"not_picked":["Tiny House","Slimebound:AbsorbEndCombatUpgraded"],"picked":"Empty Cage"}],"items_purged_floors":[48,53],"is_endless":false,"potions_floor_spawned":[2,9,16,20,27,28,33,36,40,42,49,52],"ascension_level":5}}