{"host":"o54aw4mfims5m8ve","time":1610907797,"event":{"mods":["BaseMod","Downfall","Minty Spire (QoL Compilation)","StSLib","The Cursed","The Saiyan","The Senshi"],"gold_per_floor":[112,123,140,215,230,261,271,305,332,332,345,345,358,0,0,95,145,155,55,55,72,90,124,42,42,42,57,57,57,82,94,94,199,199,211,11,30,41,41,41,74,74,74,74,74,74,74],"floor_reached":46,"language":"ENG","playtime":5122,"items_purged":["theSenshi:SailorBlock","theSenshi:SailorKick","theSenshi:SailorKick"],"score":500,"play_id":"c612fef2-1fab-437f-8525-a3d682943fe1","local_time":"20210117182317","is_ascension_mode":false,"campfire_choices":[{"data":"theSenshi:MoonPrincessHalation","floor":15,"key":"SMITH"},{"data":"theSenshi:MoonCrystalPowerMakeUp","floor":25,"key":"SMITH"},{"data":"theSenshi:KlutzyLuck","floor":29,"key":"SMITH"},{"data":"theSenshi:MoonKick","floor":32,"key":"SMITH"},{"data":"theSenshi:MoonGorgeousMeditation","floor":40,"key":"SMITH"},{"data":"theSenshi:MoonCrisisMakeUp","floor":42,"key":"SMITH"},{"data":"theSenshi:RoseThrow","floor":44,"key":"SMITH"}],"circlet_count":0,"master_deck":["theSenshi:SailorKick+1","theSenshi:SailorKick","theSenshi:SailorBlock+1","theSenshi:SailorBlock","theSenshi:RoseThrow+1","theSenshi:MoonPrismPowerMakeUp","theSenshi:VenusGlamour","theSenshi:SaturnsMystery+1","theSenshi:MoonKick+1","theSenshi:MoonsReflection","theSenshi:MoonPunch","theSenshi:SaturnsMystery","theSenshi:SailorJupiterAssists","theSenshi:MoonPrincessHalation+1","theSenshi:MoonlightKnight","theSenshi:SailorSaturnAssists","theSenshi:MoonCrystalPowerMakeUp+1","theSenshi:MoonsReflection","theSenshi:MoonTwilightFlash+1","theSenshi:KlutzyLuck+1","theSenshi:TallSilhouette+1","theSenshi:MoonGorgeousMeditation+1","theSenshi:MoonCrisisMakeUp+1","Panacea"],"relics":["theSenshi:TransformationBroochRelic","Letter Opener","Vajra","Omamori","Regal Pillow","Tiny House","Ancient Tea Set","FossilizedHelix","Happy Flower","Calling Bell","theSenshi:RoseRelic","Sundial","theSenshi:EternalTiareRelic","Potion Belt","Toxic Egg 2"],"acts_visited":["Exordium","TheCity","TheBeyond"],"potions_floor_usage":[7,13,16,21,23,33,33,33],"damage_taken":[{"damage":0,"enemies":"2 Louse","floor":1,"turns":3},{"damage":0,"enemies":"Small Slimes","floor":2,"turns":2},{"damage":0,"enemies":"Jaw Worm","floor":3,"turns":3},{"damage":11,"enemies":"Looter","floor":5,"turns":3},{"damage":26,"enemies":"Lagavulin","floor":6,"turns":7},{"damage":0,"enemies":"2 Fungi Beasts","floor":7,"turns":2},{"damage":35,"enemies":"3 Sentries","floor":8,"turns":7},{"damage":21,"enemies":"Exordium Thugs","floor":11,"turns":4},{"damage":4,"enemies":"Large Slime","floor":13,"turns":5},{"damage":37,"enemies":"The Guardian","floor":16,"turns":9},{"damage":22,"enemies":"2 Thieves","floor":18,"turns":3},{"damage":11,"enemies":"3 Byrds","floor":21,"turns":6},{"damage":27,"enemies":"Shelled Parasite and Fungi","floor":22,"turns":5},{"damage":37,"enemies":"Book of Stabbing","floor":23,"turns":5},{"damage":0,"enemies":"Centurion and Healer","floor":27,"turns":5},{"damage":12,"enemies":"Gremlin Leader","floor":30,"turns":5},{"damage":10,"enemies":"Sentry and Sphere","floor":31,"turns":4},{"damage":53,"enemies":"Collector","floor":33,"turns":7},{"damage":19,"enemies":"3 Shapes","floor":35,"turns":6},{"damage":34,"enemies":"3 Darklings","floor":37,"turns":5},{"damage":31,"enemies":"Jaw Worm Horde","floor":38,"turns":6},{"damage":14,"enemies":"Nemesis","floor":41,"turns":11},{"damage":105,"enemies":"Reptomancer","floor":46,"turns":6}],"seed_played":"-580096430629720538","potions_obtained":[{"floor":1,"key":"SteroidPotion"},{"floor":6,"key":"Block Potion"},{"floor":7,"key":"Weak Potion"},{"floor":16,"key":"Regen Potion"},{"floor":17,"key":"CultistPotion"},{"floor":21,"key":"DistilledChaos"},{"floor":22,"key":"SteroidPotion"},{"floor":27,"key":"LiquidMemories"},{"floor":28,"key":"Regen Potion"},{"floor":35,"key":"CultistPotion"}],"is_trial":false,"path_per_floor":["M","M","M","?","M","E","M","E","T","?","M","?","M","$","R","B",null,"M","$","?","M","M","E","$","R","T","M","?","R","E","M","R","B",null,"M","$","M","M","?","R","E","R","T","R","?","E"],"character_chosen":"THE_SENSHI","items_purchased":["theSenshi:MoonPrincessHalation","Regal Pillow","theSenshi:MoonlightKnight","theSenshi:KlutzyLuck","theSenshi:MoonCrisisMakeUp"],"campfire_rested":0,"item_purchase_floors":[14,14,14,24,36],"current_hp_per_floor":[82,82,82,71,70,59,59,34,34,34,34,18,48,48,48,46,87,65,65,65,83,65,61,61,61,61,83,83,83,87,77,77,57,87,68,68,51,41,41,41,78,78,78,78,78,0,0],"gold":74,"neow_bonus":"TEN_PERCENT_HP_BONUS","is_daily":false,"chose_seed":false,"campfire_upgraded":7,"win_rate":0.0,"timestamp":1610907797,"path_taken":["M","M","M","?","M","E","M","E","T","?","M","?","M","?","R","BOSS","M","$","?","M","M","E","$","R","T","M","?","R","E","M","R","BOSS","M","$","M","M","?","R","E","R","T","R","?","E"],"items_purchased_type":["Card","Relic","Card","Card","Card"],"build_version":"2020-12-22","purchased_purges":3,"victory":false,"max_hp_per_floor":[82,82,82,82,82,82,82,82,82,82,82,82,82,82,82,82,87,87,87,87,87,87,87,87,87,87,87,87,87,87,87,87,87,87,87,87,87,87,87,87,87,87,87,87,87,87,87],"card_choices":[{"not_picked":["theSenshi:DramaticEntrance","theSenshi:Sidestep"],"picked":"theSenshi:VenusGlamour","floor":1},{"not_picked":["theSenshi:LunaWiseMentor","theSenshi:SailorPlanetPower"],"picked":"theSenshi:SaturnsMystery","floor":2},{"not_picked":["theSenshi:YouCanTalk","theSenshi:SteeledNerves"],"picked":"theSenshi:MoonKick","floor":3},{"not_picked":["theSenshi:TallSilhouette","theSenshi:MercurysCunning"],"picked":"theSenshi:MoonsReflection","floor":5},{"not_picked":["theSenshi:SailorMarsAssists","theSenshi:CrisisMakeUp"],"picked":"theSenshi:MoonPunch","floor":6},{"not_picked":["theSenshi:TuxedoSmokingBomber","theSenshi:SchoolBag"],"picked":"theSenshi:Sidestep","floor":7},{"not_picked":["theSenshi:SupersonicWaves","theSenshi:Sidestep"],"picked":"theSenshi:SaturnsMystery","floor":8},{"not_picked":["theSenshi:SchoolBag","theSenshi:GatheringStrength","theSenshi:EncouragingSpeech"],"picked":"SKIP","floor":11},{"not_picked":["theSenshi:GatheringStrength","theSenshi:PlutosSolemnity"],"picked":"theSenshi:SailorJupiterAssists","floor":13},{"not_picked":["theSenshi:InTheNameOfTheMoon","theSenshi:SailorStarHealerAssists"],"picked":"theSenshi:SailorSaturnAssists","floor":16},{"not_picked":["theSenshi:LunasBite","theSenshi:SailorMercuryAssists"],"picked":"theSenshi:MoonCrystalPowerMakeUp","floor":17},{"not_picked":["theSenshi:RainbowMoonHeartAche","theSenshi:SupersonicWaves"],"picked":"theSenshi:MoonsReflection","floor":18},{"not_picked":["theSenshi:EncouragingSpeech","theSenshi:LunaWiseMentor","theSenshi:MoonPower"],"picked":"SKIP","floor":21},{"not_picked":["theSenshi:CrisisMakeUp","theSenshi:SailorMercuryAssists"],"picked":"theSenshi:MoonTwilightFlash+1","floor":22},{"not_picked":["theSenshi:MoonKick+1","theSenshi:LunaWiseMentor+1","theSenshi:SaturnsMystery+1"],"picked":"SKIP","floor":23},{"not_picked":["theSenshi:TallSilhouette","theSenshi:MoonPunch","theSenshi:SailorChibiMoonAssists"],"picked":"SKIP","floor":27},{"not_picked":["theSenshi:HesSoDreamy","theSenshi:SilverMoonCrystalPowerKiss","theSenshi:EncouragingSpeech+1"],"picked":"SKIP","floor":30},{"not_picked":["theSenshi:MarsPride","theSenshi:MoonsReflection"],"picked":"theSenshi:TallSilhouette+1","floor":31},{"not_picked":["theSenshi:JupitersPower","theSenshi:GlimpseOfThePast"],"picked":"theSenshi:MoonGorgeousMeditation","floor":33},{"not_picked":["theSenshi:SchoolBag","theSenshi:MoonsReflection+1","theSenshi:TallSilhouette+1"],"picked":"SKIP","floor":35},{"not_picked":["theSenshi:Sidestep","theSenshi:KlutzyLuck+1","theSenshi:SailorMercuryAssists+1"],"picked":"SKIP","floor":37},{"not_picked":["theSenshi:SchoolBag","theSenshi:TuxedoSmokingBomber+1","theSenshi:LunaSensingAllies"],"picked":"SKIP","floor":38},{"not_picked":["Secret Weapon","Blind"],"picked":"Panacea","floor":39},{"not_picked":["theSenshi:SailorJupiterAssists+1","theSenshi:LunasBite+1","theSenshi:TallSilhouette+1"],"picked":"SKIP","floor":41}],"player_experience":194830,"relics_obtained":[{"floor":6,"key":"Letter Opener"},{"floor":8,"key":"Vajra"},{"floor":9,"key":"Omamori"},{"floor":23,"key":"Ancient Tea Set"},{"floor":26,"key":"FossilizedHelix"},{"floor":30,"key":"Happy Flower"},{"floor":34,"key":"theSenshi:RoseRelic"},{"floor":34,"key":"Sundial"},{"floor":34,"key":"theSenshi:EternalTiareRelic"},{"floor":41,"key":"Potion Belt"},{"floor":43,"key":"Toxic Egg 2"}],"event_choices":[{"damage_healed":0,"gold_gain":75,"player_choice":"Gather Gold","damage_taken":11,"max_hp_gain":0,"max_hp_loss":0,"event_name":"World of Goop","floor":4,"gold_loss":0},{"damage_healed":0,"gold_gain":0,"player_choice":"Ignored","damage_taken":0,"max_hp_gain":0,"max_hp_loss":0,"event_name":"Golden Idol","floor":10,"gold_loss":0},{"damage_healed":0,"gold_gain":0,"player_choice":"Entered Light","damage_taken":16,"max_hp_gain":0,"max_hp_loss":0,"event_name":"Shining Light","floor":12,"gold_loss":0,"cards_upgraded":["theSenshi:SaturnsMystery","theSenshi:SailorKick"]},{"cards_removed":["theSenshi:SailorBlock"],"damage_healed":0,"gold_gain":0,"player_choice":"Elegance","damage_taken":0,"max_hp_gain":0,"max_hp_loss":0,"event_name":"Back to Basics","floor":20,"gold_loss":0},{"damage_healed":0,"gold_gain":0,"player_choice":"Got Potions","damage_taken":0,"max_hp_gain":0,"max_hp_loss":0,"event_name":"Lab","floor":28,"gold_loss":0},{"damage_healed":0,"gold_gain":0,"player_choice":"Memory 1","damage_taken":0,"max_hp_gain":0,"max_hp_loss":0,"event_name":"SensoryStone","floor":39,"gold_loss":0},{"cards_removed":["theSenshi:Sidestep"],"damage_healed":0,"gold_gain":0,"player_choice":"Removed Skill","damage_taken":0,"max_hp_gain":0,"max_hp_loss":0,"event_name":"Falling","floor":45,"gold_loss":0}],"is_beta":false,"boss_relics":[{"not_picked":["Velvet Choker","Runic Dome"],"picked":"Tiny House"},{"not_picked":["Runic Pyramid","Astrolabe"],"picked":"Calling Bell"}],"items_purged_floors":[14,19,36],"is_endless":false,"potions_floor_spawned":[1,6,7,16,21,22,27,35],"killed_by":"Reptomancer","ascension_level":0}}