{"host":"4gr5irrdjh39ysed","time":1610897276,"event":{"mods":["AchievementEnabler","BaseMod","Colored Map","Downfall","Hermit","Minty Spire (QoL Compilation)","Random Character Button","StSLib","The Construct","The Cursed","The Disciple","The Hierophant","The Mystic","The Necromancer","The Runesmith"],"gold_per_floor":[116,116,136,27,43,43,69,69,96,116,116,129,31,59,59,154,154,171,171,171,171,186,186,236,236,236,236,251,267,279,279,279,383,383,397,397,397,347,365,391,407,439,439,458,473,473,473,489,489,489,489,489,119,151,151],"floor_reached":56,"language":"ENG","playtime":2795,"items_purged":["Defend_B","Defend_B","Defend_B","Darkness"],"score":1599,"play_id":"53d636d0-c16b-4647-9164-c6cb53f2476c","local_time":"20210117082756","is_ascension_mode":true,"campfire_choices":[{"data":"Blizzard","floor":6,"key":"SMITH"},{"floor":15,"key":"RECALL"},{"data":"Echo Form","floor":23,"key":"SMITH"},{"data":"Chill","floor":25,"key":"SMITH"},{"data":"Sunder","floor":27,"key":"SMITH"},{"data":"Core Surge","floor":32,"key":"SMITH"},{"data":"Thunder Strike","floor":46,"key":"SMITH"},{"data":"Multi-Cast","floor":49,"key":"SMITH"},{"data":"Zap","floor":52,"key":"SMITH"}],"circlet_count":0,"master_deck":["Strike_B","Strike_B","Strike_B","Strike_B","Zap+1","Dualcast","Compile Driver","Tempest","Blind","Glacier","Blizzard+1","Sunder+1","Gash","Amplify","Beam Cell","Echo Form+1","Compile Driver+1","Chill+1","Necronomicurse","Rip and Tear+1","Defragment+1","Core Surge+1","Gash","Thunder Strike+1","Ball Lightning","Sunder+1","Gash+1","Machine Learning+1","Chill+1","Multi-Cast+1","Lockon","Sweeping Beam+1","Cold Snap+1","FTL","Madness","Thunder Strike","Chill+1","Sweeping Beam+1","Capacitor+1"],"relics":["Cracked Core","Strawberry","Smiling Mask","NlothsMask","Anchor","Sozu","Necronomicon","Inserter","Cables","Boot","Orrery","Lantern"],"acts_visited":["Exordium","TheCity","TheBeyond","TheEnding"],"potions_floor_usage":[16,55],"damage_taken":[{"damage":14,"enemies":"Jaw Worm","floor":1,"turns":3},{"damage":4,"enemies":"Cultist","floor":3,"turns":3},{"damage":0,"enemies":"Small Slimes","floor":5,"turns":3},{"damage":44,"enemies":"Gremlin Nob","floor":7,"turns":5},{"damage":0,"enemies":"2 Fungi Beasts","floor":10,"turns":3},{"damage":12,"enemies":"3 Louse","floor":12,"turns":3},{"damage":37,"enemies":"Lagavulin","floor":14,"turns":6},{"damage":22,"enemies":"The Guardian","floor":16,"turns":11},{"damage":7,"enemies":"Chosen","floor":18,"turns":4},{"damage":1,"enemies":"2 Thieves","floor":22,"turns":2},{"damage":0,"enemies":"Chosen and Byrds","floor":28,"turns":4},{"damage":12,"enemies":"Snake Plant","floor":29,"turns":2},{"damage":7,"enemies":"Sentry and Sphere","floor":30,"turns":4},{"damage":118,"enemies":"Automaton","floor":33,"turns":10},{"damage":12,"enemies":"Orb Walker","floor":35,"turns":3},{"damage":16,"enemies":"3 Darklings","floor":39,"turns":5},{"damage":27,"enemies":"Nemesis","floor":40,"turns":5},{"damage":24,"enemies":"Jaw Worm Horde","floor":41,"turns":3},{"damage":51,"enemies":"Reptomancer","floor":42,"turns":5},{"damage":43,"enemies":"Maw","floor":44,"turns":6},{"damage":51,"enemies":"4 Shapes","floor":45,"turns":5},{"damage":30,"enemies":"Writhing Mass","floor":48,"turns":4},{"damage":149,"enemies":"Awakened One","floor":50,"turns":11},{"damage":124,"enemies":"Shield and Spear","floor":54,"turns":7},{"damage":330,"enemies":"The Heart","floor":55,"turns":12}],"seed_played":"-2028976039475656179","potions_obtained":[{"floor":1,"key":"LiquidBronze"},{"floor":7,"key":"Energy Potion"},{"floor":12,"key":"EssenceOfSteel"},{"floor":16,"key":"Guardian:BlockOnCardUsePotion"}],"is_trial":false,"path_per_floor":["M","?","M","$","M","R","E","$","T","M","?","M","$","E","R","B",null,"M","?","?","?","M","R","?","R","T","R","M","M","M","?","R","B",null,"M","?","?","$","M","E","M","E","T","M","M","R","?","M","R","B",null,"R","$","E","B",null],"character_chosen":"DEFECT","items_purchased":["Blizzard","Beam Cell","FTL","Madness","Orrery"],"campfire_rested":0,"item_purchase_floors":[4,13,53,53,53],"current_hp_per_floor":[2054,2054,2050,2050,2050,2050,2013,2013,2013,2013,2013,2001,2001,1964,1964,1942,2047,2040,2040,2040,2024,2023,2023,2023,2023,2023,2023,2023,2011,2004,2004,2004,1886,2033,2021,2021,2021,2021,2005,1978,1954,1903,1903,1860,1809,1809,1809,1779,1779,1630,1969,1969,1969,1845,1515],"gold":151,"neow_bonus":"TRANSFORM_CARD","is_daily":false,"chose_seed":false,"campfire_upgraded":8,"win_rate":0.0,"timestamp":1610897276,"path_taken":["M","?","M","$","?","R","E","$","T","M","?","M","?","E","R","BOSS","M","?","?","?","M","R","?","R","T","R","?","M","M","?","R","BOSS","M","?","?","$","M","E","M","E","T","?","M","R","?","M","R","BOSS","R","$","E","BOSS"],"items_purchased_type":["Card","Card","Card","Card","Relic"],"build_version":"2020-12-22","purchased_purges":4,"victory":true,"max_hp_per_floor":[2075,2075,2075,2075,2075,2075,2082,2082,2082,2082,2082,2082,2082,2082,2082,2082,2082,2082,2082,2082,2082,2082,2082,2082,2082,2082,2082,2082,2082,2082,2082,2082,2082,2082,2082,2082,2082,2082,2082,2082,2082,2082,2082,2082,2082,2082,2082,2082,2082,2082,2082,2082,2082,2082,2082],"card_choices":[{"not_picked":["Reprogram","Steam"],"picked":"Tempest","floor":1},{"not_picked":["Conserve Battery","Turbo"],"picked":"Glacier","floor":3},{"not_picked":["Streamline","Redo"],"picked":"Darkness","floor":5},{"not_picked":["Hello World","Cold Snap"],"picked":"Sunder","floor":7},{"not_picked":["Coolheaded","Go for the Eyes"],"picked":"Gash","floor":10},{"not_picked":["Go for the Eyes","Ball Lightning"],"picked":"Amplify","floor":12},{"not_picked":["Steam Power","Stack","Compile Driver"],"picked":"SKIP","floor":14},{"not_picked":["Buffer","Hyperbeam"],"picked":"Echo Form","floor":16},{"not_picked":["Storm+1","Barrage"],"picked":"Compile Driver+1","floor":18},{"not_picked":["Conserve Battery+1","Redo"],"picked":"Rip and Tear+1","floor":22},{"not_picked":["Genetic Algorithm","Rebound+1"],"picked":"Defragment+1","floor":28},{"not_picked":["Turbo","Steam"],"picked":"Core Surge","floor":29},{"not_picked":["Compile Driver","Steam+1"],"picked":"Gash","floor":30},{"not_picked":["Machine Learning","Biased Cognition"],"picked":"Thunder Strike","floor":33},{"not_picked":["Barrage","Steam+1"],"picked":"Ball Lightning","floor":35},{"not_picked":["Compile Driver+1","Coolheaded+1"],"picked":"Gash+1","floor":39},{"not_picked":["Sweeping Beam+1","Gash+1"],"picked":"Machine Learning","floor":40},{"not_picked":["Loop+1","Glacier"],"picked":"Chill+1","floor":41},{"not_picked":["Leap","Reboot"],"picked":"Multi-Cast","floor":42},{"not_picked":["Chill+1","Double Energy"],"picked":"Lockon","floor":44},{"not_picked":["Compile Driver","Turbo"],"picked":"Sweeping Beam+1","floor":45},{"not_picked":["Hologram+1","Coolheaded+1"],"picked":"Cold Snap+1","floor":48},{"not_picked":["BootSequence+1","Sweeping Beam+1"],"picked":"Thunder Strike","floor":53},{"not_picked":["Stack+1","Steam+1"],"picked":"Chill+1","floor":53},{"not_picked":["Multi-Cast","Loop+1"],"picked":"Sweeping Beam+1","floor":53},{"not_picked":["Steam","Tempest+1"],"picked":"Capacitor+1","floor":54}],"player_experience":214885,"relics_obtained":[{"floor":7,"key":"Strawberry"},{"floor":9,"key":"Smiling Mask"},{"floor":14,"key":"Anchor"},{"floor":21,"key":"Necronomicon"},{"floor":40,"key":"Cables"},{"floor":42,"key":"Boot"},{"floor":54,"key":"Lantern"}],"event_choices":[{"damage_healed":0,"gold_gain":0,"player_choice":"2 cards matched","damage_taken":0,"max_hp_gain":0,"max_hp_loss":0,"event_name":"Match and Keep!","floor":2,"gold_loss":0,"cards_obtained":["Zap","Blind"]},{"damage_healed":0,"gold_gain":0,"player_choice":"Trade","damage_taken":0,"relics_obtained":["NlothsMask"],"max_hp_gain":0,"max_hp_loss":0,"event_name":"FaceTrader","floor":11,"gold_loss":0},{"damage_healed":0,"gold_gain":0,"player_choice":"Read","damage_taken":0,"max_hp_gain":0,"max_hp_loss":0,"event_name":"The Library","floor":19,"gold_loss":0,"cards_obtained":["Chill"]},{"damage_healed":0,"gold_gain":0,"player_choice":"Obtained Book","damage_taken":16,"max_hp_gain":0,"max_hp_loss":0,"event_name":"Cursed Tome","floor":21,"gold_loss":0},{"damage_healed":0,"gold_gain":100,"player_choice":"Bet on Murderer","damage_taken":0,"max_hp_gain":0,"max_hp_loss":0,"event_name":"The Joust","floor":24,"gold_loss":50},{"cards_removed":["Zap"],"damage_healed":0,"gold_gain":0,"player_choice":"Removed Skill","damage_taken":0,"max_hp_gain":0,"max_hp_loss":0,"event_name":"Falling","floor":36,"gold_loss":0},{"damage_healed":0,"gold_gain":0,"player_choice":"Copied","damage_taken":0,"max_hp_gain":0,"max_hp_loss":0,"event_name":"Duplicator","floor":37,"gold_loss":0,"cards_obtained":["Sunder"]},{"damage_healed":0,"gold_gain":0,"player_choice":"Upgraded","damage_taken":0,"max_hp_gain":0,"max_hp_loss":0,"event_name":"Upgrade Shrine","floor":47,"gold_loss":0,"cards_upgraded":["Machine Learning"]}],"is_beta":false,"boss_relics":[{"not_picked":["Ectoplasm","Tiny House"],"picked":"Sozu"},{"not_picked":["Calling Bell","construct:ClawGrip"],"picked":"Inserter"}],"items_purged_floors":[4,13,38,53],"is_endless":false,"potions_floor_spawned":[1,7,12,16,18,28,29,35,41,42,45],"ascension_level":8}}