{"host":"ccw6t0i2dpm5wyxf","time":1610879205,"event":{"mods":["BaseMod","Colored Map","Minty Spire (QoL Compilation)","Permanent Neow"],"gold_per_floor":[117,132,144,154,154,154,186,203,203,238,252,252,269,269,269,364,364,377,377,9,309,344,344,371,296,296,296,59,76,76,88,88,88,88],"floor_reached":33,"language":"ENG","playtime":1241,"items_purged":["Dodge and Roll"],"score":303,"play_id":"50e12c0e-bf7f-4f39-914a-b3a71d4aff13","local_time":"20210117042645","is_ascension_mode":true,"campfire_choices":[{"data":"Cloak And Dagger","floor":6,"key":"SMITH"},{"data":"A Thousand Cuts","floor":12,"key":"SMITH"},{"floor":15,"key":"REST"},{"floor":23,"key":"REST"},{"floor":27,"key":"REST"},{"data":"Envenom","floor":32,"key":"SMITH"}],"circlet_count":0,"master_deck":["Strike_G","Strike_G","Strike_G","Defend_G","Defend_G","Defend_G","Defend_G","Survivor","Neutralize","Cloak And Dagger+1","Cloak And Dagger","Deflect","A Thousand Cuts+1","Cloak And Dagger+1","Deflect","Envenom+1","Predator+1","Predator+1","Blade Dance+1","Deflect","Night Terror"],"relics":["WristBlade","Blue Candle","Meat on the Bone","Anchor","Astrolabe","Nilry\u0027s Codex","Membership Card","Eternal Feather","Happy Flower","Old Coin","Red Mask","Juzu Bracelet","Bag of Preparation","Ornamental Fan","ClockworkSouvenir","Gambling Chip"],"acts_visited":["Exordium","TheCity"],"potions_floor_usage":[7,7,18,22,24],"damage_taken":[{"damage":0,"enemies":"2 Louse","floor":1,"turns":2},{"damage":0,"enemies":"Cultist","floor":2,"turns":4},{"damage":0,"enemies":"Small Slimes","floor":3,"turns":3},{"damage":8,"enemies":"Exordium Wildlife","floor":4,"turns":8},{"damage":4,"enemies":"3 Sentries","floor":7,"turns":9},{"damage":3,"enemies":"Looter","floor":8,"turns":3},{"damage":18,"enemies":"Gremlin Nob","floor":10,"turns":4},{"damage":0,"enemies":"Blue Slaver","floor":11,"turns":3},{"damage":0,"enemies":"Large Slime","floor":13,"turns":3},{"damage":26,"enemies":"The Guardian","floor":16,"turns":12},{"damage":13,"enemies":"Shell Parasite","floor":18,"turns":4},{"damage":0,"enemies":"Masked Bandits","floor":22,"turns":4},{"damage":26,"enemies":"Book of Stabbing","floor":24,"turns":6},{"damage":0,"enemies":"2 Thieves","floor":29,"turns":4},{"damage":3,"enemies":"Snake Plant","floor":31,"turns":4},{"damage":79,"enemies":"Champ","floor":33,"turns":11}],"seed_played":"4818735319841392632","potions_obtained":[{"floor":2,"key":"Poison Potion"},{"floor":3,"key":"Swift Potion"},{"floor":11,"key":"Fire Potion"},{"floor":22,"key":"LiquidMemories"}],"is_trial":false,"path_per_floor":["M","M","M","M","?","R","E","M","T","E","M","R","M","?","R","B",null,"M","?","$","?","?","R","E","?","T","R","$","M","T","M","R","B"],"character_chosen":"THE_SILENT","items_purchased":["Membership Card","Eternal Feather","Happy Flower","PowerPotion","Ornamental Fan","ClockworkSouvenir"],"campfire_rested":3,"item_purchase_floors":[20,20,20,20,28,28],"current_hp_per_floor":[70,70,70,62,55,55,51,48,48,42,42,42,42,42,63,37,70,57,41,41,41,41,70,44,44,44,70,70,70,70,67,70,0,0],"gold":88,"neow_bonus":"BOSS_RELIC","is_daily":false,"chose_seed":false,"campfire_upgraded":3,"win_rate":0.0,"timestamp":1610879205,"path_taken":["M","M","M","M","?","R","E","M","T","E","M","R","?","?","R","BOSS","M","?","$","?","?","R","E","?","T","R","?","M","?","M","R","BOSS"],"items_purchased_type":["Relic","Relic","Relic","Potion","Relic","Relic"],"build_version":"2020-12-22","purchased_purges":1,"victory":false,"max_hp_per_floor":[70,70,70,70,70,70,70,70,70,70,70,70,70,70,70,70,70,70,70,70,70,70,70,70,70,70,70,70,70,70,70,70,70,70],"card_choices":[{"not_picked":["Acrobatics","Noxious Fumes"],"picked":"Cloak And Dagger","floor":1},{"not_picked":["Quick Slash","Bane","Predator"],"picked":"SKIP","floor":2},{"not_picked":["Dagger Spray","Sucker Punch"],"picked":"Cloak And Dagger","floor":3},{"not_picked":["Backflip","Deadly Poison"],"picked":"Deflect","floor":4},{"not_picked":["Setup","Skewer"],"picked":"A Thousand Cuts","floor":7},{"not_picked":["Tactician","Dagger Spray"],"picked":"Cloak And Dagger","floor":8},{"not_picked":["Calculated Gamble","Underhanded Strike","Expertise"],"picked":"SKIP","floor":10},{"not_picked":["Dodge and Roll","Backflip"],"picked":"Deflect","floor":11},{"not_picked":["Catalyst","Bane","Poisoned Stab"],"picked":"SKIP","floor":13},{"not_picked":["Grand Finale","Doppelganger"],"picked":"Envenom","floor":16},{"not_picked":["Concentrate","Dagger Spray"],"picked":"Deflect","floor":18},{"not_picked":["Predator","Acrobatics"],"picked":"Dodge and Roll","floor":24},{"not_picked":["PiercingWail+1","Riddle With Holes+1","Quick Slash+1"],"picked":"SKIP","floor":29},{"not_picked":["Flying Knee","Backflip"],"picked":"Night Terror","floor":31}],"player_experience":264568,"relics_obtained":[{"floor":7,"key":"Blue Candle"},{"floor":9,"key":"Meat on the Bone"},{"floor":10,"key":"Anchor"},{"floor":19,"key":"Nilry\u0027s Codex"},{"floor":22,"key":"Red Mask"},{"floor":24,"key":"Juzu Bracelet"},{"floor":26,"key":"Bag of Preparation"},{"floor":30,"key":"Gambling Chip"}],"event_choices":[{"damage_healed":0,"gold_gain":0,"player_choice":"Damaged","damage_taken":7,"max_hp_gain":0,"max_hp_loss":0,"event_name":"Wheel of Change","floor":5,"gold_loss":0},{"damage_healed":0,"gold_gain":0,"player_choice":"Grow","damage_taken":0,"max_hp_gain":0,"max_hp_loss":0,"event_name":"Living Wall","floor":14,"gold_loss":0,"cards_upgraded":["Cloak And Dagger"]},{"damage_healed":0,"gold_gain":0,"player_choice":"Obtained Book","damage_taken":16,"max_hp_gain":0,"max_hp_loss":0,"event_name":"Cursed Tome","floor":19,"gold_loss":0},{"damage_healed":0,"gold_gain":0,"player_choice":"Opened","damage_taken":0,"relics_obtained":["Old Coin"],"max_hp_gain":0,"max_hp_loss":0,"event_name":"The Mausoleum","floor":21,"gold_loss":0,"cards_obtained":["Writhe"]},{"damage_healed":0,"gold_gain":0,"player_choice":"Fought Bandits","damage_taken":0,"max_hp_gain":0,"max_hp_loss":0,"event_name":"Masked Bandits","floor":22,"gold_loss":0},{"cards_removed":["Writhe"],"damage_healed":0,"gold_gain":0,"player_choice":"Gave Gold","damage_taken":0,"max_hp_gain":0,"max_hp_loss":0,"event_name":"Beggar","floor":25,"gold_loss":75}],"is_beta":false,"boss_relics":[{"not_picked":["Philosopher\u0027s Stone","Ectoplasm"],"picked":"Astrolabe"}],"items_purged_floors":[28],"is_endless":false,"potions_floor_spawned":[2,3,11,22],"killed_by":"Champ","ascension_level":2}}