{"host":"sc0o2qwpf9j16a4i","time":1610897299,"event":{"mods":["AchievementEnabler","BaseMod","BetterRewards","Block Reminder","Colored Map","Colored Powertips","Custom Start","Highlight Path","Minty Spire (QoL Compilation)","Relic Stats"],"gold_per_floor":[112,112,128,128,139,139,166,176,258,258,292,292,319,319,319,392,392,411,411,429,344,344,344,377,377,377,394,407,66,81,81,81,158,158,177,187,212,230,242,273,291,44,44,44,69,69,80,108,108,108,108,108,108,25,59,59,59],"floor_reached":56,"language":"ENG","playtime":3794,"items_purged":["Strike_P+1"],"score":2825,"play_id":"72fefd9b-3931-4816-b040-abdb33c2c22a","local_time":"20210117172819","is_ascension_mode":true,"campfire_choices":[{"floor":6,"key":"REST"},{"data":"FlyingSleeves","floor":10,"key":"SMITH"},{"data":"LikeWater","floor":12,"key":"SMITH"},{"data":"Omniscience","floor":15,"key":"SMITH"},{"floor":23,"key":"REST"},{"data":"Meditate","floor":25,"key":"SMITH"},{"floor":32,"key":"REST"},{"floor":44,"key":"RECALL"},{"floor":49,"key":"DIG"},{"floor":53,"key":"DIG"}],"circlet_count":0,"master_deck":["AscendersBane","Strike_P+1","Strike_P+1","Defend_P+1","Defend_P+1","Defend_P+1","Defend_P+1","Eruption","Vigilance","LikeWater+1","CutThroughFate","CutThroughFate","FlyingSleeves+1","FearNoEvil","Wireheading","CarveReality","Omniscience+1","Omniscience","SandsOfTime","Meditate+1","MentalFortress","Apotheosis","Ragnarok","MentalFortress","Omniscience","Establishment","Protect","WheelKick","MentalFortress"],"relics":["PureWater","Sling","Akabeko","Bag of Preparation","Ancient Tea Set","Kunai","Bag of Marbles","Mercury Hourglass","Anchor","TungstenRod","Snecko Eye","Art of War","Shovel","Strawberry","Happy Flower","Enchiridion","SlaversCollar","StoneCalendar","Boot","Lee\u0027s Waffle","Juzu Bracelet","Toy Ornithopter","InkBottle","Pear","Nunchaku"],"acts_visited":["Exordium","TheCity","TheBeyond","TheEnding"],"potions_floor_usage":[11,56,56],"damage_taken":[{"damage":0,"enemies":"2 Louse","floor":1,"turns":3},{"damage":0,"enemies":"Jaw Worm","floor":3,"turns":4},{"damage":0,"enemies":"Small Slimes","floor":5,"turns":3},{"damage":5,"enemies":"3 Sentries","floor":7,"turns":10},{"damage":0,"enemies":"3 Louse","floor":8,"turns":2},{"damage":0,"enemies":"Gremlin Nob","floor":11,"turns":1},{"damage":0,"enemies":"3 Sentries","floor":13,"turns":6},{"damage":22,"enemies":"Hexaghost","floor":16,"turns":9},{"damage":3,"enemies":"2 Thieves","floor":18,"turns":3},{"damage":0,"enemies":"Chosen","floor":20,"turns":1},{"damage":9,"enemies":"Gremlin Leader","floor":24,"turns":4},{"damage":8,"enemies":"Snake Plant","floor":27,"turns":3},{"damage":0,"enemies":"Chosen and Byrds","floor":28,"turns":3},{"damage":0,"enemies":"Shelled Parasite and Fungi","floor":30,"turns":3},{"damage":0,"enemies":"Automaton","floor":33,"turns":6},{"damage":0,"enemies":"Orb Walker","floor":35,"turns":1},{"damage":0,"enemies":"3 Shapes","floor":36,"turns":2},{"damage":0,"enemies":"Mind Bloom Boss Battle","floor":37,"turns":4},{"damage":3,"enemies":"Jaw Worm Horde","floor":38,"turns":2},{"damage":0,"enemies":"3 Darklings","floor":39,"turns":1},{"damage":2,"enemies":"Giant Head","floor":40,"turns":5},{"damage":0,"enemies":"Transient","floor":41,"turns":6},{"damage":0,"enemies":"Nemesis","floor":45,"turns":3},{"damage":1,"enemies":"Jaw Worm Horde","floor":47,"turns":3},{"damage":0,"enemies":"Reptomancer","floor":48,"turns":4},{"damage":18,"enemies":"Time Eater","floor":50,"turns":9},{"damage":27,"enemies":"Awakened One","floor":51,"turns":9},{"damage":0,"enemies":"Shield and Spear","floor":55,"turns":2},{"damage":102,"enemies":"The Heart","floor":56,"turns":9}],"seed_played":"-4301037090997753001","potions_obtained":[{"floor":3,"key":"FearPotion"},{"floor":5,"key":"SpeedPotion"},{"floor":16,"key":"SmokeBomb"},{"floor":24,"key":"AttackPotion"}],"is_trial":false,"path_per_floor":["M","?","M","T","M","R","E","M","T","R","E","R","E","?","R","B",null,"M","?","M","?","?","R","E","R","T","M","M","$","M","?","R","B",null,"M","M","?","M","M","E","M","$","T","R","E","?","M","E","R","B","B",null,"R","$","E","B"],"character_chosen":"WATCHER","items_purchased":["Sling","Akabeko","Bag of Preparation","LikeWater","Ancient Tea Set","CutThroughFate","Apotheosis","Happy Flower","Lee\u0027s Waffle","MentalFortress"],"campfire_rested":3,"item_purchase_floors":[0,0,0,0,0,0,29,29,42,54],"current_hp_per_floor":[32,25,25,25,25,45,40,40,40,40,40,40,40,45,45,23,61,58,58,58,58,58,73,64,64,71,63,63,63,63,46,70,70,78,78,78,78,75,75,73,73,87,87,87,87,75,74,74,74,56,29,73,83,83,83,0,0],"gold":59,"neow_bonus":"","is_daily":false,"chose_seed":false,"campfire_upgraded":4,"win_rate":0.0,"timestamp":1610897299,"path_taken":["M","?","M","?","M","R","E","M","T","R","E","R","E","?","R","BOSS","M","?","M","?","?","R","E","R","T","M","?","$","M","?","R","BOSS","M","M","?","M","M","E","M","$","T","R","E","?","M","E","R","BOSS","BOSS","R","$","E","BOSS"],"items_purchased_type":["Relic","Relic","Relic","Card","Relic","Card","Card","Relic","Relic","Card"],"build_version":"2020-12-22","purchased_purges":1,"victory":false,"max_hp_per_floor":[68,68,68,68,68,68,68,68,68,68,68,68,68,73,73,73,73,73,73,73,73,73,73,73,73,80,80,80,80,80,80,80,80,80,80,80,80,80,80,80,80,87,87,87,87,87,87,87,87,87,87,87,97,97,97,97,97],"relic_stats":{"Lee\u0027s Waffle":14,"Happy Flower":[23],"counters":[73,320],"StoneCalendar":[156],"Bag of Preparation":[43],"Juzu Bracelet":0,"Boot":[29],"Mercury Hourglass":[361],"Nunchaku":[2],"Shovel":2,"Snecko Eye":[223,234,222,214],"Art of War":[7],"Kunai":[59],"obtain_stats":[{"Enchiridion":31,"StoneCalendar":37,"Bag of Preparation":8,"Juzu Bracelet":45,"TeardropLocket":7,"Ancient Tea Set":4,"Smiling Mask":26,"Sling":0,"Boot":40,"Nunchaku":55,"Shovel":24,"Pantograph":0,"Strawberry":26,"Philosopher\u0027s Stone":17,"Fusion Hammer":17,"Kunai":4,"InkBottle":49,"Lee\u0027s Waffle":42,"Pear":53,"Happy Flower":29,"Golden Idol":3,"Dead Branch":0,"Damaru":29,"Eternal Feather":26,"PreservedInsect":9,"Pen Nib":11,"MawBank":25,"Question Card":13,"Akabeko":0,"Mercury Hourglass":9,"SlaversCollar":34,"Anchor":4,"Bloody Idol":24,"Snecko Eye":17,"Coffee Dripper":0,"Bag of Marbles":12,"Art of War":14,"PureWater":0,"StrikeDummy":10,"TungstenRod":13,"Toy Ornithopter":48},{"Enchiridion":58,"StoneCalendar":62,"Bag of Preparation":18,"Juzu Bracelet":67,"TeardropLocket":31,"Ancient Tea Set":17,"Smiling Mask":26,"Sling":44,"Boot":65,"Nunchaku":72,"Shovel":55,"Pantograph":12,"Strawberry":55,"Philosopher\u0027s Stone":22,"Fusion Hammer":8,"Kunai":46,"InkBottle":69,"Lee\u0027s Waffle":66,"Pear":71,"Happy Flower":57,"Golden Idol":2,"Dead Branch":28,"Damaru":42,"Eternal Feather":40,"PreservedInsect":4,"Pen Nib":19,"MawBank":26,"Question Card":35,"Akabeko":44,"Mercury Hourglass":49,"SlaversCollar":59,"Anchor":2,"Bloody Idol":40,"Snecko Eye":37,"Coffee Dripper":0,"Bag of Marbles":6,"Art of War":21,"PureWater":0,"StrikeDummy":19,"TungstenRod":51,"Toy Ornithopter":69},{"Enchiridion":254,"StoneCalendar":267,"Bag of Preparation":90,"Juzu Bracelet":284,"TeardropLocket":138,"Ancient Tea Set":84,"Smiling Mask":122,"Sling":199,"Boot":275,"Nunchaku":311,"Shovel":245,"Pantograph":57,"Strawberry":245,"Philosopher\u0027s Stone":108,"Fusion Hammer":34,"Kunai":206,"InkBottle":291,"Lee\u0027s Waffle":281,"Pear":309,"Happy Flower":251,"Golden Idol":6,"Dead Branch":131,"Damaru":187,"Eternal Feather":175,"PreservedInsect":14,"Pen Nib":97,"MawBank":122,"Question Card":156,"Akabeko":199,"Mercury Hourglass":221,"SlaversCollar":260,"Anchor":6,"Bloody Idol":175,"Snecko Eye":164,"Coffee Dripper":0,"Bag of Marbles":21,"Art of War":101,"PureWater":0,"StrikeDummy":97,"TungstenRod":228,"Toy Ornithopter":291}],"TungstenRod":41,"Toy Ornithopter":56,"InkBottle":[17]},"card_choices":[{"not_picked":["Perseverance","PathToVictory"],"picked":"CutThroughFate","floor":1},{"not_picked":["Weave","Halt"],"picked":"FlyingSleeves","floor":3},{"not_picked":["Perseverance","Indignation"],"picked":"FearNoEvil","floor":5},{"not_picked":["Prostrate","ForeignInfluence","Collect"],"picked":"SKIP","floor":7},{"not_picked":["Crescendo","EmptyMind"],"picked":"Wireheading","floor":8},{"not_picked":["Study","Consecrate"],"picked":"CarveReality","floor":11},{"not_picked":["ClearTheMind","Protect"],"picked":"Omniscience","floor":13},{"not_picked":["Devotion","ConjureBlade"],"picked":"Omniscience","floor":16},{"not_picked":["Wireheading","Evaluate"],"picked":"SandsOfTime","floor":18},{"not_picked":["Consecrate","CrushJoints","WreathOfFlame"],"picked":"SKIP","floor":20},{"not_picked":["PathToVictory","CarveReality"],"picked":"Meditate","floor":24},{"not_picked":["SignatureMove","PathToVictory"],"picked":"MentalFortress","floor":27},{"not_picked":["BattleHymn","EmptyFist","SashWhip"],"picked":"SKIP","floor":28},{"not_picked":["ClearTheMind","FlurryOfBlows","ReachHeaven"],"picked":"SKIP","floor":30},{"not_picked":["LessonLearned","Blasphemy"],"picked":"Ragnarok","floor":33},{"not_picked":["Study","CutThroughFate","PathToVictory+1"],"picked":"SKIP","floor":35},{"not_picked":["Crescendo","ClearTheMind+1","Evaluate"],"picked":"SKIP","floor":36},{"not_picked":["Protect","Conclude"],"picked":"MentalFortress","floor":37},{"not_picked":["JustLucky+1","Wallop"],"picked":"Omniscience","floor":38},{"not_picked":["InnerPeace+1","EmptyBody+1","CrushJoints"],"picked":"SKIP","floor":39},{"not_picked":["Collect","WindmillStrike"],"picked":"Establishment","floor":40},{"not_picked":["FearNoEvil+1","BattleHymn+1"],"picked":"Protect","floor":41},{"not_picked":["WreathOfFlame","CrushJoints","LessonLearned"],"picked":"SKIP","floor":45},{"not_picked":["FlurryOfBlows","EmptyBody"],"picked":"WheelKick","floor":47},{"not_picked":["FlyingSleeves+1","Scrawl","Swivel"],"picked":"SKIP","floor":48},{"not_picked":["Perseverance+1","WindmillStrike","PathToVictory+1"],"picked":"SKIP","floor":55}],"player_experience":697561,"relics_obtained":[{"floor":4,"key":"Kunai"},{"floor":7,"key":"Bag of Marbles"},{"floor":9,"key":"Mercury Hourglass"},{"floor":11,"key":"Anchor"},{"floor":13,"key":"TungstenRod"},{"floor":24,"key":"Shovel"},{"floor":26,"key":"Strawberry"},{"floor":31,"key":"Enchiridion"},{"floor":37,"key":"StoneCalendar"},{"floor":40,"key":"Boot"},{"floor":45,"key":"Juzu Bracelet"},{"floor":48,"key":"Toy Ornithopter"},{"floor":49,"key":"InkBottle"},{"floor":53,"key":"Pear"},{"floor":55,"key":"Nunchaku"}],"event_choices":[{"cards_removed":["Strike_P"],"damage_healed":0,"gold_gain":0,"player_choice":"Card Removal","damage_taken":7,"max_hp_gain":0,"max_hp_loss":0,"event_name":"Golden Wing","floor":2,"gold_loss":0},{"damage_healed":0,"gold_gain":0,"player_choice":"Donut","damage_taken":0,"max_hp_gain":5,"max_hp_loss":0,"event_name":"Big Fish","floor":14,"gold_loss":0},{"damage_healed":0,"gold_gain":0,"player_choice":"Ignored","damage_taken":0,"max_hp_gain":0,"max_hp_loss":0,"event_name":"Ghosts","floor":19,"gold_loss":0},{"damage_healed":0,"gold_gain":0,"player_choice":"Obtained Relic","damage_taken":0,"relics_obtained":["Art of War"],"max_hp_gain":0,"max_hp_loss":0,"event_name":"Addict","floor":21,"gold_loss":85},{"damage_healed":0,"gold_gain":0,"player_choice":"Simplicity","damage_taken":0,"max_hp_gain":0,"max_hp_loss":0,"event_name":"Back to Basics","floor":22,"gold_loss":0,"cards_upgraded":["Strike_P","Strike_P","Strike_P","Defend_P","Defend_P","Defend_P","Defend_P"]},{"damage_healed":0,"gold_gain":0,"player_choice":"Obtained Book","damage_taken":21,"max_hp_gain":0,"max_hp_loss":0,"event_name":"Cursed Tome","floor":31,"gold_loss":0},{"damage_healed":0,"gold_gain":0,"player_choice":"Fight","damage_taken":0,"max_hp_gain":0,"max_hp_loss":0,"event_name":"MindBloom","floor":37,"gold_loss":0},{"damage_healed":0,"gold_gain":0,"player_choice":"Damaged","damage_taken":13,"max_hp_gain":0,"max_hp_loss":0,"event_name":"Wheel of Change","floor":46,"gold_loss":0}],"is_beta":false,"boss_relics":[{"not_picked":["VioletLotus","Astrolabe"],"picked":"Snecko Eye"},{"not_picked":["Cursed Key","Coffee Dripper"],"picked":"SlaversCollar"}],"items_purged_floors":[42],"is_endless":false,"potions_floor_spawned":[3,5,16,20,24,36,37,38,41],"killed_by":"The Heart","ascension_level":20}}