{"host":"4kbqeuw4a1wt9r2z","time":1610871568,"event":{"mods":["Act Like it!","Aspiration","Astrologer","Bard","BaseMod","Chen","Conspire","Downfall","Duelist Mod","Gensokyo","GifTheSpireLib","Googly Eyes","Hallownest","Hermit","Hubris","Koishi","Marisa????????","Minty Spire (QoL Compilation)","Reimu??????","SOS???????","StSLib","The Administrix","The Bug Knight","The Construct","The Cursed","The Disciple","The Forsaken","The Gatherer","The Hierophant","The Kombatant","The Necromancer","The Runesmith","The Senshi","The Servant 0.9.4","The Wild Card"],"gold_per_floor":[110,124,124,134,134,134,164,177,201,201,220,233,268,282,282,282,282],"floor_reached":16,"language":"ENG","playtime":837,"items_purged":[],"score":114,"play_id":"a9e1745e-fd31-466b-9995-7eed3e9ef069","local_time":"20210117111928","is_ascension_mode":false,"campfire_choices":[{"data":"Koishi:TerrifyingSpectre","floor":6,"key":"SMITH"},{"floor":10,"key":"REST"}],"circlet_count":0,"master_deck":["Koishi:BasicStrike","Koishi:BasicStrike","Koishi:BasicStrike","Koishi:BasicStrike","Koishi:BasicDefend","Koishi:BasicDefend","Koishi:BasicDefend","Koishi:BasicDefend","Koishi:HauntingSlash","Koishi:EmbryosDream","Koishi:TerrifyingSpectre+1","Clumsy","Koishi:CatchAndRose","Koishi:BramblyRoseGarden","Koishi:SubconsciousSweep","Koishi:ParalyzingFear","Koishi:LastRemote","Koishi:StingingMind"],"relics":["Koishi:ImaginaryFriend","aspiration:Nostalgia","theForsaken:JudgementScales","Gensokyo:NagashiBinaDoll","Gensokyo:Justice","White Beast Statue","Anchor","Art of War"],"acts_visited":["Gensokyo:Gensokyo"],"potions_floor_usage":[11,13,13,16,16],"damage_taken":[{"damage":7,"enemies":"Gensokyo:Gryphon","floor":1,"turns":4},{"damage":0,"enemies":"Gensokyo:2_Kodama","floor":2,"turns":4},{"damage":3,"enemies":"Gensokyo:Python","floor":4,"turns":5},{"damage":24,"enemies":"Gensokyo:Cirno","floor":7,"turns":6},{"damage":8,"enemies":"Gensokyo:Gryphon_and_Rabbit","floor":8,"turns":6},{"damage":17,"enemies":"Gensokyo:CorruptedTreant","floor":11,"turns":5},{"damage":6,"enemies":"Gensokyo:VengefulSpirit","floor":12,"turns":4},{"damage":3,"enemies":"Gensokyo:Mamizou","floor":13,"turns":7},{"damage":2,"enemies":"Gensokyo:Kitsune","floor":14,"turns":4},{"damage":20,"enemies":"Gensokyo:Reimu","floor":16,"turns":3}],"seed_played":"8443959826899447381","potions_obtained":[{"floor":1,"key":"PowerPotion"},{"floor":7,"key":"AttackPotion"},{"floor":8,"key":"GamblersBrew"},{"floor":11,"key":"SteroidPotion"},{"floor":13,"key":"Weak Potion"},{"floor":14,"key":"BlessingOfTheForge"}],"is_trial":false,"path_per_floor":["M","M","?","M","?","R","E","M","T","R","M","M","E","M","R","B"],"character_chosen":"KOISHI","items_purchased":[],"campfire_rested":1,"item_purchase_floors":[],"current_hp_per_floor":[55,56,56,55,55,55,32,25,25,43,26,21,20,19,19,0,0],"gold":282,"neow_bonus":"NOSTALGIA","is_daily":false,"chose_seed":false,"campfire_upgraded":1,"win_rate":0.0,"timestamp":1610871568,"path_taken":["M","M","?","M","?","R","E","?","T","R","M","M","E","M","R","BOSS"],"items_purchased_type":[],"build_version":"2020-12-22","purchased_purges":0,"victory":false,"max_hp_per_floor":[60,60,60,60,60,60,60,60,60,60,60,60,60,60,60,60,60],"card_choices":[{"not_picked":["Koishi:ApparitionsStalkTheNight","Koishi:FleetingPhantom"],"picked":"Koishi:EmbryosDream","floor":1},{"not_picked":["Koishi:SpiritedAway","Koishi:Whimsy"],"picked":"Koishi:TerrifyingSpectre","floor":2},{"not_picked":["Koishi:UnconsciousUprising","Koishi:Vanish"],"picked":"Koishi:CatchAndRose","floor":4},{"not_picked":["Koishi:Heartbroken","Koishi:DanmakuParanoia"],"picked":"Koishi:BramblyRoseGarden","floor":7},{"not_picked":["Koishi:GhostParty","Koishi:PhantomStrike"],"picked":"Koishi:SubconsciousSweep","floor":8},{"not_picked":["Koishi:FleetingPhantom","Koishi:PhantomStrike","Koishi:SubconsciousSweep"],"picked":"SKIP","floor":11},{"not_picked":["Koishi:SprinkleStarAndHeart","Koishi:IdleWhim"],"picked":"Koishi:ParalyzingFear","floor":12},{"not_picked":["Koishi:SubterraneanRose","Koishi:GhostParty"],"picked":"Koishi:LastRemote","floor":13},{"not_picked":["Koishi:RacingHeart","Koishi:EmbryosDream"],"picked":"Koishi:StingingMind","floor":14}],"player_experience":551873,"relics_obtained":[{"floor":7,"key":"White Beast Statue"},{"floor":9,"key":"Anchor"},{"floor":13,"key":"Art of War"}],"event_choices":[],"is_beta":false,"boss_relics":[],"items_purged_floors":[],"is_endless":false,"potions_floor_spawned":[1,7,8,11,12,13,14],"killed_by":"Gensokyo:Reimu","ascension_level":0}}