{"host":"s9znsjs818tlhh47","time":1610862743,"event":{"mods":["2.2 Compatiblity","AchievementEnabler","Act Like it!","BaseMod","Bestiary","Better Note","Better Skull","Better Third Choice","Better Vampires","Card Forge","Colored Powertips","Force Act Four","Gensokyo","Ironclad Rager","Marked Mod","Minty Spire (QoL Compilation)","Permanent Neow","Quick Restart","RumiaBox-露米娅的神秘盒子","StSLib","The Invoker Mod","【功能Mod】混沌之环修复补丁","【遗物卡牌】REMEMod","残留之物"],"gold_per_floor":[368,379,379,402,422,457,457,457,457],"floor_reached":8,"language":"ZHS","playtime":316,"items_purged":[],"score":112,"play_id":"98434359-d4ea-4803-a693-71c23fa15c53","local_time":"20210117005223","is_ascension_mode":true,"campfire_choices":[{"floor":7.0,"key":"REST"}],"circlet_count":0,"master_deck":["AscendersBane","Strike_R","Strike_R","Strike_R","Strike_R","Defend_R","Defend_R","Defend_R","Defend_R","Bash","PlaceholderMod:ChainPoly","Shockwave","Cleave","Warcry","Dark Embrace"],"relics":["Burning Blood","Hammer of Thor","Seething Fire","Anvil of the Gods","REME_ComplimentaryCards","Oddly Smooth Stone","Dream Catcher"],"acts_visited":["Exordium"],"potions_floor_usage":[],"damage_taken":[{"damage":1.0,"enemies":"Small Slimes","floor":1.0,"turns":5.0},{"damage":9.0,"enemies":"Jaw Worm","floor":2.0,"turns":4.0},{"damage":4.0,"enemies":"2 Louse","floor":5.0,"turns":2.0},{"damage":40.0,"enemies":"3 Sentries","floor":6.0,"turns":13.0},{"damage":48,"enemies":"Gremlin Nob","floor":8,"turns":4}],"seed_played":"-8870868318461907855","potions_obtained":[{"floor":2.0,"key":"REME_GoldPotion"},{"floor":5.0,"key":"Weak Potion"}],"is_trial":false,"path_per_floor":["M","M","?","T","M","E","R","E"],"character_chosen":"IRONCLAD","items_purchased":[],"campfire_rested":1,"item_purchase_floors":[],"current_hp_per_floor":[68,65,58,58,60,26,46,0,0],"gold":457,"neow_bonus":"TWO_FIFTY_GOLD","is_daily":false,"chose_seed":false,"campfire_upgraded":0,"win_rate":0.0,"timestamp":1610862743,"path_taken":["M","M","?","?","M","E","R","E"],"items_purchased_type":[],"build_version":"2020-12-22","purchased_purges":0,"victory":false,"max_hp_per_floor":[68,68,68,68,68,68,68,68,68],"card_choices":[{"not_picked":["Warcry","Spot Weakness"],"picked":"Shockwave","floor":1.0},{"not_picked":["Twin Strike","Shrug It Off"],"picked":"Cleave","floor":2.0},{"not_picked":["Cleave","Sever Soul"],"picked":"Warcry","floor":5.0},{"not_picked":["Iron Wave","Perfected Strike","Bludgeon"],"picked":"SKIP","floor":6.0},{"not_picked":["Twin Strike","Reckless Charge"],"picked":"Dark Embrace","floor":7.0}],"player_experience":316149,"relics_obtained":[{"floor":4.0,"key":"Oddly Smooth Stone"},{"floor":6.0,"key":"Dream Catcher"}],"event_choices":[{"cards_removed":["Strike_R"],"damage_healed":0.0,"max_hp_gain":0.0,"max_hp_loss":0.0,"gold_gain":0.0,"event_name":"Golden Wing","player_choice":"Card Removal","floor":3.0,"gold_loss":0.0,"damage_taken":7.0}],"is_beta":false,"boss_relics":[],"items_purged_floors":[],"is_endless":false,"potions_floor_spawned":[2,5],"killed_by":"Gremlin Nob","ascension_level":20}}