{"host":"y89x8uui45kcjy42","time":1610894796,"event":{"mods":["2.2 Compatiblity","BaseMod","CapriCore","Colored Map","Colored Powertips","Custom Start","Friendly Minions","Keyboard Shortcuts","Minty Spire (QoL Compilation)","Relic Stats","Replay The Spire","Slay the Relics Exporter","StSLib","SuperFastMode","Uncapped"],"gold_per_floor":[3119,2670,2720,2569,2579,2579,2579,2612,2612,2647,2647,2647,2188,2188,2238,2312,2312,2329,2329,2031,1782,1782,1809,1809,1829,1829,1579,1397,1407,1441,1441,1441,1441],"floor_reached":32,"language":"KOR","playtime":836,"items_purged":["Neutralize+1","GremboGang"],"score":935,"play_id":"e875be48-e73a-413c-bd92-245f1a54afca","local_time":"20210117234635","is_ascension_mode":true,"campfire_choices":[{"data":"Atom Bomb","floor":6.0,"key":"SMITH"},{"data":"Crow Ritual","floor":7.0,"key":"SMITH"},{"data":"Backflip","floor":11.0,"key":"SMITH"},{"floor":12.0,"key":"RECALL"},{"data":"Noxious Fumes","floor":24.0,"key":"SMITH"}],"circlet_count":0,"master_deck":["Crow Ritual+1","Backflip+1","Draining Mist+1","Noxious Fumes+1","Bullet Time+1"],"relics":["Ring of the Serpent","Ring of the Serpent","Coffee Dripper","Coffee Dripper","Snake Skull","Paper Crane","TwistedFunnel","The Specimen","OrangePellets","Membership Card","Coffee Dripper","Ornamental Fan","HornCleat","ReplayTheSpireMod:Lightbulb","Pocketwatch","Pondfish Scales","Potion Belt","Potion Belt","Toxic Egg 2","Replay:Arrowhead","Onion Ring","Sling","Omamori","TwistedFunnel","Bird Faced Urn","TungstenRod","ReplayTheSpireMod:Ninjato","WingedGreaves","Replay:PocketPolymizer","Pantograph","Orichalcum"],"acts_visited":["Exordium","TheCity"],"potions_floor_usage":[],"damage_taken":[{"damage":0.0,"enemies":"Jaw Worm","floor":1.0,"turns":2.0},{"damage":0.0,"enemies":"Cultist","floor":5.0,"turns":1.0},{"damage":0.0,"enemies":"Replay:BlueRogue","floor":8.0,"turns":1.0},{"damage":15.0,"enemies":"3 Sentries","floor":10.0,"turns":5.0},{"damage":0.0,"enemies":"Fading Forest","floor":16.0,"turns":6.0},{"damage":7.0,"enemies":"Shell Parasite","floor":18.0,"turns":2.0},{"damage":0.0,"enemies":"Gremlin Leader","floor":23.0,"turns":2.0},{"damage":0.0,"enemies":"Spheric Guardian","floor":25.0,"turns":1.0},{"damage":0.0,"enemies":"3 Cultists","floor":29.0,"turns":2.0},{"damage":0.0,"enemies":"Book of Stabbing","floor":30.0,"turns":2.0}],"seed_played":"754834789209243927","potions_obtained":[{"floor":8.0,"key":"Block Potion"},{"floor":10.0,"key":"Explosive Potion"},{"floor":16.0,"key":"SkillPotion"},{"floor":18.0,"key":"ColorlessPotion"},{"floor":30.0,"key":"Weak Potion"}],"is_trial":false,"path_per_floor":["M","$","?","$","M","R","R","E","T","E","R","R","$","?","R_BF","B",null,"M","?","$","$","?","E","R","M","T","?","$","M","E","?","R"],"character_chosen":"THE_SILENT","items_purchased":["Ornamental Fan","HornCleat","Atom Bomb","Crow Ritual","Energy Potion","ReplayTheSpireMod:Lightbulb","Toxic Potion","Replay:Arrowhead","Onion Ring","Sling","Draining Mist+1","Noxious Fumes","TwistedFunnel","Bird Faced Urn","TungstenRod","OrangePellets","Pantograph"],"campfire_rested":0,"item_purchase_floors":[2,2,2,2,2,4,4,13,13,13,13,13,20,20,21,21,28],"current_hp_per_floor":[59,59,53,53,53,53,53,53,53,38,38,38,38,38,38,46,61,54,33,33,33,33,37,37,39,39,39,39,43,47,42,42,42],"gold":1441,"neow_bonus":"UPGRADE_CARD","is_daily":false,"chose_seed":false,"campfire_upgraded":4,"win_rate":0.0,"timestamp":1610894795,"path_taken":["M","$","?","$","?","R","R","E","T","E","R","R","$","?","R_BF","BOSS","M","?","$","$","?","E","R","M","T","?","$","M","E","?","R"],"items_purchased_type":["Relic","Relic","Card","Card","Potion","Relic","Potion","Relic","Relic","Relic","Card","Card","Relic","Relic","Relic","Relic","Relic"],"build_version":"2020-12-22","purchased_purges":2,"victory":false,"max_hp_per_floor":[66,66,66,66,66,66,66,66,66,66,66,66,66,66,66,66,66,66,66,66,66,66,66,66,66,66,66,66,66,66,66,66,66],"relic_stats":{"OrangePellets":[0],"counters":[10,24],"Ornamental Fan":[52],"Bird Faced Urn":[14],"Pantograph":0,"Snake Skull":[49],"Orichalcum":[0],"obtain_stats":[{"TwistedFunnel":0,"Replay:PocketPolymizer":26,"Snake Skull":0,"Sling":13,"HornCleat":2,"Pantograph":28,"WingedGreaves":5,"Toxic Egg 2":9,"Ring of the Snake":0,"Potion Belt":8,"ReplayTheSpireMod:Ninjato":23,"The Specimen":0,"Omamori":19,"Paper Crane":0,"Orichalcum":30,"Replay:Arrowhead":13,"OrangePellets":0,"Pondfish Scales":8,"Ornamental Fan":2,"Bird Faced Urn":20,"Onion Ring":13,"Coffee Dripper":0,"Membership Card":0,"ReplayTheSpireMod:Lightbulb":4,"Ring of the Serpent":0,"TungstenRod":21,"Pocketwatch":8},{"TwistedFunnel":0,"Replay:PocketPolymizer":8,"Snake Skull":0,"Sling":4,"HornCleat":1,"Pantograph":8,"WingedGreaves":2,"Toxic Egg 2":3,"Ring of the Snake":0,"Potion Belt":3,"ReplayTheSpireMod:Ninjato":7,"The Specimen":0,"Omamori":6,"Paper Crane":0,"Orichalcum":10,"Replay:Arrowhead":4,"OrangePellets":0,"Pondfish Scales":3,"Ornamental Fan":1,"Bird Faced Urn":6,"Onion Ring":4,"Coffee Dripper":0,"Membership Card":0,"ReplayTheSpireMod:Lightbulb":1,"Ring of the Serpent":0,"TungstenRod":6,"Pocketwatch":3},{"TwistedFunnel":0,"Replay:PocketPolymizer":20,"Snake Skull":0,"Sling":9,"HornCleat":2,"Pantograph":20,"WingedGreaves":3,"Toxic Egg 2":4,"Ring of the Snake":0,"Potion Belt":4,"ReplayTheSpireMod:Ninjato":19,"The Specimen":0,"Omamori":17,"Paper Crane":0,"Orichalcum":24,"Replay:Arrowhead":9,"OrangePellets":0,"Pondfish Scales":4,"Ornamental Fan":2,"Bird Faced Urn":17,"Onion Ring":9,"Coffee Dripper":0,"Membership Card":0,"ReplayTheSpireMod:Lightbulb":2,"Ring of the Serpent":0,"TungstenRod":17,"Pocketwatch":4}],"TungstenRod":1,"Pocketwatch":[6]},"card_choices":[{"not_picked":["Dagger Spray","ReplayTheSpireMod:The Works","Prepared"],"picked":"SKIP","floor":1.0},{"not_picked":["Dagger Spray","Prepared"],"picked":"Backflip","floor":5.0},{"not_picked":["Cloak And Dagger","Flying Knee","Bullet Time"],"picked":"SKIP","floor":8.0},{"not_picked":["Dagger Spray","Masterful Stab","Backflip+1"],"picked":"SKIP","floor":10.0},{"not_picked":["Poisoned Stab","Sucker Punch","ReplayTheSpireMod:Speed Training+1"],"picked":"SKIP","floor":18.0},{"not_picked":["ReplayTheSpireMod:Tripwire+1","Tools of the Trade","Crippling Poison+1"],"picked":"SKIP","floor":23.0},{"not_picked":["Outmaneuver+1","Poisoned Stab+1","Endless Agony+1"],"picked":"SKIP","floor":25.0},{"not_picked":["Backflip+1","Prepared+1","Cloak And Dagger+1"],"picked":"SKIP","floor":29.0},{"not_picked":["Skewer","Backstab+1","Blur+1"],"picked":"SKIP","floor":30.0}],"player_experience":625218,"relics_obtained":[{"floor":9.0,"key":"Toxic Egg 2"},{"floor":23.0,"key":"ReplayTheSpireMod:Ninjato"},{"floor":26.0,"key":"Replay:PocketPolymizer"},{"floor":30.0,"key":"Orichalcum"}],"event_choices":[{"damage_healed":0.0,"max_hp_gain":0.0,"max_hp_loss":0.0,"gold_gain":50.0,"event_name":"FaceTrader","player_choice":"Touch","floor":3.0,"gold_loss":0.0,"damage_taken":6.0},{"damage_healed":0.0,"max_hp_gain":0.0,"max_hp_loss":0.0,"gold_gain":0.0,"event_name":"Match and Keep!","player_choice":"0 cards matched","floor":14.0,"gold_loss":0.0,"damage_taken":0.0,"cards_obtained":[]},{"damage_healed":0.0,"max_hp_gain":0.0,"max_hp_loss":0.0,"gold_gain":50.0,"event_name":"Golden Shrine","player_choice":"Pray","floor":15.0,"gold_loss":0.0,"damage_taken":0.0},{"damage_healed":0.0,"max_hp_gain":0.0,"max_hp_loss":0.0,"gold_gain":0.0,"event_name":"Cursed Tome","player_choice":"Obtained Book","floor":19.0,"gold_loss":0.0,"damage_taken":21.0},{"damage_healed":0.0,"max_hp_gain":0.0,"max_hp_loss":0.0,"gold_gain":0.0,"event_name":"Ghosts","player_choice":"Ignored","floor":22.0,"gold_loss":0.0,"damage_taken":0.0},{"damage_healed":0.0,"max_hp_gain":0.0,"max_hp_loss":0.0,"gold_gain":0.0,"event_name":"Knowing Skull","player_choice":"","floor":31.0,"potions_obtained":[],"gold_loss":0.0,"damage_taken":6.0,"cards_obtained":[]}],"is_beta":false,"boss_relics":[{"not_picked":["Ectoplasm","Velvet Choker","Astrolabe"]}],"items_purged_floors":[20,28],"is_endless":false,"potions_floor_spawned":[8,10,16,18,30],"ascension_level":20}}