{"host":"6gwm7y0tp7acoxay","time":1610889289,"event":{"mods":["BaseMod","Colored Map","Keyboard Shortcuts","Minty Spire (QoL Compilation)","Quick Restart","StSLib","SuperFastMode","everything is the same but u backflip on backflip"],"gold_per_floor":[119,194,194,131,149,149,181,210,284,284,314,101,101,129,129,208,208,228,228,56,56,56,84,84,118,118,118,118,129,44,75,75,148,148,167,167,84,0,0,34,34,69,139,172,198,229,229,229,229,229,229,229,229,13,46,46],"floor_reached":57,"language":"KOR","playtime":1749,"items_purged":["Sword Boomerang+1"],"score":3465,"play_id":"585f5b3d-501c-468e-8af7-538efd3d626a","local_time":"20210117221449","daily_mods":["SealedDeck","Heirloom","Flight"],"is_ascension_mode":true,"campfire_choices":[{"data":"Searing Blow","floor":6.0,"key":"SMITH"},{"data":"Searing Blow+1","floor":10.0,"key":"SMITH"},{"data":"Searing Blow+2","floor":13.0,"key":"SMITH"},{"data":"Searing Blow+3","floor":15.0,"key":"SMITH"},{"data":"Searing Blow+4","floor":24,"key":"SMITH"},{"data":"Searing Blow+5","floor":27,"key":"SMITH"},{"data":"Searing Blow+6","floor":28,"key":"SMITH"},{"data":"Searing Blow+7","floor":32,"key":"SMITH"},{"data":"Evolve","floor":41,"key":"SMITH"},{"floor":47,"key":"RECALL"},{"data":"Offering","floor":49,"key":"SMITH"},{"data":"True Grit","floor":53,"key":"SMITH"}],"circlet_count":0,"master_deck":["AscendersBane","Thunderclap+1","Flame Barrier","Searing Blow+9","Shrug It Off+1","Evolve+1","Armaments+1","Inflame","True Grit+1","Double Tap+1","Seeing Red","Necronomicurse","Armaments+1","Offering+1","Bloodletting+1","Reaper+1","Feel No Pain+1","Power Through","Second Wind"],"relics":["Burning Blood","Mango","Bag of Marbles","Bottled Tornado","Anchor","Question Card","Ancient Tea Set","MealTicket","Potion Belt","Black Star","Medical Kit","Necronomicon","Pantograph","Bag of Preparation","Pen Nib","Omamori","Boot","Mercury Hourglass","Bronze Scales","Astrolabe","Red Mask","Torii","Singing Bowl","Kunai","War Paint","Eternal Feather","CaptainsWheel","Vajra","Ginger","Shuriken","Whetstone","Art of War","HornCleat","Oddly Smooth Stone"],"acts_visited":["Exordium","TheCity","TheBeyond","TheEnding"],"potions_floor_usage":[23,25,25,45,56],"damage_taken":[{"damage":0.0,"enemies":"Jaw Worm","floor":1.0,"turns":5.0},{"damage":0.0,"enemies":"2 Louse","floor":5.0,"turns":3.0},{"damage":18.0,"enemies":"3 Sentries","floor":7.0,"turns":6.0},{"damage":29.0,"enemies":"Gremlin Nob","floor":8.0,"turns":4.0},{"damage":0.0,"enemies":"Lagavulin","floor":11.0,"turns":7.0},{"damage":6.0,"enemies":"3 Sentries","floor":14.0,"turns":9.0},{"damage":0.0,"enemies":"The Guardian","floor":16.0,"turns":11.0},{"damage":6.0,"enemies":"Spheric Guardian","floor":18.0,"turns":8.0},{"damage":38,"enemies":"Book of Stabbing","floor":23,"turns":6},{"damage":1,"enemies":"Gremlin Leader","floor":25,"turns":4},{"damage":0,"enemies":"Chosen","floor":29,"turns":3},{"damage":9,"enemies":"Slavers","floor":31,"turns":4},{"damage":0,"enemies":"Champ","floor":33,"turns":3},{"damage":26,"enemies":"3 Darklings","floor":35,"turns":4},{"damage":6,"enemies":"Nemesis","floor":40,"turns":1},{"damage":0,"enemies":"Reptomancer","floor":42,"turns":1},{"damage":12,"enemies":"Giant Head","floor":44,"turns":4},{"damage":3,"enemies":"Reptomancer","floor":45,"turns":1},{"damage":31,"enemies":"Nemesis","floor":46,"turns":9},{"damage":17,"enemies":"Time Eater","floor":50,"turns":4},{"damage":38,"enemies":"Donu and Deca","floor":51,"turns":10},{"damage":6,"enemies":"Shield and Spear","floor":55,"turns":4},{"damage":80,"enemies":"The Heart","floor":56,"turns":9}],"seed_played":"-4574229430446554745","potions_obtained":[{"floor":5.0,"key":"ColorlessPotion"},{"floor":8.0,"key":"Energy Potion"},{"floor":18.0,"key":"Strength Potion"},{"floor":23,"key":"DistilledChaos"},{"floor":40,"key":"SpeedPotion"},{"floor":42,"key":"ColorlessPotion"},{"floor":44,"key":"Weak Potion"}],"is_trial":true,"path_per_floor":["M","?","?","?","M","R","E","E","T","R","E","$","R","E","R","B",null,"M","?","$","?","T","E","R","E","T","R","R","M","?","E","R","B",null,"M","?","$","?","$","E","R","E","T","E","E","E","R","?","R","B","B",null,"R","$","E","B",null],"character_chosen":"IRONCLAD","items_purchased":["True Grit","MealTicket","Medical Kit","Feel No Pain","Second Wind","Dexterity Potion"],"campfire_rested":0,"item_purchase_floors":[12,12,20,37,54,54],"current_hp_per_floor":[88,77,77,77,83,83,71,48,48,48,54,54,54,54,54,60,82,82,82,89,68,68,36,36,41,41,41,41,47,47,44,44,75,86,66,66,81,81,85,87,87,87,87,83,88,93,93,93,93,82,74,88,93,93,95,51],"gold":46,"neow_bonus":"","is_daily":false,"chose_seed":false,"campfire_upgraded":11,"win_rate":0.0,"timestamp":1610889289,"path_taken":["M","?","?","?","?","R","E","E","T","R","E","$","R","E","R","BOSS","M","?","$","?","?","E","R","E","T","R","R","?","?","E","R","BOSS","M","?","$","?","?","E","R","E","T","E","E","E","R","?","R","BOSS","BOSS","R","$","E","BOSS"],"items_purchased_type":["Card","Relic","Relic","Card","Card","Potion"],"build_version":"2020-12-22","purchased_purges":1,"victory":true,"max_hp_per_floor":[89,89,89,89,89,89,89,89,89,89,89,89,89,89,89,89,89,89,89,89,89,89,89,89,89,89,89,89,89,89,89,89,89,89,89,85,85,85,85,87,87,87,87,89,91,93,93,93,93,93,93,93,93,93,95,95],"card_choices":[{"not_picked":["Headbutt","Heavy Blade","Flex"],"picked":"SKIP","floor":1.0},{"not_picked":["Dark Embrace","Clash","Wild Strike"],"picked":"SKIP","floor":5.0},{"not_picked":["Body Slam","Heavy Blade","Uppercut"],"picked":"SKIP","floor":7.0},{"not_picked":["Dual Wield","Evolve","Spot Weakness"],"picked":"SKIP","floor":8.0},{"not_picked":["Clash","Intimidate","Power Through","Sever Soul"],"picked":"SKIP","floor":11.0},{"not_picked":["Shrug It Off","Intimidate","Clash","Searing Blow"],"picked":"SKIP","floor":14.0},{"not_picked":["Brutality","Berserk","Demon Form"],"picked":"Double Tap","floor":16.0},{"not_picked":["Wild Strike","Heavy Blade","Anger","Sentinel"],"picked":"SKIP","floor":18.0},{"not_picked":["Ghostly Armor","Body Slam","Bludgeon","Rupture"],"picked":"SKIP","floor":23},{"not_picked":["Sword Boomerang","Carnage+1","Spot Weakness","Anger"],"picked":"SKIP","floor":25},{"not_picked":["Hemokinesis","Heavy Blade","Body Slam"],"picked":"Armaments+1","floor":29},{"not_picked":["Armaments","Rampage","Dropkick","Flex"],"picked":"SKIP","floor":31},{"not_picked":["Immolate","Fiend Fire","Impervious"],"picked":"Offering","floor":33},{"not_picked":["Spot Weakness","Carnage","Heavy Blade+1","Clash"],"picked":"SKIP","floor":35},{"not_picked":["Anger+1","Shrug It Off","Battle Trance","Rampage"],"picked":"Singing Bowl","floor":40},{"not_picked":["Body Slam","Sword Boomerang","Twin Strike"],"picked":"Power Through","floor":42},{"not_picked":["Rage+1","Intimidate+1","Seeing Red+1","Pommel Strike+1"],"picked":"Singing Bowl","floor":44},{"not_picked":["Hemokinesis+1","Double Tap","True Grit+1","Clothesline"],"picked":"Singing Bowl","floor":45},{"not_picked":["Cleave+1","Headbutt","Shockwave","Warcry"],"picked":"Singing Bowl","floor":46},{"not_picked":["Power Through","Fire Breathing","Anger+1","Intimidate"],"picked":"Singing Bowl","floor":55}],"player_experience":4415828,"relics_obtained":[{"floor":7.0,"key":"Bottled Tornado"},{"floor":8.0,"key":"Anchor"},{"floor":9.0,"key":"Question Card"},{"floor":11.0,"key":"Ancient Tea Set"},{"floor":14.0,"key":"Potion Belt"},{"floor":21.0,"key":"Necronomicon"},{"floor":22.0,"key":"Pantograph"},{"floor":23,"key":"Bag of Preparation"},{"floor":25,"key":"Pen Nib"},{"floor":25,"key":"Omamori"},{"floor":31,"key":"Mercury Hourglass"},{"floor":31,"key":"Bronze Scales"},{"floor":40,"key":"Torii"},{"floor":40,"key":"Singing Bowl"},{"floor":42,"key":"Kunai"},{"floor":42,"key":"War Paint"},{"floor":43,"key":"Eternal Feather"},{"floor":44,"key":"CaptainsWheel"},{"floor":44,"key":"Vajra"},{"floor":45,"key":"Ginger"},{"floor":45,"key":"Shuriken"},{"floor":46,"key":"Whetstone"},{"floor":46,"key":"Art of War"},{"floor":55,"key":"HornCleat"},{"floor":55,"key":"Oddly Smooth Stone"}],"event_choices":[{"damage_healed":0.0,"max_hp_gain":0.0,"max_hp_loss":0.0,"gold_gain":75.0,"event_name":"World of Goop","player_choice":"Gather Gold","floor":2.0,"gold_loss":0.0,"damage_taken":11.0},{"damage_healed":0.0,"max_hp_gain":0.0,"max_hp_loss":0.0,"gold_gain":0.0,"event_name":"Living Wall","player_choice":"Grow","floor":3.0,"gold_loss":0.0,"damage_taken":0.0,"cards_upgraded":["Armaments"]},{"damage_healed":0.0,"max_hp_gain":0.0,"max_hp_loss":0.0,"gold_gain":0.0,"event_name":"WeMeetAgain","player_choice":"Paid Gold","floor":4.0,"gold_loss":63.0,"damage_taken":0.0,"relics_obtained":["Bag of Marbles"]},{"damage_healed":0.0,"max_hp_gain":0.0,"max_hp_loss":0.0,"gold_gain":0.0,"event_name":"The Library","player_choice":"Read","floor":19.0,"gold_loss":0.0,"damage_taken":0.0,"cards_obtained":["Seeing Red"]},{"damage_healed":0.0,"max_hp_gain":0.0,"max_hp_loss":0.0,"gold_gain":0.0,"event_name":"Cursed Tome","player_choice":"Obtained Book","floor":21.0,"gold_loss":0.0,"damage_taken":21.0},{"damage_healed":0,"gold_gain":0,"player_choice":"Obtained Relic","damage_taken":0,"relics_obtained":["Boot"],"max_hp_gain":0,"max_hp_loss":0,"event_name":"Addict","floor":30,"gold_loss":85},{"damage_healed":0,"gold_gain":0,"player_choice":"Max HP","damage_taken":0,"max_hp_gain":0,"max_hp_loss":4,"event_name":"Winding Halls","floor":36,"gold_loss":0},{"damage_healed":0,"gold_gain":0,"player_choice":"Paid","damage_taken":0,"relics_obtained":["Red Mask"],"max_hp_gain":0,"max_hp_loss":0,"event_name":"Tomb of Lord Red Mask","floor":38,"gold_loss":84},{"damage_healed":0,"gold_gain":0,"player_choice":"Forge","damage_taken":0,"max_hp_gain":0,"max_hp_loss":0,"event_name":"Accursed Blacksmith","floor":48,"gold_loss":0,"cards_upgraded":["Feel No Pain"]}],"is_beta":false,"boss_relics":[{"not_picked":["Calling Bell","Philosopher\u0027s Stone"],"picked":"Black Star"},{"not_picked":["Velvet Choker","Runic Cube"],"picked":"Astrolabe"}],"items_purged_floors":[54],"is_endless":false,"potions_floor_spawned":[5,8,11,18,23,40,42,44,55],"ascension_level":20}}