{"host":"qosz0p99uivr1jg5","time":1610921773,"event":{"mods":["AchievementEnabler","AlwaysNeverKeys","BaseMod","Better Match","Better Note","Better-Laid Plans","BetterRewards","Block Reminder","Colored Map","Colored Powertips","Defuse TimeMaze Blight","Friendly Minions","Hubris","Infinite Spire","Minty Spire (QoL Compilation)","Permanent Neow","Quick Restart","Rare Cards Sparkle","Relic Sorter","Replay The Spire","Shop Mod","StSLib"],"gold_per_floor":[111,111,167,132,149,149,177,197,197,209,254,284,308,320,332,440,452,491,548,625,562,562,706,836,836,836],"floor_reached":25,"language":"ENG","playtime":1389,"items_purged":["hubris:Greed"],"score":460,"play_id":"681bb620-043e-410b-a9e9-89df5ce33171","local_time":"20210117161613","is_ascension_mode":true,"campfire_choices":[{"data":"Spot Weakness","floor":6.0,"key":"SMITH"},{"data":"Anger","floor":10.0,"key":"SMITH"}],"circlet_count":0,"master_deck":["Defend_R","Defend_R","Defend_R","Defend_R","Bash","Rage","infinitespire:Collect","Spot Weakness+1","Cleave+1","Anger+1","Anger","Pommel Strike","Thunderclap","Hemogenesis","hubris:Greed","hubris:Despair","hubris:Greed","infinitespire:OneForAll+1","hubris:Greed","hubris:Greed","hubris:Greed","hubris:Greed","hubris:Greed","hubris:Greed","hubris:Greed","hubris:Greed","hubris:Greed","hubris:Greed","hubris:Greed","hubris:Greed","hubris:Greed","hubris:Greed","hubris:Greed","hubris:Greed","hubris:Greed","hubris:Greed","hubris:Greed","hubris:Greed","ReplayReversal","Armaments"],"relics":["Burning Blood","NeowsBlessing","Shuriken","Ancient Tea Set","MawBank","Du-Vu Doll","Bottled Lightning","Replay:Grab Bag","Ooze Armor","Mark of Pain","Kintsugi","CultistMask","Frozen Egg 2"],"acts_visited":["TheCity"],"potions_floor_usage":[16,16,23],"damage_taken":[{"damage":0.0,"enemies":"2 Louse","floor":1.0,"turns":1.0},{"damage":0.0,"enemies":"Small Slimes","floor":5.0,"turns":1.0},{"damage":0.0,"enemies":"3 Sentries","floor":7.0,"turns":1.0},{"damage":4.0,"enemies":"Jaw Worm","floor":8.0,"turns":2.0},{"damage":4.0,"enemies":"Gremlin Nob","floor":11.0,"turns":3.0},{"damage":9.0,"enemies":"Exordium Thugs","floor":12.0,"turns":3.0},{"damage":0.0,"enemies":"2 Fungi Beasts","floor":13.0,"turns":2.0},{"damage":19,"enemies":"The Guardian","floor":16,"turns":8},{"damage":3,"enemies":"Chosen","floor":18,"turns":3},{"damage":3,"enemies":"3 Byrds","floor":19,"turns":4},{"damage":33,"enemies":"Shelled Parasite and Fungi","floor":20,"turns":4},{"damage":57,"enemies":"Gremlin Leader","floor":23,"turns":7},{"damage":11,"enemies":"Cultist and Chosen","floor":24,"turns":4},{"damage":10,"enemies":"3 Cultists","floor":25,"turns":3}],"seed_played":"6487902545462177139","potions_obtained":[{"floor":3.0,"key":"Block Potion"},{"floor":8.0,"key":"Block Potion"},{"floor":11.0,"key":"Weak Potion"},{"floor":16,"key":"DuplicationPotion"},{"floor":18,"key":"AttackPotion"},{"floor":20,"key":"DistilledChaos"},{"floor":24,"key":"Doom Potion"}],"is_trial":false,"path_per_floor":["M","?","?","?","M","R","E","M","T","R","E","M","M","T","R_BF","B",null,"M","M","M","$","?","E","M","M"],"character_chosen":"IRONCLAD","items_purchased":[],"campfire_rested":0,"item_purchase_floors":[],"current_hp_per_floor":[80,59,59,79,80,80,80,80,80,80,80,77,80,80,80,67,80,80,80,58,58,58,12,7,0,0],"gold":836,"neow_bonus":"THREE_ENEMY_KILL","is_daily":false,"chose_seed":false,"campfire_upgraded":2,"win_rate":0.0,"timestamp":1610921773,"path_taken":["M","?","?","?","M","R","E","M","T","R","E","M","?","?","R_BF","BOSS","M","M","M","$","?","E","M","?"],"items_purchased_type":[],"build_version":"2020-12-22","purchased_purges":1,"victory":false,"max_hp_per_floor":[80,80,80,80,80,80,80,80,80,80,80,80,80,80,80,80,80,80,80,80,80,80,80,80,80,80],"card_choices":[{"not_picked":["Power Through","Headbutt"],"picked":"Rage","floor":1.0},{"not_picked":["infinitespire:SevenWalls","hubris:Rewind"],"picked":"infinitespire:Collect","floor":2.0},{"not_picked":["hubris:ReadiedAction","Anger"],"picked":"Spot Weakness","floor":3.0},{"not_picked":["Flex","Twin Strike"],"picked":"Cleave","floor":5.0},{"not_picked":["Sword Boomerang","Eclipse"],"picked":"Anger","floor":7.0},{"not_picked":["Heavy Blade","Second Wind","Dark Embrace"],"picked":"SKIP","floor":8.0},{"not_picked":["Replay:Undeath\u0027s Touch","Clothesline"],"picked":"Anger","floor":11.0},{"not_picked":["Sever Soul","Infernal Blade"],"picked":"Pommel Strike","floor":12.0},{"not_picked":["Perfected Strike","Heavy Blade"],"picked":"Thunderclap","floor":13.0},{"not_picked":["Barricade","Offering"],"picked":"Hemogenesis","floor":16},{"not_picked":["Clothesline","ReplayTheSpireMod:Stacked"],"picked":"infinitespire:OneForAll+1","floor":18},{"not_picked":["True Grit","Clash","Replay:Undeath\u0027s Touch"],"picked":"SKIP","floor":19},{"not_picked":["Dark Embrace","Clash","Second Wind"],"picked":"SKIP","floor":20},{"not_picked":["Berserk","Carnage+1"],"picked":"ReplayReversal","floor":23},{"not_picked":["ReplayTheSpireMod:Corrosion Curse","Pommel Strike"],"picked":"Armaments","floor":24}],"player_experience":335666,"relics_obtained":[{"floor":3.0,"key":"Shuriken"},{"floor":7.0,"key":"Ancient Tea Set"},{"floor":9.0,"key":"MawBank"},{"floor":11.0,"key":"Du-Vu Doll"},{"floor":14.0,"key":"Bottled Lightning"},{"floor":23,"key":"Frozen Egg 2"}],"event_choices":[{"damage_healed":20.0,"max_hp_gain":0.0,"max_hp_loss":0.0,"gold_gain":0.0,"event_name":"The Cleric","player_choice":"Healed","floor":4.0,"gold_loss":35.0,"damage_taken":0.0},{"damage_healed":0,"gold_gain":0,"player_choice":"Trade","damage_taken":0,"relics_obtained":["CultistMask"],"max_hp_gain":0,"max_hp_loss":0,"event_name":"FaceTrader","floor":22,"gold_loss":0}],"is_beta":false,"boss_relics":[{"not_picked":["Black Star","hubris:RunicObelisk"],"picked":"Replay:Grab Bag"},{"not_picked":["Electric Blood","hubris:GrandSneckoEye"],"picked":"Ooze Armor"},{"not_picked":["ReplayTheSpireMod:DimensionalGlitch","Runic Dome"],"picked":"Mark of Pain"},{"not_picked":["hubris:BlackHole","Snecko Eye"],"picked":"Kintsugi"}],"items_purged_floors":[21],"is_endless":false,"potions_floor_spawned":[8,11,16,18,20,24],"killed_by":"3 Cultists","ascension_level":4}}