{"host":"agbyy69nq62afhwx","time":1610887750,"event":{"mods":["BaseMod","Colored Map","DeckTracker","Highlight Path","Keyboard Shortcuts","Minty Spire (QoL Compilation)","Quick Restart","StSLib","SuperFastMode","everything is the same but u backflip on backflip"],"gold_per_floor":[114,39,39,57,57,82,32,32,32,47,67,67,80,96,96,191,191,203,23,23,23,23,23,35,134,183,183,79,79,109,109,109,211,211,227,241,1,1,21,21,51,61,84,134,154,154,173,187,187,187],"floor_reached":51,"language":"KOR","playtime":1554,"items_purged":["Strike_B","Strike_B","Shame","Strike_B"],"score":1094,"play_id":"bced24e9-25ef-4f82-9d7e-22d27814d706","local_time":"20210117214910","is_ascension_mode":true,"campfire_choices":[{"data":"Sunder","floor":8.0,"key":"SMITH"},{"floor":15.0,"key":"REST"},{"data":"Defragment","floor":23.0,"key":"SMITH"},{"data":"Chaos","floor":27.0,"key":"SMITH"},{"data":"Turbo","floor":29.0,"key":"SMITH"},{"data":"Coolheaded","floor":32.0,"key":"SMITH"},{"data":"White Noise","floor":40,"key":"SMITH"},{"data":"Biased Cognition","floor":46,"key":"SMITH"},{"data":"Biased Cognition","floor":49,"key":"SMITH"}],"circlet_count":0,"master_deck":["Defend_B","Defend_B","Zap+1","Dualcast+1","Defragment+1","Sunder+1","Coolheaded+1","Go for the Eyes+1","All For One","Chaos+1","Biased Cognition+1","CurseOfTheBell","Core Surge","Defragment+1","Hyperbeam","Melter+1","Capacitor+1","Turbo+1","Cold Snap","Buffer","Coolheaded+1","Undo+1","White Noise+1","Madness","Madness","Glacier+1","Conserve Battery+1","Biased Cognition+1"],"relics":["Cracked Core","NeowsBlessing","MealTicket","Toy Ornithopter","Question Card","Calling Bell","Ancient Tea Set","Meat on the Bone","Girya","Mummified Hand","Smiling Mask","Strawberry","Inserter","War Paint","Whetstone","Bag of Marbles","Bird Faced Urn"],"acts_visited":["Exordium","TheCity","TheBeyond"],"potions_floor_usage":[50],"damage_taken":[{"damage":0.0,"enemies":"2 Louse","floor":1.0,"turns":1.0},{"damage":0.0,"enemies":"Small Slimes","floor":4.0,"turns":1.0},{"damage":0.0,"enemies":"Gremlin Nob","floor":6.0,"turns":1.0},{"damage":7.0,"enemies":"Jaw Worm","floor":10.0,"turns":2.0},{"damage":8.0,"enemies":"Looter","floor":11.0,"turns":2.0},{"damage":0.0,"enemies":"Large Slime","floor":13.0,"turns":4.0},{"damage":14.0,"enemies":"3 Louse","floor":14.0,"turns":3.0},{"damage":19.0,"enemies":"The Guardian","floor":16.0,"turns":13.0},{"damage":0.0,"enemies":"Chosen","floor":18.0,"turns":5.0},{"damage":29.0,"enemies":"2 Thieves","floor":24.0,"turns":4.0},{"damage":40.0,"enemies":"Book of Stabbing","floor":30.0,"turns":4.0},{"damage":61.0,"enemies":"Champ","floor":33.0,"turns":9.0},{"damage":15.0,"enemies":"3 Shapes","floor":35.0,"turns":4.0},{"damage":0,"enemies":"Orb Walker","floor":36,"turns":3},{"damage":22,"enemies":"Maw","floor":39,"turns":6},{"damage":0,"enemies":"Nemesis","floor":41,"turns":9},{"damage":10,"enemies":"Writhing Mass","floor":42,"turns":8},{"damage":0,"enemies":"Mind Bloom Boss Battle","floor":44,"turns":5},{"damage":4,"enemies":"Transient","floor":45,"turns":5},{"damage":0,"enemies":"Sphere and 2 Shapes","floor":47,"turns":6},{"damage":18,"enemies":"3 Darklings","floor":48,"turns":6},{"damage":8,"enemies":"Time Eater","floor":50,"turns":11}],"seed_played":"3409731302105546316","potions_obtained":[{"floor":1.0,"key":"AttackPotion"},{"floor":10.0,"key":"FearPotion"},{"floor":11.0,"key":"Weak Potion"},{"floor":31.0,"key":"Fruit Juice"},{"floor":31.0,"key":"Weak Potion"},{"floor":33.0,"key":"FocusPotion"},{"floor":35.0,"key":"Energy Potion"},{"floor":36,"key":"Ancient Potion"}],"is_trial":false,"path_per_floor":["M","$","?","M","?","E","?","R","T","M","M","?","M","M","R","B",null,"M","$","?","$","?","R","M","?","T","R","$","R","E","?","R","B",null,"M","M","$","?","M","R","E","M","T","?","M","R","M","M","R","B",null],"character_chosen":"DEFECT","items_purchased":["Defragment","Turbo","White Noise","War Paint"],"campfire_rested":1,"item_purchase_floors":[19,28,37,37],"current_hp_per_floor":[68,68,65,65,50,50,50,50,50,43,35,35,35,21,43,24,62,62,75,75,75,75,75,46,46,46,46,61,61,40,50,50,16,69,54,54,69,58,48,48,48,50,50,50,58,58,70,68,68,79],"gold":187,"neow_bonus":"THREE_ENEMY_KILL","is_daily":false,"chose_seed":false,"campfire_upgraded":8,"win_rate":0.0,"timestamp":1610887750,"path_taken":["M","$","?","M","?","E","?","R","T","?","M","?","M","M","R","BOSS","M","$","?","$","?","R","M","?","T","R","$","R","E","?","R","BOSS","M","M","$","?","M","R","E","M","T","?","M","R","M","M","R","BOSS"],"items_purchased_type":["Card","Card","Card","Relic"],"build_version":"2020-12-22","purchased_purges":4,"victory":true,"max_hp_per_floor":[75,75,75,75,75,75,75,75,75,75,75,75,75,75,75,75,75,75,75,75,75,75,75,75,75,75,75,75,75,82,87,87,87,87,87,87,87,87,87,87,87,87,87,87,87,87,87,87,87,87],"card_choices":[{"not_picked":["Redo","Stack"],"picked":"Defragment","floor":1.0},{"not_picked":["Double Energy","Hologram"],"picked":"Sunder","floor":4.0},{"not_picked":["Redo","Hello World"],"picked":"Coolheaded","floor":6.0},{"not_picked":["Gash","Streamline","Steam Power"],"picked":"Go for the Eyes","floor":10.0},{"not_picked":["Rip and Tear","Conserve Battery","Rebound"],"picked":"All For One","floor":11.0},{"not_picked":["Barrage","Cold Snap","Streamline","Lockon"],"picked":"SKIP","floor":13.0},{"not_picked":["Steam","Go for the Eyes","Chill"],"picked":"Chaos","floor":14.0},{"not_picked":["Thunder Strike","Echo Form","Seek"],"picked":"Biased Cognition","floor":16.0},{"not_picked":["Blizzard","Beam Cell","Cold Snap+1"],"picked":"Core Surge","floor":18.0},{"not_picked":["Darkness","Compile Driver+1","Stack"],"picked":"Capacitor+1","floor":24.0},{"not_picked":["Tempest","Ball Lightning","Reprogram+1"],"picked":"Cold Snap","floor":30.0},{"not_picked":["Amplify","Biased Cognition","Seek"],"picked":"Buffer","floor":33.0},{"not_picked":["Blizzard+1","Leap+1","Cold Snap"],"picked":"Coolheaded+1","floor":35.0},{"not_picked":["Redo+1","Turbo+1","Coolheaded"],"picked":"Undo","floor":36},{"not_picked":["Auto Shields+1","Stack","Cold Snap+1"],"picked":"Glacier+1","floor":39},{"not_picked":["Barrage","Steam","Streamline+1","Auto Shields"],"picked":"SKIP","floor":41},{"not_picked":["Redo","Rebound+1","Streamline+1"],"picked":"Conserve Battery+1","floor":42},{"not_picked":["Streamline","Compile Driver","Reinforced Body","Go for the Eyes+1"],"picked":"SKIP","floor":45},{"not_picked":["Streamline+1","Conserve Battery","Cold Snap+1"],"picked":"Biased Cognition","floor":47},{"not_picked":["Beam Cell","Barrage","Rebound+1","Scrape+1"],"picked":"SKIP","floor":48}],"player_experience":413809,"relics_obtained":[{"floor":6.0,"key":"Toy Ornithopter"},{"floor":9.0,"key":"Question Card"},{"floor":17.0,"key":"Ancient Tea Set"},{"floor":17.0,"key":"Meat on the Bone"},{"floor":17.0,"key":"Girya"},{"floor":26.0,"key":"Smiling Mask"},{"floor":30.0,"key":"Strawberry"},{"floor":41,"key":"Whetstone"},{"floor":43,"key":"Bag of Marbles"},{"floor":44,"key":"Bird Faced Urn"}],"event_choices":[{"damage_healed":0.0,"max_hp_gain":0.0,"max_hp_loss":0.0,"gold_gain":0.0,"event_name":"Scrap Ooze","player_choice":"Success","floor":3.0,"gold_loss":0.0,"damage_taken":3.0,"relics_obtained":["MealTicket"]},{"damage_healed":0.0,"max_hp_gain":0.0,"max_hp_loss":0.0,"gold_gain":0.0,"event_name":"Shining Light","player_choice":"Entered Light","floor":5.0,"gold_loss":0.0,"damage_taken":15.0,"cards_upgraded":["Zap","Defragment"]},{"cards_removed":["Defend_B"],"damage_healed":0.0,"max_hp_gain":0.0,"max_hp_loss":0.0,"gold_gain":0.0,"event_name":"The Cleric","player_choice":"Card Removal","floor":7.0,"gold_loss":50.0,"damage_taken":0.0},{"damage_healed":0.0,"max_hp_gain":0.0,"max_hp_loss":0.0,"gold_gain":0.0,"event_name":"Liars Game","player_choice":"Ignored","floor":12.0,"gold_loss":0.0,"damage_taken":0.0},{"damage_healed":0.0,"max_hp_gain":0.0,"max_hp_loss":0.0,"gold_gain":0.0,"cards_transformed":["Defend_B","Strike_B"],"event_name":"Drug Dealer","player_choice":"Became Test Subject","floor":20.0,"gold_loss":0.0,"damage_taken":0.0,"cards_obtained":["Hyperbeam","Melter"]},{"damage_healed":0.0,"max_hp_gain":0.0,"max_hp_loss":0.0,"gold_gain":0.0,"event_name":"Addict","player_choice":"Stole Relic","floor":22.0,"gold_loss":0.0,"damage_taken":0.0,"relics_obtained":["Mummified Hand"],"cards_obtained":["Shame"]},{"damage_healed":0.0,"max_hp_gain":0.0,"max_hp_loss":0.0,"gold_gain":99.0,"event_name":"Nest","player_choice":"Stole From Cult","floor":25.0,"gold_loss":0.0,"damage_taken":0.0},{"damage_healed":0.0,"max_hp_gain":0.0,"max_hp_loss":0.0,"gold_gain":0.0,"event_name":"Lab","player_choice":"Got Potions","floor":31.0,"gold_loss":0.0,"damage_taken":0.0},{"damage_healed":0,"gold_gain":0,"player_choice":"Embrace Madness","damage_taken":11,"max_hp_gain":0,"max_hp_loss":0,"event_name":"Winding Halls","floor":38,"gold_loss":0,"cards_obtained":["Madness","Madness"]},{"damage_healed":0,"gold_gain":0,"player_choice":"Fight","damage_taken":0,"max_hp_gain":0,"max_hp_loss":0,"event_name":"MindBloom","floor":44,"gold_loss":0}],"is_beta":false,"boss_relics":[{"not_picked":["Empty Cage","SlaversCollar"],"picked":"Calling Bell"},{"not_picked":["Cursed Key","Velvet Choker"],"picked":"Inserter"}],"items_purged_floors":[2,19,28,37],"is_endless":false,"potions_floor_spawned":[1,10,11,13,18,30,33,35,36,41],"ascension_level":9}}