{"host":"tjjuwi3liievx0vu","time":1610881575,"event":{"mods":["BaseMod","Colored Map","Downfall","Minty Spire (QoL Compilation)","StSLib"],"gold_per_floor":[99,118,137,137,82,82,105,105,118,53,71,82,82,182,197,197,197],"floor_reached":16,"language":"ENG","playtime":1062,"items_purged":["bronze:Strike"],"score":92,"play_id":"a7c5646f-826b-4d45-a505-9962942d49fe","local_time":"20210117120615","is_ascension_mode":false,"campfire_choices":[{"data":"Dramatic Entrance","floor":1,"key":"SMITH"},{"data":"bronze:Return","floor":8,"key":"SMITH"},{"data":"bronze:Goto","floor":13,"key":"SMITH"}],"circlet_count":0,"master_deck":["bronze:Strike","bronze:Strike","bronze:Defend","bronze:Defend","bronze:Defend","bronze:Defend","bronze:Replicate","bronze:Goto+1","Dramatic Entrance+1","bronze:Return+1","bronze:Repair","bronze:Turbo+1","bronze:ChosenStrike","bronze:BronzeOrb","bronze:FineTuning+1","bronze:Iterate","bronze:Shield+1","bronze:ChildClass+1"],"relics":["bronze:BronzeCore","Toxic Egg 2","Smiling Mask","downfall:GremlinWheel"],"acts_visited":["Exordium"],"potions_floor_usage":[11],"damage_taken":[{"damage":1,"enemies":"Jaw Worm","floor":2,"turns":4},{"damage":0,"enemies":"Small Slimes","floor":3,"turns":3},{"damage":1,"enemies":"downfall:FleeingMerchant","floor":5,"turns":4},{"damage":3,"enemies":"2 Louse","floor":9,"turns":3},{"damage":1,"enemies":"downfall:FleeingMerchant","floor":10,"turns":4},{"damage":4,"enemies":"Lots of Slimes","floor":11,"turns":4},{"damage":8,"enemies":"Blue Slaver","floor":12,"turns":3},{"damage":26,"enemies":"Blue Slaver","floor":14,"turns":4},{"damage":0,"enemies":"Large Slime","floor":15,"turns":3},{"damage":54,"enemies":"SI_SHIV_ARCHETYPE","floor":16,"turns":11}],"seed_played":"5789377777931437425","potions_obtained":[{"floor":3,"key":"Swift Potion"},{"floor":9,"key":"SmokeBomb"},{"floor":14,"key":"SmokeBomb"}],"is_trial":false,"path_per_floor":["R","M","M","?","$","?","T","R","M","$","M","M","R","?","M","B"],"character_chosen":"THE_AUTOMATON","items_purchased":["bronze:ChosenStrike"],"campfire_rested":0,"item_purchase_floors":[5],"current_hp_per_floor":[70,69,69,66,70,70,70,70,70,69,65,57,57,39,46,0,0],"gold":197,"neow_bonus":"RANDOM_COLORLESS","is_daily":false,"chose_seed":false,"campfire_upgraded":3,"win_rate":0.0,"timestamp":1610881575,"path_taken":["R","M","M","?","$","?","T","R","M","$","M","?","R","?","M","BOSS"],"items_purchased_type":["Card"],"build_version":"2020-12-22","purchased_purges":1,"victory":false,"max_hp_per_floor":[70,70,70,70,70,70,70,70,70,70,70,70,70,70,70,70,70],"card_choices":[{"not_picked":["Purity","Forethought"],"picked":"Dramatic Entrance","floor":0},{"not_picked":["bronze:Repulsor","bronze:DelayedSlice"],"picked":"bronze:Return","floor":2},{"not_picked":["bronze:Overheat","bronze:Shield"],"picked":"bronze:Repair","floor":3},{"not_picked":["bronze:CutThrough","bronze:Philosophize+1"],"picked":"bronze:Turbo+1","floor":5},{"not_picked":["bronze:BitShift+1","bronze:BuggyMess+1"],"picked":"bronze:BronzeOrb","floor":9},{"not_picked":["bronze:ItsAFeature","bronze:Branch"],"picked":"bronze:FineTuning+1","floor":10},{"not_picked":["bronze:WildBeam","bronze:Invalidate+1"],"picked":"bronze:Iterate","floor":11},{"not_picked":["bronze:CloningBeam","bronze:OilSpill"],"picked":"bronze:Shield+1","floor":12},{"not_picked":["bronze:CutThrough","bronze:BronzeArmor+1"],"picked":"bronze:ChildClass+1","floor":15}],"player_experience":819703,"relics_obtained":[{"floor":7,"key":"Smiling Mask"},{"floor":14,"key":"downfall:GremlinWheel"}],"event_choices":[{"damage_healed":0,"gold_gain":0,"player_choice":"Success","damage_taken":3,"relics_obtained":["Toxic Egg 2"],"max_hp_gain":0,"max_hp_loss":0,"event_name":"Scrap Ooze","floor":4,"gold_loss":0},{"cards_removed":["bronze:Strike"],"damage_healed":0,"gold_gain":0,"player_choice":"Card Removal","damage_taken":0,"max_hp_gain":0,"max_hp_loss":0,"event_name":"The Cleric","floor":6,"gold_loss":0}],"is_beta":false,"boss_relics":[],"items_purged_floors":[10],"is_endless":false,"potions_floor_spawned":[3,9,14],"killed_by":"SI_SHIV_ARCHETYPE","ascension_level":0}}