{"host":"2tgyrzvaa7l04o2e","time":1610845054,"event":{"mods":["BaseMod","Highlight Path","Minty Spire (QoL Compilation)","Permanent Neow","Relic Stats"],"gold_per_floor":[118,133,151,151,170,196,196,216,216,258,258,258,258],"floor_reached":12,"language":"ENG","playtime":388,"items_purged":[],"score":190,"play_id":"5cb3a780-1036-4024-949a-6c445b45094d","local_time":"20210117015734","is_ascension_mode":true,"campfire_choices":[{"floor":7,"key":"REST"},{"floor":11,"key":"RECALL"}],"circlet_count":0,"master_deck":["AscendersBane","Strike_B","Strike_B","Strike_B","Defend_B","Defend_B","Defend_B","Defend_B","Zap","Dualcast","Hologram","Streamline","Undo","Ball Lightning","Hyperbeam","Hologram","Hologram"],"relics":["Fusion Hammer","Dead Branch","CeramicFish"],"acts_visited":["Exordium"],"potions_floor_usage":[],"damage_taken":[{"damage":0,"enemies":"Small Slimes","floor":1,"turns":3},{"damage":0,"enemies":"Cultist","floor":2,"turns":4},{"damage":4,"enemies":"2 Louse","floor":3,"turns":2},{"damage":5,"enemies":"Red Slaver","floor":5,"turns":4},{"damage":31,"enemies":"Lagavulin","floor":6,"turns":7},{"damage":13,"enemies":"Blue Slaver","floor":8,"turns":4},{"damage":0,"enemies":"3 Sentries","floor":10,"turns":2},{"damage":54,"enemies":"Gremlin Nob","floor":12,"turns":4}],"seed_played":"-8361337461795030267","potions_obtained":[{"floor":2,"key":"SmokeBomb"},{"floor":6,"key":"PotionOfCapacity"},{"floor":8,"key":"Dexterity Potion"}],"is_trial":false,"path_per_floor":["M","M","M","?","M","E","R","M","T","E","R","E"],"character_chosen":"DEFECT","items_purchased":[],"campfire_rested":1,"item_purchase_floors":[],"current_hp_per_floor":[68,68,64,64,59,28,50,37,37,37,37,0,0],"gold":258,"neow_bonus":"BOSS_RELIC","is_daily":false,"chose_seed":false,"campfire_upgraded":0,"win_rate":0.0,"timestamp":1610845054,"path_taken":["M","M","M","?","M","E","R","?","T","E","R","E"],"items_purchased_type":[],"build_version":"2020-12-22","purchased_purges":0,"victory":false,"max_hp_per_floor":[75,75,75,75,75,75,75,75,75,75,75,75,75],"relic_stats":{"counters":[8,30],"Dead Branch":[4],"CeramicFish":9,"obtain_stats":[{"Dead Branch":6,"CeramicFish":10,"Fusion Hammer":0,"Cracked Core":0},{"Dead Branch":5,"CeramicFish":7,"Fusion Hammer":0,"Cracked Core":0},{"Dead Branch":20,"CeramicFish":26,"Fusion Hammer":0,"Cracked Core":0}]},"card_choices":[{"not_picked":["Stack","Steam"],"picked":"Hologram","floor":1},{"not_picked":["Heatsinks","Compile Driver"],"picked":"Streamline","floor":2},{"not_picked":["Chill","Stack"],"picked":"Undo","floor":3},{"not_picked":["Beam Cell","Barrage"],"picked":"Ball Lightning","floor":5},{"not_picked":["Defragment","Cold Snap"],"picked":"Hyperbeam","floor":6},{"not_picked":["Leap","Streamline"],"picked":"Hologram","floor":8},{"not_picked":["Gash","Rebound"],"picked":"Hologram","floor":10}],"player_experience":634173,"relics_obtained":[{"floor":6,"key":"Dead Branch"},{"floor":10,"key":"CeramicFish"}],"event_choices":[{"cards_removed":["Strike_B"],"damage_healed":0,"gold_gain":0,"player_choice":"Purged","damage_taken":0,"max_hp_gain":0,"max_hp_loss":0,"event_name":"Purifier","floor":4,"gold_loss":0}],"is_beta":false,"boss_relics":[],"items_purged_floors":[],"is_endless":false,"potions_floor_spawned":[2,6,8],"killed_by":"Gremlin Nob","ascension_level":13}}