{"host":"te4ihy0orbpglf07","time":1610892888,"event":{"mods":["Act Like it!","Arknights The Spire","BaseMod","BetterRewards","Chen","Friendly Minions","Gensokyo","Hubris","Infinite Spire","Marisa????????","Minty Spire (QoL Compilation)","Onozuka Komachi Mod","Reimu??????","Remilia??????","RumiaBox-????????","Small Relic Pack","StSLib","SuperFastMode","Td1madao Mod","The Servant 0.9.4"],"gold_per_floor":[119,119,139,89,103,103,103,3,28,40,40,40,40,53,53,157,157,168,179,179,189,189,189,205,205,205,220,170,170,186,119,119,214,214,228,245,245,265,265,280,280,292,319,319,319,135,135,145,145,145],"floor_reached":51,"language":"ENG","playtime":2427,"items_purged":["ats:Strike V"],"score":839,"play_id":"8d6939c9-c294-45aa-ba1b-5f56693f6752","local_time":"20210117171448","is_ascension_mode":false,"campfire_choices":[{"data":"ats:Part Time Job","floor":6.0,"key":"SMITH"},{"data":"ats:Emotion Absorption","floor":11.0,"key":"SMITH"},{"floor":15.0,"key":"REST"},{"floor":23.0,"key":"REST"},{"data":"ats:Closed Bolt Burst Fire","floor":25.0,"key":"SMITH"},{"data":"ats:Composite Medical Shells","floor":29.0,"key":"SMITH"},{"floor":32.0,"key":"REST"},{"data":"infinitespire:Collect","floor":41,"key":"SMITH"},{"floor":47,"key":"REST"},{"floor":49,"key":"REST"}],"circlet_count":0,"master_deck":["ats:Strike C","ats:Strike G","ats:Strike S","ats:Armor Crushing Shot","ats:Defend","ats:Defend","ats:Defend","ats:Defend","ats:Emotion Absorption+1","ats:Ignite","infinitespire:DeathsTouch","ats:Encircling Forest","ats:Part Time Job+1","ats:Mental Burst","ats:Revitalization","ats:Disruption Kick","ats:Shell Defense","infinitespire:Collect+1","ats:Closed Bolt Burst Fire+1","ats:Closed Bolt Burst Fire+1","ats:Composite Medical Shells+1","ats:Calcification","ats:Hook Shot+1","ats:Soul Rend+1"],"relics":["ats:Sanity","Gensokyo:Justice","Eternal Feather","RuthlessExorcism:ReiMu","Gensokyo:CelestialsFlawlessClothing","hubris:Towel","infinitespire:Eraser","SlaversCollar","Gensokyo:SongOfSouls","Anchor","ats:Tactical Delivery","relicPack:DSword","Shuriken","HandDrill"],"acts_visited":["Exordium","Gensokyo:Gensokyo","Gensokyo:Gensokyoer"],"potions_floor_usage":[37,50],"damage_taken":[{"damage":6.0,"enemies":"Gensokyo:3_Fairies","floor":1.0,"turns":3.0},{"damage":0.0,"enemies":"Gensokyo:Python","floor":3.0,"turns":2.0},{"damage":4.0,"enemies":"Gensokyo:2_Kodama","floor":5.0,"turns":2.0},{"damage":12.0,"enemies":"Gensokyo:2_Rabbits","floor":10.0,"turns":5.0},{"damage":10.0,"enemies":"Gensokyo:Kitsune","floor":14.0,"turns":3.0},{"damage":58.0,"enemies":"Gensokyo:Yukari","floor":16.0,"turns":6.0},{"damage":10.0,"enemies":"Gensokyo:AngelMirror","floor":18.0,"turns":2.0},{"damage":4.0,"enemies":"Gensokyo:Chomper","floor":19.0,"turns":3.0},{"damage":40.0,"enemies":"Gensokyo:Wraith","floor":21.0,"turns":4.0},{"damage":35.0,"enemies":"Gensokyo:Swordslinger","floor":24.0,"turns":4.0},{"damage":0.0,"enemies":"Gensokyo:3_Gloops","floor":27.0,"turns":3.0},{"damage":57.0,"enemies":"Gensokyo:Slime_Group","floor":30.0,"turns":5.0},{"damage":128,"enemies":"Gensokyo:Eiki","floor":33,"turns":14},{"damage":4,"enemies":"Gensokyo:3_Bats","floor":35,"turns":3},{"damage":17,"enemies":"Gensokyo:AncientGuardian","floor":36,"turns":4},{"damage":69,"enemies":"Gensokyo:AncientGuardian","floor":37,"turns":5},{"damage":65,"enemies":"Gensokyo:Rafflesia","floor":38,"turns":9},{"damage":28,"enemies":"Gensokyo:3_Boulders","floor":40,"turns":3},{"damage":28,"enemies":"Gensokyo:Dusk_and_Dawn","floor":42,"turns":5},{"damage":31,"enemies":"Gensokyo:4_Bats","floor":48,"turns":4},{"damage":104,"enemies":"Gensokyo:Shinki","floor":50,"turns":10}],"seed_played":"-1367716020737348891","potions_obtained":[{"floor":10.0,"key":"SteroidPotion"},{"floor":14.0,"key":"GrandPatriotsElixir:ReiMu"},{"floor":19.0,"key":"ats:Top Emergency Sanity Potion"},{"floor":21.0,"key":"ColorlessPotion"},{"floor":24.0,"key":"Dexterity Potion"},{"floor":35,"key":"ZuzhouPotion:ReiMu"},{"floor":36,"key":"Block Potion"},{"floor":42,"key":"ColorlessPotion"}],"is_trial":false,"path_per_floor":["M","?","M","COS","M","R","?","?","T","M","R","?","?","M","R","B",null,"M","M","AVR","M","?","R","M","R","T","M","?","R","M","COS","R","B",null,"M","M","?","M","AVR","M","R","M","T","?","T","COS","R","M","R","B",null],"character_chosen":"DOCTOR_CLASS","items_purchased":["ats:Ignite"],"campfire_rested":5,"item_purchase_floors":[0],"current_hp_per_floor":[66,48,48,48,44,44,44,44,44,38,47,29,29,24,54,7,72,62,61,61,21,21,51,22,34,34,37,44,56,11,11,46,17,79,77,64,64,30,30,79,79,60,60,25,25,25,60,39,74,9],"gold":145,"neow_bonus":"","is_daily":false,"chose_seed":false,"campfire_upgraded":5,"win_rate":0.0,"timestamp":1610892888,"path_taken":["M","?","M","COS","M","R","?","?","T","?","R","?","?","M","R","BOSS","M","M","AVR","M","?","R","M","R","T","M","?","R","?","COS","R","BOSS","M","M","?","?","AVR","M","R","M","T","?","?","COS","R","M","R","BOSS"],"items_purchased_type":["Card"],"build_version":"2020-12-22","purchased_purges":1,"victory":true,"max_hp_per_floor":[72,72,72,72,72,72,72,72,72,72,72,72,72,72,72,72,72,72,72,72,72,72,72,72,72,72,72,79,79,79,79,79,79,79,79,79,79,79,79,79,79,79,79,79,79,79,79,79,79,79],"card_choices":[{"not_picked":["ats:Powerful Strike","ats:Assault Order"],"picked":"ats:Guardian Obelisk","floor":1.0},{"not_picked":["hubris:Rewind","infinitespire:Oblivion"],"picked":"infinitespire:DeathsTouch","floor":2.0},{"not_picked":["ats:Hammer On","ats:Song Of Battle"],"picked":"ats:Encircling Forest","floor":3.0},{"not_picked":["ats:Charging Defense","ats:Powerful Strike"],"picked":"ats:Part Time Job","floor":5.0},{"not_picked":["ats:Steam Pump","ats:Cat Scratch"],"picked":"ats:Mental Burst","floor":10.0},{"not_picked":["ats:Leaping Hammer","ats:Explosion Area Strengthen"],"picked":"ats:Revitalization","floor":14.0},{"not_picked":["ats:True Silver Slash","ats:Soul Rend"],"picked":"ats:Disruption Kick","floor":16.0},{"not_picked":["ats:Cat Scratch","ats:Explosion Area Strengthen","ats:Leaping Hammer"],"picked":"SKIP","floor":18.0},{"not_picked":["ats:Overload","ats:Cat Scratch"],"picked":"ats:Shell Defense","floor":19.0},{"not_picked":["ats:Beaten Up","ats:Assault Order"],"picked":"ats:Closed Bolt Burst Fire+1","floor":21.0},{"not_picked":["ats:Powerful Strike","ats:Shell Defense"],"picked":"ats:Closed Bolt Burst Fire","floor":24.0},{"not_picked":["ats:Calcification","ats:Hammer On"],"picked":"ats:Composite Medical Shells","floor":27.0},{"not_picked":["ats:Counter Healing Mode","ats:Poison Spread","ats:Curse Doll"],"picked":"SKIP","floor":30.0},{"not_picked":["ats:True Silver Slash","ats:Ambush"],"picked":"ats:Calcification","floor":33},{"not_picked":["ats:Encircling Forest","ats:Hammer On","ats:Cat Scratch+1"],"picked":"SKIP","floor":35},{"not_picked":["ats:Curse Doll+1","ats:Fractured Body"],"picked":"ats:Hook Shot+1","floor":36},{"not_picked":["ats:Collapsing Strike","ats:Red Shift+1","ats:Explosion Area Strengthen"],"picked":"SKIP","floor":38},{"not_picked":["ats:Defend Order","ats:Assault Order+1","ats:Ignite"],"picked":"SKIP","floor":40},{"not_picked":["ats:Powerful Strike","ats:Cat Scratch+1","ats:Shell Defense"],"picked":"SKIP","floor":42},{"not_picked":["ats:Childhood Dance+1","ats:Explosion Area Strengthen+1"],"picked":"ats:Soul Rend+1","floor":48},{"not_picked":["ats:Charging Defense+1","ats:Defend Order+1","ats:Flame Of Heaven"],"picked":"SKIP","floor":48}],"player_experience":120687,"relics_obtained":[{"floor":9.0,"key":"RuthlessExorcism:ReiMu"},{"floor":26.0,"key":"Anchor"},{"floor":45,"key":"Shuriken"}],"event_choices":[],"is_beta":false,"boss_relics":[{"not_picked":["Runic Dome","hubris:GrandSneckoEye"],"picked":"SlaversCollar"},{"not_picked":["AddBug","hubris:BlackHole"],"picked":"ats:Tactical Delivery"}],"items_purged_floors":[20],"is_endless":false,"potions_floor_spawned":[10,14,19,21,24,35,36,42],"ascension_level":0}}