{"host":"4rvk26w7t08d5zdj","time":1610847473,"event":{"mods":["AchievementEnabler","BaseMod","Colored Powertips","Conspire","Energized Spire","GifTheSpireLib","Minty Spire (QoL Compilation)","Rare Cards Sparkle","StSLib","The Animator","The Blue Laboratory"],"gold_per_floor":[111,111,64,64,88,127,42,70,70,96,96,96,58,73,73,175,175,185,185,235,251,163,188,200,212,224,256,121,121,141,192,192,192,192],"floor_reached":33,"language":"ENG","playtime":1667,"items_purged":[],"score":316,"play_id":"72fdab14-cfe5-4e62-9232-a24d80790681","local_time":"20210116173753","is_ascension_mode":false,"campfire_choices":[{"data":"animator:AcuraAkari","floor":11,"key":"SMITH"},{"floor":15,"key":"REST"},{"data":"animator:HomuraAkemi","floor":24,"key":"SMITH"},{"floor":29,"key":"REST"},{"floor":32,"key":"REST"}],"circlet_count":0,"master_deck":["animator:Strike_MadokaMagica+1","animator:Defend_MadokaMagica","animator:IrohaTamaki","animator:YuiTsuruno","animator:IrohaTamaki","animator:YuiTsuruno","animator:SuzuneAmano+1","animator:AcuraAkari+1","animator:Strike_Overlord","animator:Strike_OnePunchMan","animator:Strike_Konosuba","animator:Defend_Fate","animator:Defend_AccelWorld","animator:Defend_OnePunchMan","animator:KyokoSakura","animator:OrikoMikuni","animator:YachiyoNanami","animator:HomuraAkemi+1","animator:Eve","animator:WinryRockbell","animator:KyokoSakura","animator:Kuroyukihime","animator:Caster","animator:Kyubey","animator:SayakaMiki"],"relics":["animator:LivingPicture","animator:TheMissingPiece","NeowsBlessing","Happy Flower","Calipers","Whetstone","Shovel","Bronze Scales","Black Star","Ancient Tea Set","MawBank","Singing Bowl","Toy Ornithopter","Strawberry","Anchor"],"acts_visited":["Exordium","TheCity"],"potions_floor_usage":[8,16,21,23,31,33],"damage_taken":[{"damage":0,"enemies":"Cultist","floor":1,"turns":1},{"damage":0,"enemies":"2 Louse","floor":5,"turns":1},{"damage":0,"enemies":"3 Sentries","floor":6,"turns":2},{"damage":24,"enemies":"Lagavulin","floor":8,"turns":5},{"damage":0,"enemies":"conspire:RoseBush","floor":10,"turns":2},{"damage":0,"enemies":"Looter","floor":14,"turns":3},{"damage":14,"enemies":"Slime Boss","floor":16,"turns":8},{"damage":4,"enemies":"3 Byrds","floor":18,"turns":4},{"damage":9,"enemies":"Spheric Guardian","floor":21,"turns":4},{"damage":4,"enemies":"conspire:Head Lice","floor":23,"turns":8},{"damage":26,"enemies":"Centurion and Healer","floor":27,"turns":4},{"damage":20,"enemies":"Snecko","floor":30,"turns":6},{"damage":12,"enemies":"Book of Stabbing","floor":31,"turns":5},{"damage":61,"enemies":"Automaton","floor":33,"turns":10}],"seed_played":"-6493043275898824431","potions_obtained":[{"floor":5,"key":"AttackPotion"},{"floor":8,"key":"FearPotion"},{"floor":10,"key":"AttackPotion"},{"floor":16,"key":"blueLaboratory:BottledHope"},{"floor":18,"key":"blueLaboratory:LouseDecoction"},{"floor":21,"key":"Fire Potion"}],"is_trial":false,"path_per_floor":["M","?","$","T","M","E","?","E","T","M","R","?","$","M","R","B",null,"M","?","?","M","$","E","R","T","T","M","$","R","M","E","R","B"],"character_chosen":"THE_ANIMATOR","items_purchased":["animator:YuiTsuruno","animator:YachiyoNanami","animator:Kuroyukihime","animator:Kyubey"],"campfire_rested":3,"item_purchase_floors":[3,13,22,28],"current_hp_per_floor":[66,66,66,66,66,66,66,43,43,43,43,25,25,26,46,32,68,64,64,64,55,55,51,51,51,51,27,27,48,30,30,53,0,0],"gold":192,"neow_bonus":"THREE_ENEMY_KILL","is_daily":false,"chose_seed":false,"campfire_upgraded":2,"win_rate":0.0,"timestamp":1610847473,"path_taken":["M","?","$","?","?","E","?","E","T","M","R","?","$","M","R","BOSS","M","?","?","?","?","E","R","?","T","?","$","R","M","E","R","BOSS"],"items_purchased_type":["Card","Card","Card","Card"],"build_version":"2020-12-22","purchased_purges":0,"victory":false,"max_hp_per_floor":[66,66,66,66,66,66,66,67,67,67,67,67,67,68,68,68,68,68,68,68,68,68,68,68,68,68,70,70,70,72,79,79,79,79],"card_choices":[{"not_picked":["animator:Assassin","animator:Chung"],"picked":"animator:IrohaTamaki","floor":1},{"not_picked":["animator:Kuribayashi","animator:Layla"],"picked":"animator:SuzuneAmano","floor":5},{"not_picked":["animator:WinryRockbell","animator:Ara"],"picked":"animator:AcuraAkari","floor":6},{"not_picked":["animator:OrikoMikuni","animator:YuiTsuruno"],"picked":"animator:KyokoSakura","floor":8},{"not_picked":["animator:LeleiLaLalena","animator:AcuraAkari"],"picked":"animator:OrikoMikuni","floor":10},{"not_picked":["animator:Chung","animator:YuiTsuruno"],"picked":"animator:HomuraAkemi","floor":14},{"not_picked":["animator:ItamiYouji","animator:Father"],"picked":"animator:Eve","floor":16},{"not_picked":["animator:ChaikaBohdan+1","animator:YaoHaDucy"],"picked":"animator:WinryRockbell","floor":18},{"not_picked":["animator:YuiTsuruno","animator:YachiyoNanami"],"picked":"animator:KyokoSakura","floor":21},{"not_picked":["animator:Elsword","animator:Guy"],"picked":"animator:Caster","floor":23},{"not_picked":["animator:Viivi","animator:Fredrika+1","animator:GazelDwargon"],"picked":"Singing Bowl","floor":27},{"not_picked":["animator:Guy","animator:Raven","animator:Shion"],"picked":"Singing Bowl","floor":30},{"not_picked":["animator:IrohaTamaki","animator:YuiTsuruno"],"picked":"animator:SayakaMiki","floor":31}],"player_experience":1049762,"relics_obtained":[{"floor":4,"key":"Happy Flower"},{"floor":6,"key":"Calipers"},{"floor":8,"key":"Whetstone"},{"floor":9,"key":"Shovel"},{"floor":23,"key":"Ancient Tea Set"},{"floor":23,"key":"MawBank"},{"floor":25,"key":"Singing Bowl"},{"floor":26,"key":"Toy Ornithopter"},{"floor":31,"key":"Strawberry"},{"floor":31,"key":"Anchor"}],"event_choices":[{"damage_healed":0,"gold_gain":0,"player_choice":"Ignored","damage_taken":0,"max_hp_gain":0,"max_hp_loss":0,"event_name":"NoteForYourself","floor":2,"gold_loss":0},{"damage_healed":0,"gold_gain":0,"player_choice":"Success","damage_taken":18,"relics_obtained":["Bronze Scales"],"max_hp_gain":0,"max_hp_loss":0,"event_name":"Scrap Ooze","floor":12,"gold_loss":0},{"damage_healed":0,"gold_gain":0,"player_choice":"Leave","damage_taken":0,"max_hp_gain":0,"max_hp_loss":0,"event_name":"conspire:Investor","floor":19,"gold_loss":0},{"damage_healed":0,"gold_gain":100,"player_choice":"Bet on Murderer","damage_taken":0,"max_hp_gain":0,"max_hp_loss":0,"event_name":"The Joust","floor":20,"gold_loss":50}],"is_beta":false,"boss_relics":[{"not_picked":["conspire:RoyalGoblet","energizedSpire:EnergizedDie"],"picked":"Black Star"}],"items_purged_floors":[],"is_endless":false,"potions_floor_spawned":[5,8,10,16,18,21],"killed_by":"Automaton","ascension_level":0}}