{"host":"g01l53quoe6lrer0","time":1610917540,"event":{"mods":["2.2 Compatiblity","AchievementEnabler","BaseMod","Colored Map","Highlight Path","Keyboard Shortcuts","Minty Spire (QoL Compilation)","Permanent Neow","StSLib","SuperFastMode","everything is the same but u backflip on backflip"],"gold_per_floor":[20,36,47,58,78,112,112,132,132,167,16,27,27,57,57,135,135,148,148,148,148],"floor_reached":20,"language":"KOR","playtime":434,"items_purged":["Strike_B"],"score":363,"play_id":"0624fa52-47e2-4db8-9941-dc244d9b41a7","local_time":"20210118060540","is_ascension_mode":true,"campfire_choices":[{"data":"Hyperbeam","floor":7.0,"key":"SMITH"},{"floor":13,"key":"REST"},{"data":"Go for the Eyes","floor":15,"key":"SMITH"}],"circlet_count":0,"master_deck":["AscendersBane","Strike_B","Strike_B","Strike_B","Defend_B","Defend_B","Defend_B","Defend_B","Zap","Dualcast","Hyperbeam+1","FTL","Beam Cell","Sunder","Hologram","Go for the Eyes+1","Aggregate","Steam Power","Multi-Cast","Skim","BootSequence","All For One"],"relics":["Cracked Core","Pen Nib","Kunai","Bronze Scales","Odd Mushroom","Sozu"],"acts_visited":["Exordium","TheCity"],"potions_floor_usage":[16],"damage_taken":[{"damage":0.0,"enemies":"2 Louse","floor":1.0,"turns":2.0},{"damage":0.0,"enemies":"Small Slimes","floor":2.0,"turns":1.0},{"damage":0.0,"enemies":"Cultist","floor":3.0,"turns":3.0},{"damage":9.0,"enemies":"Red Slaver","floor":4.0,"turns":2.0},{"damage":3.0,"enemies":"Blue Slaver","floor":5.0,"turns":3.0},{"damage":8.0,"enemies":"Gremlin Nob","floor":6.0,"turns":3.0},{"damage":0.0,"enemies":"3 Louse","floor":8.0,"turns":3.0},{"damage":10,"enemies":"3 Sentries","floor":10,"turns":2},{"damage":14,"enemies":"Lots of Slimes","floor":12,"turns":3},{"damage":1,"enemies":"The Mushroom Lair","floor":14,"turns":3},{"damage":39,"enemies":"Hexaghost","floor":16,"turns":9},{"damage":30,"enemies":"Shell Parasite","floor":18,"turns":6},{"damage":0,"enemies":"2 Thieves","floor":20,"turns":1}],"seed_played":"-1788872508075818441","potions_obtained":[{"floor":2.0,"key":"AttackPotion"},{"floor":3.0,"key":"Weak Potion"},{"floor":6.0,"key":"Block Potion"},{"floor":12,"key":"SkillPotion"}],"is_trial":false,"path_per_floor":["M","M","M","M","M","E","R","M","T","E","$","M","R","?","R","B",null,"M","?","M"],"character_chosen":"DEFECT","items_purchased":["Skim"],"campfire_rested":1,"item_purchase_floors":[11],"current_hp_per_floor":[64,64,64,55,52,44,44,44,44,34,34,20,41,40,40,1,54,24,20,20,20],"gold":148,"neow_bonus":"THREE_RARE_CARDS","is_daily":false,"chose_seed":false,"campfire_upgraded":2,"win_rate":0.0,"timestamp":1610917540,"path_taken":["M","M","M","M","M","E","R","M","T","E","$","M","R","?","R","BOSS","M","?","M"],"items_purchased_type":["Card"],"build_version":"2020-12-22","purchased_purges":1,"victory":false,"max_hp_per_floor":[71,71,71,71,71,71,71,71,71,71,71,71,71,71,71,71,71,71,71,71,71],"card_choices":[{"not_picked":["Amplify","Meteor Strike"],"picked":"Hyperbeam","floor":0.0},{"not_picked":["Stack","BootSequence"],"picked":"FTL","floor":1.0},{"not_picked":["Storm","Hologram"],"picked":"Beam Cell","floor":2.0},{"not_picked":["Redo","Conserve Battery"],"picked":"Sunder","floor":3.0},{"not_picked":["Conserve Battery","Streamline"],"picked":"Hologram","floor":4.0},{"not_picked":["Beam Cell","Chill"],"picked":"Go for the Eyes","floor":5.0},{"not_picked":["White Noise","Steam"],"picked":"Aggregate","floor":6.0},{"not_picked":["Compile Driver","Conserve Battery"],"picked":"Steam Power","floor":8.0},{"not_picked":["BootSequence","Go for the Eyes"],"picked":"Multi-Cast","floor":10},{"not_picked":["Coolheaded","Static Discharge"],"picked":"BootSequence","floor":12},{"not_picked":["Multi-Cast","Echo Form"],"picked":"All For One","floor":16},{"not_picked":["Lockon","Capacitor","Consume"],"picked":"SKIP","floor":18}],"player_experience":218138,"relics_obtained":[{"floor":6.0,"key":"Pen Nib"},{"floor":9.0,"key":"Kunai"},{"floor":10,"key":"Bronze Scales"},{"floor":14,"key":"Odd Mushroom"}],"event_choices":[{"damage_healed":0,"gold_gain":0,"player_choice":"Fought Mushrooms","damage_taken":0,"max_hp_gain":0,"max_hp_loss":0,"event_name":"Mushrooms","floor":14,"gold_loss":0},{"damage_healed":0,"gold_gain":0,"player_choice":"Bought 0 Potions","damage_taken":0,"max_hp_gain":0,"max_hp_loss":0,"event_name":"The Woman in Blue","floor":19,"gold_loss":0}],"is_beta":false,"boss_relics":[{"not_picked":["Inserter","SlaversCollar"],"picked":"Sozu"}],"items_purged_floors":[11],"is_endless":false,"potions_floor_spawned":[2,3,6,12,18],"killed_by":"2 Thieves","ascension_level":19}}