{"host":"z16h96csw6gsetxl","time":1610867408,"event":{"mods":["BaseMod","Minty Spire (QoL Compilation)"],"gold_per_floor":[20,32,43,55,68,100,100,116,139,89,89,89,104,29,29,134,134,118,43,53,53,64,64,80,80,107,107,119,137,153,163,163,163,163],"floor_reached":33,"language":"ZHS","playtime":2338,"items_purged":["Bash"],"score":255,"play_id":"28a27345-3169-46e4-8c20-379f893b2346","local_time":"20210117151008","is_ascension_mode":false,"campfire_choices":[{"data":"Demon Form","floor":7.0,"key":"SMITH"},{"floor":15,"key":"REST"},{"floor":23,"key":"REST"},{"floor":25,"key":"REST"},{"data":"Armaments","floor":27,"key":"SMITH"},{"floor":32,"key":"REST"}],"circlet_count":0,"master_deck":["Strike_R","Strike_R","Strike_R","Defend_R","Defend_R","Defend_R","Defend_R","Demon Form+1","Pommel Strike","Burning Pact","Whirlwind","Shrug It Off","Rage","Armaments+1","Burning Pact","Feed","Feed","Ghostly Armor","Spot Weakness","Warcry+1","Heavy Blade+1","Reaper","Power Through"],"relics":["Burning Blood","InkBottle","Blood Vial","Mark of Pain","Enchiridion","Boot"],"acts_visited":["Exordium","TheCity"],"potions_floor_usage":[13,16,16,16,20,28,30,33,33],"damage_taken":[{"damage":0.0,"enemies":"Small Slimes","floor":1.0,"turns":3.0},{"damage":6.0,"enemies":"Jaw Worm","floor":2.0,"turns":3.0},{"damage":5.0,"enemies":"Cultist","floor":3.0,"turns":4.0},{"damage":16.0,"enemies":"Large Slime","floor":4.0,"turns":4.0},{"damage":5.0,"enemies":"2 Fungi Beasts","floor":5.0,"turns":4.0},{"damage":22.0,"enemies":"3 Sentries","floor":6.0,"turns":8.0},{"damage":16.0,"enemies":"Exordium Thugs","floor":8.0,"turns":4.0},{"damage":8,"enemies":"Lots of Slimes","floor":13,"turns":3},{"damage":15,"enemies":"Slime Boss","floor":16,"turns":10},{"damage":17,"enemies":"2 Thieves","floor":18,"turns":4},{"damage":6,"enemies":"Chosen","floor":20,"turns":6},{"damage":32,"enemies":"Centurion and Healer","floor":22,"turns":5},{"damage":44,"enemies":"Snake Plant","floor":24,"turns":7},{"damage":28,"enemies":"Shelled Parasite and Fungi","floor":28,"turns":5},{"damage":9,"enemies":"Snecko","floor":29,"turns":4},{"damage":29,"enemies":"3 Cultists","floor":30,"turns":6},{"damage":20,"enemies":"Shelled Parasite and Fungi","floor":31,"turns":6},{"damage":49,"enemies":"Collector","floor":33,"turns":5}],"seed_played":"-6238824509938721650","potions_obtained":[{"floor":2.0,"key":"SpeedPotion"},{"floor":3.0,"key":"BlessingOfTheForge"},{"floor":5.0,"key":"AttackPotion"},{"floor":8.0,"key":"Weak Potion"},{"floor":13,"key":"SpeedPotion"},{"floor":18,"key":"SkillPotion"},{"floor":24,"key":"ColorlessPotion"},{"floor":28,"key":"LiquidBronze"},{"floor":29,"key":"ColorlessPotion"},{"floor":30,"key":"Strength Potion"}],"is_trial":false,"path_per_floor":["M","M","M","M","M","E","R","M","T","?","?","?","M","$","R","B",null,"M","?","M","?","M","R","M","R","T","R","M","M","M","M","R","B"],"character_chosen":"IRONCLAD","items_purchased":[],"campfire_rested":4,"item_purchase_floors":[],"current_hp_per_floor":[80,80,80,70,71,55,55,45,45,45,45,45,45,45,69,62,80,72,72,74,58,37,62,26,51,51,51,31,30,13,14,41,0,0],"gold":163,"neow_bonus":"THREE_RARE_CARDS","is_daily":false,"chose_seed":false,"campfire_upgraded":2,"win_rate":0.0,"timestamp":1610867408,"path_taken":["M","M","M","M","M","E","R","M","T","?","?","?","?","$","R","BOSS","M","?","M","?","M","R","M","R","T","R","M","M","M","M","R","BOSS"],"items_purchased_type":[],"build_version":"2020-12-22","purchased_purges":1,"victory":false,"max_hp_per_floor":[80,80,80,80,80,80,80,80,80,80,80,80,80,80,80,80,80,83,83,83,83,86,86,86,86,86,86,86,86,90,90,90,90,90],"card_choices":[{"not_picked":["Exhume","Feed"],"picked":"Demon Form","floor":0.0},{"not_picked":["Flame Barrier","Headbutt"],"picked":"Pommel Strike","floor":1.0},{"not_picked":["Dark Embrace","Thunderclap"],"picked":"Burning Pact","floor":2.0},{"not_picked":["Dark Embrace","True Grit"],"picked":"Whirlwind","floor":3.0},{"not_picked":["Wild Strike","Clothesline"],"picked":"Shrug It Off","floor":4.0},{"not_picked":["Anger","Body Slam"],"picked":"Rage","floor":5.0},{"not_picked":["Perfected Strike","Havoc"],"picked":"Dropkick","floor":6.0},{"not_picked":["Warcry","Iron Wave"],"picked":"Armaments","floor":8.0},{"not_picked":["Havoc","Seeing Red"],"picked":"Feed","floor":13},{"not_picked":["Immolate","Brutality"],"picked":"Feed","floor":16},{"not_picked":["Burning Pact","Flame Barrier"],"picked":"Ghostly Armor","floor":18},{"not_picked":["Burning Pact","Ghostly Armor","Thunderclap"],"picked":"SKIP","floor":20},{"not_picked":["Cleave","Heavy Blade"],"picked":"Spot Weakness","floor":22},{"not_picked":["Perfected Strike","Headbutt"],"picked":"Warcry+1","floor":24},{"not_picked":["Body Slam","Headbutt"],"picked":"Heavy Blade+1","floor":28},{"not_picked":["Evolve","Sword Boomerang+1","Combust"],"picked":"SKIP","floor":29},{"not_picked":["Infernal Blade","Flex"],"picked":"Reaper","floor":30},{"not_picked":["Ghostly Armor","Shrug It Off"],"picked":"Power Through","floor":31}],"player_experience":36147,"relics_obtained":[{"floor":6.0,"key":"InkBottle"},{"floor":9.0,"key":"Blood Vial"},{"floor":21,"key":"Enchiridion"},{"floor":26,"key":"Boot"}],"event_choices":[{"cards_removed":["Strike_R"],"damage_healed":0.0,"max_hp_gain":0.0,"max_hp_loss":0.0,"gold_gain":0.0,"event_name":"The Cleric","player_choice":"Card Removal","floor":10.0,"gold_loss":50.0,"damage_taken":0.0},{"damage_healed":0.0,"max_hp_gain":0.0,"max_hp_loss":0.0,"gold_gain":0.0,"event_name":"Shining Light","player_choice":"Ignored","floor":11.0,"gold_loss":0.0,"damage_taken":0.0},{"damage_healed":0.0,"max_hp_gain":0.0,"max_hp_loss":0.0,"gold_gain":0.0,"cards_transformed":["Strike_R"],"event_name":"Transmorgrifier","player_choice":"Transformed","floor":12.0,"gold_loss":0.0,"damage_taken":0.0,"cards_obtained":["Burning Pact"]},{"cards_removed":["Dropkick"],"damage_healed":0,"gold_gain":0,"player_choice":"Gave Gold","damage_taken":0,"max_hp_gain":0,"max_hp_loss":0,"event_name":"Beggar","floor":19,"gold_loss":75},{"damage_healed":0,"gold_gain":0,"player_choice":"Obtained Book","damage_taken":16,"max_hp_gain":0,"max_hp_loss":0,"event_name":"Cursed Tome","floor":21,"gold_loss":0}],"is_beta":false,"boss_relics":[{"not_picked":["Tiny House","Empty Cage"],"picked":"Mark of Pain"}],"items_purged_floors":[14],"is_endless":false,"potions_floor_spawned":[2,3,5,8,13,18,24,28,29,30],"killed_by":"Collector","ascension_level":0}}