{"host":"51f0ad793vly1w6u","time":1610859115,"event":{"mods":["BaseMod","Colored Map","DeckTracker","Minty Spire (QoL Compilation)","Replay The Spire","StSLib","SuperFastMode"],"gold_per_floor":[117,127,127,127,138,167,167,167,249,249,249,324,324,336,336,351,351,447,447,462,462,462,94,193,193,193,205,205,205,217,217,217,231,231,329,329,342,342,360,360,379,379,379,379,414,414,414,425,239,288,288,301,301,301,301],"floor_reached":54,"language":"KOR","playtime":1013,"items_purged":["Parasite","Strike_G"],"score":565,"play_id":"4d60d327-03b7-45ab-a2d7-c654e69e540f","local_time":"20210117135155","is_ascension_mode":false,"campfire_choices":[{"data":"Poison Darts","floor":7,"key":"SMITH"},{"data":"Neutralize","floor":13,"key":"SMITH"},{"data":"Poisoned Stab","floor":15,"key":"SMITH"},{"data":"Dagger Spray","floor":17,"key":"SMITH"},{"data":"ReplayTheSpireMod:Necrosis","floor":25,"key":"SMITH"},{"data":"Acrobatics","floor":29,"key":"SMITH"},{"floor":31,"key":"REST"},{"floor":34,"key":"REST"},{"floor":42,"key":"REST"},{"data":"Noxious Fumes","floor":46,"key":"SMITH"},{"data":"Bullet Time","floor":51,"key":"SMITH"},{"floor":53,"key":"REST"}],"circlet_count":0,"master_deck":["Strike_G","Strike_G","Strike_G","Strike_G","Defend_G","Defend_G","Defend_G","Defend_G","Survivor","Poison Darts+1","Poisoned Stab+1","Dagger Spray+1","Backflip","PiercingWail","ReplayTheSpireMod:Necrosis+1","Acrobatics+1","Well Laid Plans+1","Poisoned Stab","Calculated Gamble","Bullet Time+1","Toxin Wave","Noxious Fumes+1","Crippling Poison+1","Bane+1","Purity","ReplayTheSpireMod:Splinters","Deflect+1"],"relics":["Ring of the Snake","Bag of Preparation","Bronze Scales","ReplayTheSpireMod:Shallot","Black Star","The Specimen","Mango","Sozu","FossilizedHelix","Bottled Tornado","Divine Protection","Replay:Rubber Ducky"],"acts_visited":["Exordium","TheCity","TheBeyond"],"potions_floor_usage":[6,18,32,35,35,54],"damage_taken":[{"damage":0,"enemies":"Jaw Worm","floor":1,"turns":2},{"damage":0,"enemies":"2 Louse","floor":2,"turns":3},{"damage":0,"enemies":"Cultist","floor":5,"turns":3},{"damage":6,"enemies":"Gremlin Nob","floor":6,"turns":3},{"damage":0,"enemies":"Looter","floor":14,"turns":2},{"damage":0,"enemies":"Gremlin Gang","floor":16,"turns":2},{"damage":6,"enemies":"The Guardian","floor":18,"turns":8},{"damage":0,"enemies":"Spheric Guardian","floor":20,"turns":3},{"damage":16,"enemies":"2 Thieves","floor":27,"turns":4},{"damage":22,"enemies":"3 Cultists","floor":30,"turns":5},{"damage":6,"enemies":"Snecko","floor":32,"turns":3},{"damage":7,"enemies":"Shelled Parasite and Fungi","floor":33,"turns":4},{"damage":50,"enemies":"Champ","floor":35,"turns":10},{"damage":10,"enemies":"Orb Walker","floor":37,"turns":3},{"damage":31,"enemies":"3 Darklings","floor":39,"turns":4},{"damage":27,"enemies":"Jaw Worm Horde","floor":41,"turns":4},{"damage":0,"enemies":"Reptomancer","floor":45,"turns":1},{"damage":0,"enemies":"Transient","floor":48,"turns":5},{"damage":5,"enemies":"4 Shapes","floor":52,"turns":3},{"damage":99,"enemies":"Donu and Deca","floor":54,"turns":7}],"seed_played":"-6247752183224128166","potions_obtained":[{"floor":4,"key":"Venom Potion"},{"floor":4,"key":"FearPotion"},{"floor":4,"key":"Death Potion"},{"floor":5,"key":"Strength Potion"},{"floor":16,"key":"SmokeBomb"},{"floor":20,"key":"ColorlessPotion"},{"floor":35,"key":"Poison Potion"}],"is_trial":false,"path_per_floor":["M","M","?","?","M","E","R","?","T","PTL","PTL","?","R","M","R","M","R","B",null,"M","?","?","$","?","R","?","M","T","R","M","R","M","M","R","B",null,"M","?","M","?","M","R","PTL","PTL","E","R","T","M","$","?","R","M","R","B"],"character_chosen":"THE_SILENT","items_purchased":["The Specimen","Purity"],"campfire_rested":4,"item_purchase_floors":[23,49],"current_hp_per_floor":[70,70,52,52,52,46,46,46,46,46,46,39,39,39,39,39,39,33,70,70,57,57,57,57,57,57,41,55,55,33,58,52,45,70,20,86,76,76,45,45,18,43,43,43,43,43,43,43,43,43,43,38,63,0,0],"gold":301,"neow_bonus":"THREE_RARE_CARDS","is_daily":false,"chose_seed":false,"campfire_upgraded":8,"win_rate":0.0,"timestamp":1610859115,"path_taken":["M","M","?","?","?","E","R","?","T","PTL","PTL","?","R","?","R","M","R","BOSS","M","?","?","$","?","R","?","M","T","R","M","R","M","M","R","BOSS","M","?","M","?","?","R","PTL","PTL","E","R","T","M","$","?","R","M","R","BOSS"],"items_purchased_type":["Relic","Card"],"build_version":"2020-12-22","purchased_purges":2,"victory":false,"max_hp_per_floor":[70,70,70,70,70,70,70,70,70,70,70,70,70,70,70,70,70,70,70,70,75,75,72,72,72,72,72,86,86,86,86,86,86,86,86,86,86,86,86,86,86,86,86,86,86,86,86,86,86,86,86,86,86,86,86],"card_choices":[{"not_picked":["Atom Bomb","ReplayTheSpireMod:Necrosis"],"picked":"Poison Darts","floor":0},{"not_picked":["Outmaneuver","Dodge and Roll","Blur"],"picked":"SKIP","floor":1},{"not_picked":["Infinite Blades","ReplayTheSpireMod:Scrap Shanks"],"picked":"Poisoned Stab","floor":2},{"not_picked":["Expertise","Cloak And Dagger"],"picked":"Dagger Spray","floor":5},{"not_picked":["Masterful Stab","Endless Agony"],"picked":"Backflip","floor":6},{"not_picked":["Flying Knee","Outmaneuver","Poisoned Stab"],"picked":"SKIP","floor":14},{"not_picked":["Dagger Spray","Blade Dance"],"picked":"PiercingWail","floor":16},{"not_picked":["Malaise","Replay:Bag of Tricks"],"picked":"ReplayTheSpireMod:Necrosis","floor":18},{"not_picked":["Poisoned Stab","Dagger Spray+1"],"picked":"Acrobatics","floor":20},{"not_picked":["Slice","Outmaneuver"],"picked":"Well Laid Plans+1","floor":27},{"not_picked":["Flying Knee","Slice"],"picked":"Poisoned Stab","floor":30},{"not_picked":["Prepared","Terror+1"],"picked":"Calculated Gamble","floor":33},{"not_picked":["After Image","Doppelganger"],"picked":"Bullet Time","floor":35},{"not_picked":["Hidden Blade+1","ReplayTheSpireMod:Scrap Shanks"],"picked":"Toxin Wave","floor":37},{"not_picked":["Calculated Gamble","Escape Plan"],"picked":"Noxious Fumes","floor":39},{"not_picked":["Fluid Movement","Caltrops","Dash+1"],"picked":"SKIP","floor":41},{"not_picked":["Predator","Backflip+1"],"picked":"Crippling Poison+1","floor":45},{"not_picked":["Bane+1","Poisoned Stab+1","Backstab"],"picked":"SKIP","floor":48},{"not_picked":["Poisoned Stab+1","Backstab"],"picked":"Bane+1","floor":48},{"not_picked":["Bane","Poisoned Stab"],"picked":"Deflect+1","floor":50},{"not_picked":["Poisoned Stab+1","Sucker Punch+1","Setup"],"picked":"SKIP","floor":52}],"player_experience":1395550,"relics_obtained":[{"floor":6,"key":"Bronze Scales"},{"floor":9,"key":"ReplayTheSpireMod:Shallot"},{"floor":28,"key":"Mango"},{"floor":45,"key":"FossilizedHelix"},{"floor":45,"key":"Bottled Tornado"},{"floor":47,"key":"Divine Protection"},{"floor":50,"key":"Replay:Rubber Ducky"}],"event_choices":[{"damage_healed":0,"gold_gain":0,"player_choice":"Success","damage_taken":18,"relics_obtained":["Bag of Preparation"],"max_hp_gain":0,"max_hp_loss":0,"event_name":"Scrap Ooze","floor":3,"gold_loss":0},{"damage_healed":0,"gold_gain":0,"player_choice":"Got Potions","damage_taken":0,"max_hp_gain":0,"max_hp_loss":0,"event_name":"Lab","floor":4,"gold_loss":0},{"damage_healed":0,"gold_gain":75,"player_choice":"Touch","damage_taken":7,"max_hp_gain":0,"max_hp_loss":0,"event_name":"FaceTrader","floor":12,"gold_loss":0},{"damage_healed":0,"gold_gain":0,"player_choice":"Shed Blood","damage_taken":18,"max_hp_gain":5,"max_hp_loss":0,"event_name":"Forgotten Altar","floor":21,"gold_loss":0},{"damage_healed":0,"gold_gain":0,"player_choice":"Ignored","damage_taken":0,"max_hp_gain":0,"max_hp_loss":0,"event_name":"Ghosts","floor":22,"gold_loss":0},{"damage_healed":0,"gold_gain":99,"player_choice":"Stole From Cult","damage_taken":0,"max_hp_gain":0,"max_hp_loss":0,"event_name":"Nest","floor":24,"gold_loss":0},{"damage_healed":0,"gold_gain":0,"player_choice":"Ignored","damage_taken":0,"max_hp_gain":0,"max_hp_loss":0,"event_name":"Vampires","floor":26,"gold_loss":0},{"cards_removed":["Neutralize"],"damage_healed":0,"gold_gain":0,"player_choice":"Removed Attack","damage_taken":0,"max_hp_gain":0,"max_hp_loss":0,"event_name":"Falling","floor":38,"gold_loss":0}],"is_beta":false,"boss_relics":[{"not_picked":["Ectoplasm","WristBlade"],"picked":"Black Star"},{"not_picked":["Runic Pyramid","Empty Cage"],"picked":"Sozu"}],"items_purged_floors":[23,49],"is_endless":false,"potions_floor_spawned":[5,16,20,27,35,37,52],"killed_by":"Donu and Deca","ascension_level":0}}