{"host":"ibtxpp7hbhk6t4eo","time":1610850293,"event":{"mods":["BaseMod","Downfall","Minty Spire (QoL Compilation)","StSLib","UnlockEverythingMod","Waifu the Spire"],"gold_per_floor":[99,111,128,141,66,105,105,24,62,99,49,49,88,88,104,210,210,160,170,183,283,300,343,369,407,157,199,233,83,83,83,93,207,207,157,216,230,285,354,365,365,377,2,46,83,102,52,94,111,111,111,155,4,4,4,4],"floor_reached":57,"language":"ZHS","playtime":3850,"items_purged":["hexamod:HexaLevel","bronze:Verify","sneckomod:SerpentMind"],"score":1771,"play_id":"f77f6c27-0b5c-4e36-a183-10e558fb0e60","local_time":"20210117102453","daily_mods":["Vintage","Heirloom","Time Dilation","Flight","downfall:Lament","DeadlyEvents","Elite Swarm"],"is_ascension_mode":false,"campfire_choices":[{"data":"Slimebound:Split","floor":1,"key":"SMITH"},{"data":"Guardian:ConstructionForm","floor":11,"key":"SMITH"},{"data":"Slimebound:PrepareCrush","floor":18,"key":"SMITH"},{"floor":26,"key":"RECALL"},{"data":"Slimebound:MassRepurpose","floor":29,"key":"SMITH"},{"data":"Slimebound:SelfFormingGoo","floor":35,"key":"SMITH"},{"data":"Slimebound:DuplicatedForm","floor":47,"key":"SMITH"},{"data":"Demon Form","floor":54,"key":"SMITH"}],"circlet_count":0,"master_deck":["Demon Form+1","Wraith Form v2","Echo Form","DevaForm","Guardian:ConstructionForm+1","Slimebound:DuplicatedForm+1","Slimebound:Strike_Slimebound","Slimebound:Strike_Slimebound","Slimebound:Strike_Slimebound+1","Slimebound:Tackle","Slimebound:Defend_Slimebound","Slimebound:Defend_Slimebound","Slimebound:Defend_Slimebound","Slimebound:Defend_Slimebound","Slimebound:Split+1","Slimebound:CorrosiveSpit","Slimebound:RallyTheTroops","Slimebound:LeechEnergy","Slimebound:DouseInSlime","Slimebound:OozeBath","Slimebound:PrepareCrush+1","Slimebound:OneTwoCombo+1","Slimebound:MinionMaster","Slimebound:MassRepurpose+1","Slimebound:Teamwork","Slimebound:SelfFormingGoo+1","Slimebound:Dissolve+1","Slimebound:SplitMire+1","Slimebound:SlimeSlap+1","Slimebound:Overexert","Slimebound:OozeBath+1","Slimebound:CheckThePlaybook+1"],"relics":["Slimebound:AbsorbEndCombat","NeowsBlessing","Dead Branch","HornCleat","Gremlin Horn","Slimebound:GreedOozeRelic","CeramicFish","Bottled Tornado","champ:DuelingGlove","Unceasing Top","Eternal Feather","Mummified Hand","expansioncontent:StudyCardRelic","Strawberry","Bronze Scales","Ginger","Slimebound:PreparedRelic","Akabeko","Regal Pillow","Kunai","downfall:HeartBlessingGreen","downfall:HeartBlessingBlue","TungstenRod","Art of War","downfall:HeartBlessingRed","Toxic Egg 2","Prayer Wheel","Slimebound:TarBlob","Bird Faced Urn","CaptainsWheel","Pen Nib","Omamori","Molten Egg 2","Whetstone","Slimebound:MaxSlimesRelic","Toy Ornithopter","Bag of Marbles","Bottled Flame","Smiling Mask","Happy Flower","hexamod:BolsterEngine","Guardian:BottledAnomaly"],"acts_visited":["Exordium","TheCity","TheBeyond","TheEnding"],"potions_floor_usage":[4,10,13,13,16,16,19,22,22,28],"damage_taken":[{"damage":1,"enemies":"Cultist","floor":2,"turns":2},{"damage":0,"enemies":"Small Slimes","floor":3,"turns":2},{"damage":2,"enemies":"2 Louse","floor":4,"turns":3},{"damage":48,"enemies":"3 Sentries","floor":6,"turns":7},{"damage":15,"enemies":"downfall:FleeingMerchant","floor":8,"turns":4},{"damage":0,"enemies":"Gremlin Nob","floor":9,"turns":5},{"damage":18,"enemies":"3 Sentries","floor":10,"turns":6},{"damage":15,"enemies":"Lagavulin","floor":13,"turns":6},{"damage":6,"enemies":"2 Fungi Beasts","floor":15,"turns":3},{"damage":0,"enemies":"DF_ARCHETYPE_STREAMLINE","floor":16,"turns":6},{"damage":5,"enemies":"Chosen","floor":19,"turns":2},{"damage":8,"enemies":"Shell Parasite","floor":20,"turns":2},{"damage":9,"enemies":"IC_STATUS_ARCHETYPE","floor":21,"turns":2},{"damage":5,"enemies":"Cultist and Chosen","floor":22,"turns":3},{"damage":22,"enemies":"Gremlin Leader","floor":23,"turns":2},{"damage":12,"enemies":"Book of Stabbing","floor":25,"turns":2},{"damage":0,"enemies":"Slavers","floor":27,"turns":2},{"damage":11,"enemies":"Book of Stabbing","floor":28,"turns":3},{"damage":0,"enemies":"Centurion and Healer","floor":32,"turns":4},{"damage":32,"enemies":"WA_ARCHETYPE_CALM","floor":33,"turns":4},{"damage":0,"enemies":"WA_ARCHETYPE_CALM","floor":36,"turns":2},{"damage":0,"enemies":"Orb Walker","floor":37,"turns":1},{"damage":0,"enemies":"2 Orb Walkers","floor":38,"turns":3},{"damage":0,"enemies":"downfall:FleeingMerchant","floor":39,"turns":3},{"damage":14,"enemies":"3 Shapes","floor":40,"turns":2},{"damage":8,"enemies":"Maw","floor":42,"turns":3},{"damage":16,"enemies":"Reptomancer","floor":44,"turns":3},{"damage":14,"enemies":"Nemesis","floor":45,"turns":3},{"damage":0,"enemies":"Jaw Worm Horde","floor":46,"turns":2},{"damage":0,"enemies":"Reptomancer","floor":48,"turns":3},{"damage":14,"enemies":"3 Darklings","floor":49,"turns":2},{"damage":14,"enemies":"IC_BLOCK_ARCHETYPE","floor":50,"turns":3},{"damage":17,"enemies":"downfall:CharBossMerchant","floor":52,"turns":3},{"damage":16,"enemies":"downfall:NeowBoss","floor":55,"turns":5},{"damage":0,"enemies":"downfall:NeowBossFinal","floor":56,"turns":4}],"seed_played":"-7582450256790305787","potions_obtained":[{"floor":3,"key":"Block Potion"},{"floor":6,"key":"Weak Potion"},{"floor":9,"key":"Energy Potion"},{"floor":10,"key":"GamblersBrew"},{"floor":13,"key":"Fire Potion"},{"floor":14,"key":"Swift Potion"},{"floor":14,"key":"PowerPotion"},{"floor":16,"key":"Fire Potion"},{"floor":19,"key":"Fruit Juice"},{"floor":21,"key":"SteroidPotion"},{"floor":23,"key":"SneckoOil"},{"floor":27,"key":"AttackPotion"},{"floor":31,"key":"CultistPotion"},{"floor":40,"key":"FairyPotion"}],"is_trial":true,"path_per_floor":["R","M","M","M","?","E","T","$","E","E","R","?","E","?","M","B",null,"R","M","M","?","M","E","T","E","R","E","E","R","T","?","M","B",null,"R","?","M","?","$","M","T","M","$","E","E","M","R","E","M","B",null,"E","$","R","B","B",null],"character_chosen":"SLIMEBOUND","items_purchased":["Pen Nib","Slimebound:MaxSlimesRelic","Guardian:BottledAnomaly"],"campfire_rested":0,"item_purchase_floors":[39,43,53],"current_hp_per_floor":[65,64,64,62,62,45,45,45,47,32,32,32,34,34,30,34,65,65,73,67,58,69,48,48,39,64,65,58,73,73,73,75,81,87,87,87,87,87,87,87,87,82,82,87,87,87,87,87,87,87,87,87,87,87,85,87],"gold":4,"neow_bonus":"","is_daily":false,"chose_seed":false,"campfire_upgraded":7,"win_rate":0.0,"timestamp":1610850293,"path_taken":["R","M","M","?","?","E","T","$","E","E","R","?","?","?","M","BOSS","R","M","M","?","?","E","T","E","R","E","?","R","?","?","M","BOSS","R","?","?","?","$","M","T","?","$","?","E","?","R","E","M","BOSS","E","$","R","BOSS","BOSS"],"items_purchased_type":["Relic","Relic","Relic"],"build_version":"2020-12-22","purchased_purges":3,"victory":true,"max_hp_per_floor":[65,65,65,65,65,65,65,65,65,65,65,65,65,65,65,65,65,65,77,77,77,77,77,77,77,87,87,87,87,87,87,87,87,87,87,87,87,87,87,87,87,87,87,87,87,87,87,87,87,87,87,87,87,87,87,87],"card_choices":[{"not_picked":["Slimebound:Overexert","Slimebound:CheckThePlaybook"],"picked":"Slimebound:RallyTheTroops","floor":6},{"not_picked":["Slimebound:SlimeTap","Slimebound:FlameTackle"],"picked":"Slimebound:LeechEnergy","floor":8},{"not_picked":["Slimebound:WasteNot","Slimebound:DuplicatedForm"],"picked":"Slimebound:DouseInSlime","floor":9},{"not_picked":["Slimebound:CheckThePlaybook","Slimebound:OneTwoCombo"],"picked":"Slimebound:OozeBath","floor":10},{"not_picked":["Slimebound:Overexert","Slimebound:MassFeed"],"picked":"Slimebound:PrepareCrush","floor":13},{"not_picked":["Slimebound:PrepareCrush","Slimebound:MassRepurpose"],"picked":"Slimebound:OneTwoCombo","floor":16},{"not_picked":["Slimebound:RallyTheTroops","Slimebound:FirmFortitude"],"picked":"Slimebound:MinionMaster","floor":23},{"not_picked":["Slimebound:MinionMaster","Slimebound:SelfFormingGoo"],"picked":"Slimebound:MassRepurpose","floor":25},{"not_picked":["Slimebound:OneTwoCombo","Slimebound:FirmFortitude"],"picked":"Slimebound:Teamwork","floor":27},{"not_picked":["Slimebound:Overexert","Slimebound:Teamwork","Slimebound:PrepareCrush"],"picked":"SKIP","floor":28},{"not_picked":["Slimebound:Teamwork+1","Slimebound:PrepareCrush+1"],"picked":"Slimebound:SelfFormingGoo","floor":33},{"not_picked":["Slimebound:BestDefense+1","Slimebound:DivideAndConquer"],"picked":"Slimebound:Dissolve+1","floor":36},{"not_picked":["Slimebound:FinishingTackle","Slimebound:SlimeSpikes+1"],"picked":"Slimebound:SplitMire+1","floor":38},{"not_picked":["Slimebound:SpikyOuterGoop+1","Slimebound:PressTheAttack","Slimebound:BestDefense+1"],"picked":"SKIP","floor":39},{"not_picked":["Slimebound:DuplicatedForm","Slimebound:DouseInSlime+1"],"picked":"Slimebound:SlimeSlap+1","floor":44},{"not_picked":["Slimebound:PrepareCrush+1","Slimebound:OneTwoCombo+1"],"picked":"Slimebound:Overexert","floor":45},{"not_picked":["Slimebound:PrepareCrush+1","Slimebound:MassRepurpose+1"],"picked":"Slimebound:OozeBath+1","floor":48},{"not_picked":["Slimebound:DuplicatedForm","Slimebound:LeechLife+1"],"picked":"Slimebound:CheckThePlaybook+1","floor":52}],"player_experience":60986,"relics_obtained":[{"floor":2,"key":"HornCleat"},{"floor":3,"key":"Gremlin Horn"},{"floor":4,"key":"Bag of Preparation"},{"floor":6,"key":"CeramicFish"},{"floor":7,"key":"Bottled Tornado"},{"floor":9,"key":"champ:DuelingGlove"},{"floor":10,"key":"Unceasing Top"},{"floor":13,"key":"Eternal Feather"},{"floor":15,"key":"Mummified Hand"},{"floor":19,"key":"Strawberry"},{"floor":20,"key":"Bronze Scales"},{"floor":21,"key":"Ginger"},{"floor":21,"key":"Slimebound:PreparedRelic"},{"floor":22,"key":"Akabeko"},{"floor":23,"key":"Regal Pillow"},{"floor":25,"key":"Kunai"},{"floor":27,"key":"TungstenRod"},{"floor":28,"key":"Art of War"},{"floor":30,"key":"Toxic Egg 2"},{"floor":32,"key":"Prayer Wheel"},{"floor":36,"key":"Bird Faced Urn"},{"floor":38,"key":"CaptainsWheel"},{"floor":40,"key":"Omamori"},{"floor":41,"key":"Molten Egg 2"},{"floor":42,"key":"Whetstone"},{"floor":44,"key":"Toy Ornithopter"},{"floor":45,"key":"Bag of Marbles"},{"floor":46,"key":"Bottled Flame"},{"floor":48,"key":"Smiling Mask"},{"floor":49,"key":"Happy Flower"},{"floor":52,"key":"hexamod:BolsterEngine"}],"event_choices":[{"cards_removed":["champ:GladiatorForm"],"damage_healed":0,"gold_gain":0,"player_choice":"Card Removal","damage_taken":0,"max_hp_gain":0,"max_hp_loss":0,"event_name":"The Cleric","floor":12,"gold_loss":0},{"damage_healed":0,"gold_gain":0,"player_choice":"Fight","damage_taken":0,"max_hp_gain":0,"max_hp_loss":0,"event_name":"Mysterious Sphere","floor":38,"gold_loss":0}],"is_beta":false,"boss_relics":[{"not_picked":["Busted Crown","Tiny House"],"picked":"expansioncontent:StudyCardRelic"},{"not_picked":["Astrolabe","Velvet Choker"],"picked":"Slimebound:TarBlob"}],"items_purged_floors":[8,39,43],"is_endless":false,"potions_floor_spawned":[3,6,9,10,13,15,16,19,21,23,27,33,36,40,44,46,48,52],"ascension_level":0}}