{"host":"e4wnmsyty9uvvtwf","time":1610869629,"event":{"mods":["Act Like it!","BaseMod","Colored Map","Colored Powertips","Gensokyo","Koishi","Minty Spire (QoL Compilation)","StSLib"],"gold_per_floor":[361,221,23,23,35,60,60,60,86,98,110,136,161,206,218,327,339,362,254,42,67,79,116,128,440,452,496,522,534,162,193,193,193,193],"floor_reached":33,"language":"ZHS","playtime":1664,"items_purged":["Doubt"],"score":486,"play_id":"b9c5ca8d-528c-464c-9310-018430f79d01","local_time":"20210117154709","is_ascension_mode":true,"campfire_choices":[{"data":"Koishi:PredatoryInstincts","floor":7,"key":"SMITH"},{"data":"Koishi:HauntingSlash","floor":11,"key":"SMITH"},{"data":"Koishi:MentalBreakdown","floor":15,"key":"SMITH"},{"data":"Koishi:SilentAndRestless","floor":24,"key":"SMITH"},{"data":"Koishi:DanmakuParanoia","floor":32,"key":"SMITH"}],"circlet_count":0,"master_deck":["AscendersBane","Koishi:BasicStrike","Koishi:BasicDefend","Koishi:BasicDefend","Koishi:Provoke","Koishi:HauntingSlash+1","Koishi:DanmakuParanoia+1","Koishi:PredatoryInstincts+1","Koishi:MentalBreakdown+1","Koishi:ParalyzingFear","Koishi:TremblingHands","Koishi:DanmakuParanoia","Koishi:Whimsy","Koishi:MindNumbingTerror","Koishi:Untouchable","Koishi:SilentAndRestless+1","Koishi:TerrifyingSpectre+1","Koishi:SubconsciousSweep+1","Koishi:MindStellarRelief+1","Koishi:UnconsciousUrges","Koishi:PhilosophyOfTheDespised","Koishi:PerfectMindControl","Koishi:SubconsciousSweep+1","Koishi:SprinkleStarAndHeart","Koishi:GeneticsOfTheUnconscious","Koishi:RoseHell","Koishi:TremblingHands+1","Gensokyo:AllTheWorldsEvil","Koishi:SpiritedAway+1","Koishi:PhantomBarrier","Koishi:MindNumbingTerror+1"],"relics":["Koishi:ImaginaryFriend","Gambling Chip","Boot","Blood Vial","Happy Flower","MawBank","Mango","Astrolabe","Gensokyo:LionMask","OrangePellets","Gensokyo:DirgeOfMelancholy","Molten Egg 2","Akabeko","Girya","Koishi:ImperfectMetamorphosis","White Beast Statue","Bottled Tornado","Shuriken"],"acts_visited":["Exordium","Gensokyo:Gensokyo"],"potions_floor_usage":[14,31,33,33],"damage_taken":[{"damage":4,"enemies":"Gensokyo:Python","floor":1,"turns":6},{"damage":1,"enemies":"Gensokyo:2_Kodama","floor":5,"turns":6},{"damage":22,"enemies":"Gensokyo:Aya","floor":6,"turns":12},{"damage":0,"enemies":"Gensokyo:Gryphon","floor":12,"turns":4},{"damage":2,"enemies":"Gensokyo:VengefulSpirit","floor":13,"turns":6},{"damage":10,"enemies":"Gensokyo:Mamizou","floor":14,"turns":9},{"damage":4,"enemies":"Gensokyo:Kokoro","floor":16,"turns":20},{"damage":0,"enemies":"Gensokyo:2_Gloops","floor":18,"turns":4},{"damage":34,"enemies":"Gensokyo:3_Dogs","floor":21,"turns":6},{"damage":20,"enemies":"Gensokyo:Koishi","floor":23,"turns":9},{"damage":16,"enemies":"Gensokyo:Koishi","floor":25,"turns":11},{"damage":0,"enemies":"Gensokyo:Reisen","floor":27,"turns":7},{"damage":12,"enemies":"Gensokyo:Wraith","floor":28,"turns":3},{"damage":14,"enemies":"Gensokyo:Tenshi","floor":31,"turns":5},{"damage":61,"enemies":"Gensokyo:Kaguya","floor":33,"turns":9}],"seed_played":"-676633165526035233","potions_obtained":[{"floor":1,"key":"Explosive Potion"},{"floor":5,"key":"Swift Potion"},{"floor":6,"key":"CultistPotion"},{"floor":16,"key":"Block Potion"},{"floor":31,"key":"EssenceOfSteel"}],"is_trial":false,"path_per_floor":["M","?","$","T","M","E","R","?","T","$","R","M","M","E","R","B",null,"M","?","COS","M","?","E","R","?","T","E","M","?","$","E","R","B"],"character_chosen":"KOISHI","items_purchased":["Koishi:PredatoryInstincts","Koishi:MentalBreakdown","Koishi:ParalyzingFear","Koishi:SpiritedAway+1","Bottled Tornado","Koishi:PhantomBarrier"],"campfire_rested":0,"item_purchase_floors":[3,3,3,30,30,30],"current_hp_per_floor":[52,52,52,52,60,44,44,32,32,32,32,42,52,66,66,74,74,74,74,74,58,58,50,50,44,44,52,48,48,48,49,49,0,0],"gold":193,"neow_bonus":"TWO_FIFTY_GOLD","is_daily":false,"chose_seed":false,"campfire_upgraded":5,"win_rate":0.0,"timestamp":1610869629,"path_taken":["M","?","$","?","M","E","R","?","T","?","R","?","M","E","R","BOSS","M","?","COS","M","?","E","R","?","T","E","M","?","$","E","R","BOSS"],"items_purchased_type":["Card","Card","Card","Card","Relic","Card"],"build_version":"2020-12-22","purchased_purges":1,"victory":false,"max_hp_per_floor":[60,60,60,60,60,60,60,60,60,60,60,60,60,74,74,74,74,74,74,74,74,74,74,74,74,74,74,74,74,74,74,74,74,74],"card_choices":[{"not_picked":["Koishi:SubconsciousSweep","Koishi:PhantomBarrier"],"picked":"Koishi:DanmakuParanoia","floor":1},{"not_picked":["Koishi:CatchAndRose","Koishi:PhantomStrike"],"picked":"Koishi:TremblingHands","floor":5},{"not_picked":["Koishi:VengefulSpirit","Koishi:Jaunt"],"picked":"Koishi:DanmakuParanoia","floor":6},{"not_picked":["Koishi:BloodcurdlingScream","Koishi:SubterraneanRose"],"picked":"Koishi:Whimsy","floor":12},{"not_picked":["Koishi:MassHysteria","Koishi:DanmakuParanoia"],"picked":"Koishi:MindNumbingTerror","floor":13},{"not_picked":["Koishi:GhostParty","Koishi:UnansweredLove"],"picked":"Koishi:Untouchable","floor":14},{"not_picked":["Koishi:ConfinedInnocent","Koishi:RollingInRichesHeart"],"picked":"Koishi:SilentAndRestless","floor":16},{"not_picked":["Koishi:Jaunt+1","Koishi:GhostParty"],"picked":"Koishi:UnconsciousUrges","floor":18},{"not_picked":["Koishi:UnansweredLove","Koishi:FleetingPhantom"],"picked":"Koishi:PhilosophyOfTheDespised","floor":21},{"not_picked":["Koishi:SubconsciousSweep+1","Koishi:FreudianInstinct"],"picked":"Koishi:PerfectMindControl","floor":23},{"not_picked":["Koishi:SprinkleStarAndHeart+1","Koishi:SubconsciousSweep+1"],"picked":"Koishi:GeneticsOfTheUnconscious","floor":25},{"not_picked":["Koishi:SubterraneanRose","Koishi:IdleWhim"],"picked":"Koishi:RoseHell","floor":27},{"not_picked":["Koishi:PhilosophyOfTheDespised","Koishi:StrangeCloudFist+1"],"picked":"Koishi:TremblingHands+1","floor":28},{"not_picked":["Koishi:CatchAndRose","Koishi:PhantomStrike+1"],"picked":"Koishi:MindNumbingTerror+1","floor":31}],"player_experience":549577,"relics_obtained":[{"floor":4,"key":"Boot"},{"floor":6,"key":"Blood Vial"},{"floor":9,"key":"MawBank"},{"floor":14,"key":"Mango"},{"floor":23,"key":"Molten Egg 2"},{"floor":25,"key":"Girya"},{"floor":25,"key":"Koishi:ImperfectMetamorphosis"},{"floor":27,"key":"White Beast Statue"},{"floor":31,"key":"Shuriken"}],"event_choices":[],"is_beta":false,"boss_relics":[{"not_picked":["Runic Pyramid","Ectoplasm"],"picked":"Astrolabe"}],"items_purged_floors":[30],"is_endless":false,"potions_floor_spawned":[1,5,6,16,27,28,31],"killed_by":"Gensokyo:Kaguya","ascension_level":10}}