{"host":"5icjlaq41ghjcr7h","time":1610862730,"event":{"mods":["AchievementEnabler","BaseMod","Colored Map","Minty Spire (QoL Compilation)","SuperFastMode","everything is the same but u backflip on backflip"],"gold_per_floor":[115,115,115,134,152,178,178,194,194,40,52,66,93,120,120,120,120],"floor_reached":16,"language":"KOR","playtime":400,"items_purged":["Strike_B"],"score":158,"play_id":"4ed4bd43-3529-4776-9917-3067db6abbe5","local_time":"20210117145210","is_ascension_mode":true,"campfire_choices":[{"data":"Gash","floor":7,"key":"SMITH"},{"data":"Capacitor","floor":15,"key":"SMITH"}],"circlet_count":0,"master_deck":["Strike_B","Strike_B","Strike_B","Defend_B","Defend_B","Defend_B","Defend_B","Zap","Dualcast","Gash+1","Beam Cell","Go for the Eyes","Leap+1","Double Energy+1","Capacitor+1","Steam+1","Conserve Battery+1","Self Repair","Chill+1"],"relics":["Cracked Core","NeowsBlessing","Toxic Egg 2","Torii","Dead Branch"],"acts_visited":["Exordium"],"potions_floor_usage":[6,6,8,12,14],"damage_taken":[{"damage":0,"enemies":"Jaw Worm","floor":1,"turns":1},{"damage":0,"enemies":"2 Louse","floor":4,"turns":1},{"damage":0,"enemies":"Cultist","floor":5,"turns":1},{"damage":0,"enemies":"Gremlin Nob","floor":6,"turns":3},{"damage":0,"enemies":"Lots of Slimes","floor":8,"turns":1},{"damage":0,"enemies":"Exordium Wildlife","floor":11,"turns":5},{"damage":7,"enemies":"Red Slaver","floor":12,"turns":5},{"damage":12,"enemies":"3 Sentries","floor":14,"turns":11},{"damage":69,"enemies":"Slime Boss","floor":16,"turns":11}],"seed_played":"1079084787996444638","potions_obtained":[{"floor":1,"key":"Strength Potion"},{"floor":3,"key":"AttackPotion"},{"floor":3,"key":"Explosive Potion"},{"floor":3,"key":"Block Potion"},{"floor":6,"key":"DistilledChaos"},{"floor":8,"key":"SkillPotion"},{"floor":12,"key":"SteroidPotion"}],"is_trial":false,"path_per_floor":["M","?","?","M","M","E","R","M","T","$","M","M","T","E","R","B"],"character_chosen":"DEFECT","items_purchased":["Capacitor","Steam+1"],"campfire_rested":0,"item_purchase_floors":[10,10],"current_hp_per_floor":[75,75,75,75,75,75,75,75,75,75,75,68,68,63,63,0,0],"gold":120,"neow_bonus":"THREE_ENEMY_KILL","is_daily":false,"chose_seed":false,"campfire_upgraded":2,"win_rate":0.0,"timestamp":1610862730,"path_taken":["M","?","?","?","?","E","R","M","T","?","M","M","?","E","R","BOSS"],"items_purchased_type":["Card","Card"],"build_version":"2020-12-22","purchased_purges":1,"victory":false,"max_hp_per_floor":[75,75,75,75,75,75,75,75,75,75,75,75,75,75,75,75,75],"card_choices":[{"not_picked":["Leap","Barrage"],"picked":"Gash","floor":1},{"not_picked":["Fusion","Force Field"],"picked":"Beam Cell","floor":4},{"not_picked":["Cold Snap","Amplify"],"picked":"Go for the Eyes","floor":5},{"not_picked":["Hologram+1","Fission+1"],"picked":"Leap+1","floor":6},{"not_picked":["Hologram+1","Turbo+1"],"picked":"Double Energy+1","floor":8},{"not_picked":["Leap+1","Ball Lightning"],"picked":"Conserve Battery+1","floor":11},{"not_picked":["Undo+1","Rebound"],"picked":"Self Repair","floor":12},{"not_picked":["Barrage","Go for the Eyes"],"picked":"Chill+1","floor":14}],"player_experience":137735,"relics_obtained":[{"floor":6,"key":"Toxic Egg 2"},{"floor":9,"key":"Torii"},{"floor":14,"key":"Dead Branch"}],"event_choices":[{"damage_healed":0,"gold_gain":0,"player_choice":"Ignored","damage_taken":0,"max_hp_gain":0,"max_hp_loss":0,"event_name":"Shining Light","floor":2,"gold_loss":0},{"damage_healed":0,"gold_gain":0,"player_choice":"Got Potions","damage_taken":0,"max_hp_gain":0,"max_hp_loss":0,"event_name":"Lab","floor":3,"gold_loss":0}],"is_beta":false,"boss_relics":[],"items_purged_floors":[10],"is_endless":false,"potions_floor_spawned":[1,5,6,8,12],"killed_by":"Slime Boss","ascension_level":3}}