{"host":"wshh0nphwn6jv7vj","time":1610868268,"event":{"mods":["BaseMod","Bestiary","Minty Spire (QoL Compilation)","Relic Stats"],"gold_per_floor":[137,5,44,104,124,124,154,174,174],"floor_reached":8,"language":"ENG","playtime":326,"items_purged":["Normality"],"score":93,"play_id":"10cdff39-1b4f-4e85-95a4-6e957c183271","local_time":"20210117022428","is_ascension_mode":true,"campfire_choices":[{"floor":6,"key":"REST"}],"circlet_count":0,"master_deck":["AscendersBane","Strike_B","Strike_B","Strike_B","Strike_B","Defend_B","Defend_B","Defend_B","Defend_B","Zap","Dualcast","HandOfGreed","Recycle","Compile Driver","Doom and Gloom","Hologram","Compile Driver"],"relics":["Cracked Core"],"acts_visited":["Exordium"],"potions_floor_usage":[5,8],"damage_taken":[{"damage":8,"enemies":"2 Louse","floor":1,"turns":3},{"damage":0,"enemies":"Cultist","floor":3,"turns":3},{"damage":14,"enemies":"Small Slimes","floor":4,"turns":5},{"damage":21,"enemies":"Exordium Thugs","floor":5,"turns":2},{"damage":19,"enemies":"2 Fungi Beasts","floor":7,"turns":5},{"damage":23,"enemies":"3 Sentries","floor":8,"turns":5}],"seed_played":"-5507931794841361308","potions_obtained":[{"floor":1,"key":"SmokeBomb"},{"floor":7,"key":"EssenceOfSteel"}],"is_trial":false,"path_per_floor":["M","$","M","M","M","R","M","E"],"character_chosen":"DEFECT","items_purchased":["Compile Driver"],"campfire_rested":1,"item_purchase_floors":[2],"current_hp_per_floor":[56,56,56,42,21,42,23,0,0],"gold":174,"neow_bonus":"RANDOM_COLORLESS_2","is_daily":false,"chose_seed":false,"campfire_upgraded":0,"win_rate":0.0,"timestamp":1610868268,"path_taken":["M","$","M","M","M","R","M","E"],"items_purchased_type":["Card"],"build_version":"2020-12-22","purchased_purges":1,"victory":false,"max_hp_per_floor":[71,71,71,71,71,71,71,71,71],"relic_stats":{"counters":[6,23],"obtain_stats":[{"Cracked Core":0},{"Cracked Core":0},{"Cracked Core":0}]},"card_choices":[{"not_picked":["Secret Technique","Master of Strategy"],"picked":"HandOfGreed","floor":0},{"not_picked":["Rip and Tear","Go for the Eyes"],"picked":"Recycle","floor":1},{"not_picked":["Beam Cell","Ball Lightning"],"picked":"Doom and Gloom","floor":3},{"not_picked":["Static Discharge","Sweeping Beam"],"picked":"Hologram","floor":4},{"not_picked":["Darkness","Ball Lightning"],"picked":"Compile Driver","floor":7}],"player_experience":1582135,"relics_obtained":[],"event_choices":[],"is_beta":false,"boss_relics":[],"items_purged_floors":[2],"is_endless":false,"potions_floor_spawned":[1,7],"killed_by":"3 Sentries","ascension_level":17}}