{"host":"a99cgagtsic7fuyb","time":1610884483,"event":{"mods":["BaseMod","Downfall","Hermit","Lobotomy","Minty Spire (QoL Compilation)","StSLib","The Cursed"],"gold_per_floor":[114,289,304,304,319,349,349,364,364,364,379,394,394,12,12,112,112,127,127,127,127,127,127,27,27,27,27,42,57,57,72,72,172,172,187,1186,1223,847,862,862,862,862],"floor_reached":40,"language":"ZHS","playtime":3172,"items_purged":["Doubt","Decay","Normality"],"score":409,"play_id":"3b6d69b9-731c-4382-8044-17483e5dd338","local_time":"20210117195443","daily_mods":["Chimera","downfall:Jewelcrafting","downfall:Enraging"],"is_ascension_mode":false,"campfire_choices":[{"floor":13,"key":"REST"},{"data":"hexamod:HexaLevel","floor":23,"key":"SMITH"},{"data":"hexamod:BurningTouch","floor":25,"key":"SMITH"},{"data":"hexamod:GhostflameBarrier","floor":27,"key":"SMITH"},{"floor":32,"key":"REST"}],"circlet_count":0,"master_deck":["Bash","Survivor","Zap","Strike_R+1","Strike_G+1","Strike_B+1","Defend_R+1","Defend_G+1","Defend_P+1","Guardian:ExploitGems","Guardian:ExploitGems","hexamod:VolcanoVisage+1","hexamod:GhostflameBarrier+1","hexamod:RecurringNightmare","hexamod:EmpoweredFlame","hexamod:ApocalypseNow","Guardian:Gem_Orange","hexamod:HexaLevel+1","CurseOfTheBell","hexamod:FourthSeal","hexamod:BurningTouch+1","hexamod:SoulSteal","hexamod:PowerFromBeyond","hexamod:BurningTouch+1","hexamod:WildfireWeapon","Normality","hexamod:PowerFromBeyond","hexamod:Hexaguard","hexamod:UnleashSpirits"],"relics":["hexamod:SpiritBrand","Guardian:PickAxe","Question Card","Letter Opener","Ancient Tea Set","Calling Bell","sneckomod:BlankCard","StrikeDummy","Thread and Needle","Meat on the Bone","bronze:DecasWashers","Regal Pillow","StoneCalendar","Membership Card","Blood Vial"],"acts_visited":["Exordium","TheCity","TheBeyond"],"potions_floor_usage":[8,8,12,16,33,33,35,35,37,38,39,40,40,40],"damage_taken":[{"damage":0,"enemies":"2 Louse","floor":1,"turns":3},{"damage":0,"enemies":"Cultist","floor":3,"turns":3},{"damage":0,"enemies":"Small Slimes","floor":5,"turns":2},{"damage":6,"enemies":"3 Sentries","floor":6,"turns":7},{"damage":12,"enemies":"Looter","floor":8,"turns":4},{"damage":5,"enemies":"2 Fungi Beasts","floor":11,"turns":4},{"damage":0,"enemies":"Large Slime","floor":12,"turns":4},{"damage":64,"enemies":"Slime Boss","floor":16,"turns":10},{"damage":16,"enemies":"Spheric Guardian","floor":18,"turns":5},{"damage":0,"enemies":"Chosen","floor":28,"turns":3},{"damage":9,"enemies":"3 Cultists","floor":29,"turns":4},{"damage":1,"enemies":"Snake Plant","floor":31,"turns":4},{"damage":20,"enemies":"Automaton","floor":33,"turns":10},{"damage":28,"enemies":"3 Darklings","floor":35,"turns":6},{"damage":27,"enemies":"2 Orb Walkers","floor":37,"turns":4},{"damage":3,"enemies":"3 Shapes","floor":39,"turns":5},{"damage":64,"enemies":"Reptomancer","floor":40,"turns":3}],"seed_played":"7372172642885907109","potions_obtained":[{"floor":6,"key":"GamblersBrew"},{"floor":8,"key":"EntropicBrew"},{"floor":11,"key":"SmokeBomb"},{"floor":28,"key":"Fire Potion"},{"floor":31,"key":"EssenceOfSteel"},{"floor":31,"key":"Block Potion"},{"floor":33,"key":"Fire Potion"},{"floor":35,"key":"Weak Potion"},{"floor":37,"key":"EntropicBrew"},{"floor":37,"key":"SkillPotion"},{"floor":39,"key":"Weak Potion"}],"is_trial":false,"path_per_floor":["M","?","M","?","M","E","R","M","T","R","M","M","R","$","R","B",null,"M","?","?","?","T","R","$","R","T","R","M","M","T","M","R","B",null,"M","?","?","$","M","E"],"character_chosen":"THE_SPIRIT","items_purchased":["hexamod:ApocalypseNow","Ancient Tea Set","Membership Card","Blood Vial","hexamod:Hexaguard"],"campfire_rested":2,"item_purchase_floors":[14,14,38,38,38],"current_hp_per_floor":[70,70,70,70,70,64,64,52,52,52,47,47,68,68,68,4,70,54,54,54,54,54,54,54,54,54,54,54,45,45,44,70,50,70,42,42,27,27,40,0,0,0],"gold":862,"neow_bonus":"","is_daily":true,"chose_seed":false,"campfire_upgraded":3,"win_rate":0.0,"timestamp":1610884483,"path_taken":["M","?","M","?","?","E","R","M","T","R","M","M","R","$","R","BOSS","M","?","?","?","?","R","?","R","T","R","M","M","?","?","R","BOSS","M","?","?","$","M","E"],"items_purchased_type":["Card","Relic","Relic","Relic","Card"],"build_version":"2020-12-22","purchased_purges":3,"victory":false,"max_hp_per_floor":[70,70,70,70,70,70,70,70,70,70,70,70,70,70,70,70,70,70,70,70,70,70,70,70,70,70,70,70,70,70,70,70,70,70,70,70,70,70,70,70,70,70],"card_choices":[{"not_picked":["hexamod:SpectersWail","hexamod:ThermalTransfer","hexamod:HeatMetal"],"picked":"SKIP","floor":1},{"not_picked":["hexamod:SecondSeal","hexamod:Firestarter"],"picked":"hexamod:VolcanoVisage","floor":3},{"not_picked":["hexamod:ThermalTransfer","hexamod:AdvancingGuard"],"picked":"hexamod:GhostflameBarrier","floor":5},{"not_picked":["hexamod:Hexaguard","hexamod:AdvancingGuard","hexamod:RainOfEmbers"],"picked":"SKIP","floor":6},{"not_picked":["hexamod:NightmareStrike","hexamod:BurningTouch","hexamod:AdvancingGuard"],"picked":"hexamod:RecurringNightmare","floor":8},{"not_picked":["hexamod:UnlimitedPower","hexamod:CatchUp","hexamod:SkipABeat"],"picked":"hexamod:EmpoweredFlame","floor":11},{"not_picked":["hexamod:HeatCrush","hexamod:HeatMetal","hexamod:AdvancingGuard","hexamod:SuperheatedStrike"],"picked":"SKIP","floor":12},{"not_picked":["hexamod:SearingWound","hexamod:TimeWarp","hexamod:GhostOfSpirePresent"],"picked":"hexamod:HexaLevel","floor":16},{"not_picked":["hexamod:NightmareGuise","hexamod:FirstSeal","hexamod:SuperheatedStrike+1","hexamod:ThermalTransfer"],"picked":"SKIP","floor":18},{"not_picked":["hexamod:FourthSeal","hexamod:FastForward+1","hexamod:ThirdSeal"],"picked":"hexamod:SoulSteal","floor":28},{"not_picked":["hexamod:SuperheatedStrike","hexamod:GhostOfSpireFuture","hexamod:BurningTouch"],"picked":"hexamod:PowerFromBeyond","floor":29},{"not_picked":["hexamod:Again+1","hexamod:ThermalTransfer","hexamod:HeatCrush+1"],"picked":"hexamod:BurningTouch+1","floor":31},{"not_picked":["hexamod:HexaLevel","hexamod:GhostOfSpirePresent","hexamod:FlameSwitch"],"picked":"hexamod:WildfireWeapon","floor":33},{"not_picked":["hexamod:Firestarter","hexamod:SuperheatedStrike","hexamod:FastForward","hexamod:SwordOfDarkness"],"picked":"SKIP","floor":35},{"not_picked":["hexamod:GhostLash+1","hexamod:BacktrackSmack+1","hexamod:SpectersWail"],"picked":"hexamod:PowerFromBeyond","floor":37},{"not_picked":["hexamod:AdvancingGuard+1","hexamod:BacktrackSmack","hexamod:HeatMetal"],"picked":"hexamod:UnleashSpirits","floor":39}],"player_experience":130942,"relics_obtained":[{"floor":6,"key":"Question Card"},{"floor":9,"key":"Letter Opener"},{"floor":17,"key":"sneckomod:BlankCard"},{"floor":17,"key":"StrikeDummy"},{"floor":17,"key":"Thread and Needle"},{"floor":22,"key":"Meat on the Bone"},{"floor":26,"key":"bronze:DecasWashers"},{"floor":30,"key":"Regal Pillow"},{"floor":37,"key":"StoneCalendar"}],"event_choices":[{"damage_healed":0,"gold_gain":175,"player_choice":"AGREE","damage_taken":0,"max_hp_gain":0,"max_hp_loss":0,"event_name":"Liars Game","floor":2,"gold_loss":0,"cards_obtained":["Doubt"]},{"damage_healed":0,"gold_gain":0,"player_choice":"Upgraded","damage_taken":0,"max_hp_gain":0,"max_hp_loss":0,"event_name":"Upgrade Shrine","floor":4,"gold_loss":0,"cards_upgraded":["hexamod:VolcanoVisage"]},{"damage_healed":0,"gold_gain":0,"player_choice":"Smashed Altar","damage_taken":0,"max_hp_gain":0,"max_hp_loss":0,"event_name":"Forgotten Altar","floor":19,"gold_loss":0,"cards_obtained":["Decay"]},{"damage_healed":0,"gold_gain":0,"cards_transformed":["Eruption","Guardian:Gem_Green"],"player_choice":"Became Test Subject","damage_taken":0,"max_hp_gain":0,"max_hp_loss":0,"event_name":"Drug Dealer","floor":20,"gold_loss":0,"cards_obtained":["hexamod:FourthSeal","hexamod:BurningTouch"]},{"damage_healed":0,"gold_gain":999,"player_choice":"Gold","damage_taken":0,"max_hp_gain":0,"max_hp_loss":0,"event_name":"MindBloom","floor":36,"gold_loss":0,"cards_obtained":["Normality","Normality"]},{"damage_healed":0,"gold_gain":0,"player_choice":"Fight","damage_taken":0,"max_hp_gain":0,"max_hp_loss":0,"event_name":"Mysterious Sphere","floor":37,"gold_loss":0}],"is_beta":false,"boss_relics":[{"not_picked":["hexamod:UnbrokenSoul","Velvet Choker"],"picked":"Calling Bell"},{"not_picked":["Philosopher\u0027s Stone","Snecko Eye","Fusion Hammer"]}],"items_purged_floors":[14,24,38],"is_endless":false,"potions_floor_spawned":[6,8,11,31,37],"killed_by":"Reptomancer","ascension_level":0}}