{"host":"r53pw7z744tg3fxg","time":1610913453,"event":{"mods":["AchievementEnabler","BaseMod","Colored Map","Colored Powertips","Highlight Path","Minty Spire (QoL Compilation)","Quick Restart","Transform Curses"],"gold_per_floor":[112,87,103,103,117,117,143,143,169,196,196,214,231,56,56,133,133,145,157,157,172,191,191,224,224,224],"floor_reached":25,"language":"ENG","playtime":780,"items_purged":[],"score":509,"play_id":"141c1133-453f-48de-b5ce-c061872b44dd","local_time":"20210117125733","is_ascension_mode":true,"campfire_choices":[{"data":"Eruption","floor":6.0,"key":"SMITH"},{"floor":8.0,"key":"REST"},{"floor":11.0,"key":"REST"},{"floor":15.0,"key":"REST"},{"floor":23.0,"key":"REST"}],"circlet_count":0,"master_deck":["AscendersBane","Strike_P+1","Strike_P","Strike_P","Strike_P","Defend_P","Defend_P","Defend_P","Defend_P","Eruption+1","Vigilance","Pray","BowlingBash","SashWhip","Prostrate","Wallop","ThirdEye","Worship","Dramatic Entrance","WheelKick","LessonLearned","FollowUp+1","SandsOfTime","Consecrate+1","ClearTheMind","CarveReality+1"],"relics":["PureWater","Orichalcum","Vajra","Bottled Flame","Black Star","Frozen Egg 2","FossilizedHelix"],"acts_visited":["Exordium","TheCity"],"potions_floor_usage":[],"damage_taken":[{"damage":0.0,"enemies":"Small Slimes","floor":1.0,"turns":3.0},{"damage":0.0,"enemies":"Cultist","floor":3.0,"turns":4.0},{"damage":0.0,"enemies":"2 Louse","floor":5.0,"turns":1.0},{"damage":35.0,"enemies":"Lagavulin","floor":7.0,"turns":4.0},{"damage":42.0,"enemies":"Gremlin Nob","floor":10.0,"turns":6.0},{"damage":8.0,"enemies":"Large Slime","floor":12.0,"turns":8.0},{"damage":0.0,"enemies":"2 Fungi Beasts","floor":13.0,"turns":2.0},{"damage":0.0,"enemies":"Slime Boss","floor":16.0,"turns":4.0},{"damage":0.0,"enemies":"2 Thieves","floor":18.0,"turns":1.0},{"damage":12.0,"enemies":"Chosen","floor":19.0,"turns":2.0},{"damage":26.0,"enemies":"Snake Plant","floor":21.0,"turns":2.0},{"damage":0.0,"enemies":"3 Cultists","floor":22.0,"turns":3.0},{"damage":47.0,"enemies":"Slavers","floor":24.0,"turns":4.0},{"damage":36,"enemies":"Shelled Parasite and Fungi","floor":25,"turns":2}],"seed_played":"1385050173965912726","potions_obtained":[{"floor":4.0,"key":"Fire Potion"},{"floor":4.0,"key":"SkillPotion"},{"floor":10.0,"key":"Explosive Potion"},{"floor":12.0,"key":"BlessingOfTheForge"},{"floor":16.0,"key":"FairyPotion"},{"floor":18.0,"key":"Weak Potion"}],"is_trial":false,"path_per_floor":["M","$","M","?","M","R","E","R","T","E","R","M","M","$","R","B",null,"M","M","$","M","M","R","E","M"],"character_chosen":"WATCHER","items_purchased":["BowlingBash","Dramatic Entrance","WheelKick"],"campfire_rested":4,"item_purchase_floors":[2,14,14],"current_hp_per_floor":[67,67,67,67,67,67,32,54,54,12,34,26,26,26,48,48,68,68,56,56,30,30,52,5,0,0],"gold":224,"neow_bonus":"TEN_PERCENT_HP_BONUS","is_daily":false,"chose_seed":false,"campfire_upgraded":1,"win_rate":0.0,"timestamp":1610913453,"path_taken":["M","$","M","?","M","R","E","R","T","E","R","M","M","?","R","BOSS","M","M","$","M","?","R","E","M"],"items_purchased_type":["Card","Card","Card"],"build_version":"2020-12-22","purchased_purges":0,"victory":false,"max_hp_per_floor":[74,74,74,74,74,74,74,74,74,74,74,74,74,74,74,74,74,74,74,74,74,74,74,74,74,74],"card_choices":[{"not_picked":["BowlingBash","Prostrate"],"picked":"Pray","floor":1.0},{"not_picked":["ClearTheMind","CrushJoints"],"picked":"SashWhip","floor":3.0},{"not_picked":["CrushJoints","Study"],"picked":"Prostrate","floor":5.0},{"not_picked":["CrushJoints","Alpha"],"picked":"Wallop","floor":7.0},{"not_picked":["LikeWater","PathToVictory"],"picked":"ThirdEye","floor":10.0},{"not_picked":["EmptyFist","Crescendo"],"picked":"Worship","floor":12.0},{"not_picked":["JustLucky","Pray","CrushJoints"],"picked":"SKIP","floor":13.0},{"not_picked":["Scrawl","Blasphemy"],"picked":"LessonLearned","floor":16.0},{"not_picked":["Halt","CrushJoints"],"picked":"FollowUp+1","floor":18.0},{"not_picked":["Wallop","ThirdEye"],"picked":"SandsOfTime","floor":19.0},{"not_picked":["Prostrate","CutThroughFate"],"picked":"Consecrate+1","floor":21.0},{"not_picked":["CutThroughFate","Halt"],"picked":"ClearTheMind","floor":22.0},{"not_picked":["FlurryOfBlows","Conclude"],"picked":"CarveReality+1","floor":24.0}],"player_experience":1290740,"relics_obtained":[{"floor":7.0,"key":"Orichalcum"},{"floor":9.0,"key":"Vajra"},{"floor":10.0,"key":"Bottled Flame"},{"floor":24.0,"key":"Frozen Egg 2"},{"floor":24.0,"key":"FossilizedHelix"}],"event_choices":[{"damage_healed":0.0,"max_hp_gain":0.0,"max_hp_loss":0.0,"gold_gain":0.0,"event_name":"Lab","player_choice":"Got Potions","floor":4.0,"gold_loss":0.0,"damage_taken":0.0}],"is_beta":false,"boss_relics":[{"not_picked":["Pandora\u0027s Box","Empty Cage"],"picked":"Black Star"}],"items_purged_floors":[],"is_endless":false,"potions_floor_spawned":[10,12,16,18,19,22],"killed_by":"Shelled Parasite and Fungi","ascension_level":16}}