{"host":"dm4yvegl9um2tlqd","time":1610877529,"event":{"mods":["2.2 Compatiblity","AchievementEnabler","BaseMod","Colored Map","DeckTracker","Highlight Path","KOR Keyword Fix","Keyboard Shortcuts","Minty Spire (QoL Compilation)","Permanent Neow","Quick Restart","Random Character Button","StSLib","SuperFastMode","everything is the same but u backflip on backflip"],"gold_per_floor":[210,28,41,41,41,65,96,96,96,96,114,135,135,153,153,153,153],"floor_reached":16,"language":"KOR","playtime":582,"items_purged":[],"score":143,"play_id":"83876b8e-3687-487b-a04d-7bc81c0ea625","local_time":"20210117185849","is_ascension_mode":true,"campfire_choices":[{"floor":8,"key":"REST"},{"data":"Concentrate","floor":10,"key":"SMITH"},{"floor":13,"key":"REST"},{"data":"Calculated Gamble","floor":15,"key":"SMITH"}],"circlet_count":0,"master_deck":["Strike_G","Strike_G","Strike_G","Strike_G","Strike_G","Defend_G","Defend_G","Defend_G","Defend_G","Defend_G","Survivor","Neutralize","Setup+1","Deadly Poison","Calculated Gamble+1","Concentrate+1","Acrobatics","Dagger Throw","Footwork","Eviscerate"],"relics":["Ring of the Snake","Bag of Preparation","Golden Idol","Matryoshka","Anchor","Boot"],"acts_visited":["Exordium"],"potions_floor_usage":[14,16],"damage_taken":[{"damage":0,"enemies":"Cultist","floor":1,"turns":4},{"damage":7,"enemies":"Jaw Worm","floor":3,"turns":6},{"damage":1,"enemies":"Small Slimes","floor":6,"turns":5},{"damage":51,"enemies":"3 Sentries","floor":7,"turns":17},{"damage":8,"enemies":"3 Louse","floor":11,"turns":4},{"damage":0,"enemies":"Blue Slaver","floor":12,"turns":3},{"damage":11,"enemies":"Looter","floor":14,"turns":3},{"damage":39,"enemies":"Slime Boss","floor":16,"turns":8}],"seed_played":"-7218701738055861789","potions_obtained":[{"floor":11,"key":"DuplicationPotion"},{"floor":12,"key":"AttackPotion"}],"is_trial":false,"path_per_floor":["M","$","M","?","?","M","E","R","T","R","M","M","R","M","R","B"],"character_chosen":"THE_SILENT","items_purchased":["Bag of Preparation","Deadly Poison"],"campfire_rested":2,"item_purchase_floors":[2,2],"current_hp_per_floor":[63,63,56,56,56,55,4,23,23,23,15,15,34,23,23,0,0],"gold":153,"neow_bonus":"HUNDRED_GOLD","is_daily":false,"chose_seed":false,"campfire_upgraded":2,"win_rate":0.0,"timestamp":1610877529,"path_taken":["M","$","M","?","?","M","E","R","T","R","M","M","R","M","R","BOSS"],"items_purchased_type":["Relic","Card"],"build_version":"2020-12-22","purchased_purges":0,"victory":false,"max_hp_per_floor":[70,70,70,70,65,65,65,65,65,65,65,65,65,65,65,65,65],"card_choices":[{"not_picked":["Outmaneuver","Skewer"],"picked":"Setup","floor":1},{"not_picked":["Dagger Throw","Infinite Blades"],"picked":"Calculated Gamble","floor":3},{"not_picked":["Endless Agony","Dagger Spray"],"picked":"Concentrate","floor":6},{"not_picked":["Prepared","Endless Agony"],"picked":"Acrobatics","floor":7},{"not_picked":["Deflect","PiercingWail"],"picked":"Dagger Throw","floor":11},{"not_picked":["Dagger Throw","Prepared"],"picked":"Footwork","floor":12},{"not_picked":["Night Terror","Dagger Spray"],"picked":"Eviscerate","floor":14}],"player_experience":66130,"relics_obtained":[{"floor":7,"key":"Matryoshka"},{"floor":9,"key":"Anchor"},{"floor":9,"key":"Boot"}],"event_choices":[{"damage_healed":0,"gold_gain":0,"player_choice":"Grow","damage_taken":0,"max_hp_gain":0,"max_hp_loss":0,"event_name":"Living Wall","floor":4,"gold_loss":0,"cards_upgraded":["Setup"]},{"damage_healed":0,"gold_gain":0,"player_choice":"Lose Max HP","damage_taken":0,"relics_obtained":["Golden Idol"],"max_hp_gain":0,"max_hp_loss":5,"event_name":"Golden Idol","floor":5,"gold_loss":0}],"is_beta":false,"boss_relics":[],"items_purged_floors":[],"is_endless":false,"potions_floor_spawned":[11,12],"killed_by":"Slime Boss","ascension_level":8}}