{"host":"szp1d6dso4pv7ddl","time":1610909072,"event":{"mods":["AchievementEnabler","Alarm Clock","BaseMod","Bestiary","Block Reminder","Colored Map","Colored Powertips","Curses Come First","Dark Map","Displayed Cursed Tome","Highlight Path","Minty Spire (QoL Compilation)","Permanent Neow","Quick Restart","Relic Sorter","Relic Stats","StSLib","Synergy Search"],"gold_per_floor":[368,378,553,138,104,135,135,169,169,169,180,194,9,20,20,124,124,142,162,71,170,170,170,203,203,203,203,236,250,165,193,193,290,290,305,305,323,341,391,391,391,200,200,230,66,66,66],"floor_reached":46,"language":"ENG","playtime":3166,"items_purged":["Doubt","Force Field+1","Cold Snap","Defend_B"],"score":793,"play_id":"ad8431c5-b79e-4e78-b952-21c2d2b68854","local_time":"20210117104432","is_ascension_mode":true,"campfire_choices":[{"floor":10,"key":"REST"},{"floor":15,"key":"REST"},{"data":"Defragment","floor":23,"key":"SMITH"},{"floor":25,"key":"REST"},{"data":"Biased Cognition","floor":32,"key":"SMITH"},{"data":"Biased Cognition","floor":40,"key":"SMITH"}],"circlet_count":0,"master_deck":["AscendersBane","Defend_B","Defend_B","Zap","Dualcast","FTL","Swift Strike","Electrodynamics","Go for the Eyes","BootSequence","Defragment+1","Redo","Reboot","Undo+1","Redo","Self Repair","Biased Cognition+1","Scrape","Biased Cognition+1","Static Discharge+1","Reinforced Body","Biased Cognition+1","Melter","Tempest+1","BootSequence+1","Lockon"],"relics":["Cracked Core","Ornamental Fan","Pocketwatch","Art of War","Bronze Scales","HornCleat","Membership Card","Astrolabe","Meat on the Bone","Frozen Egg 2","Singing Bowl","DataDisk","Black Star","StoneCalendar","Pantograph","Toxic Egg 2","Bag of Preparation","White Beast Statue"],"acts_visited":["Exordium","TheCity","TheBeyond"],"potions_floor_usage":[6,8,19,28,33,39,44],"damage_taken":[{"damage":0,"enemies":"2 Louse","floor":1,"turns":2},{"damage":7,"enemies":"Jaw Worm","floor":2,"turns":3},{"damage":18,"enemies":"Lagavulin","floor":6,"turns":6},{"damage":11,"enemies":"3 Sentries","floor":8,"turns":4},{"damage":8,"enemies":"Small Slimes","floor":11,"turns":2},{"damage":5,"enemies":"2 Fungi Beasts","floor":12,"turns":2},{"damage":0,"enemies":"3 Louse","floor":14,"turns":1},{"damage":28,"enemies":"Slime Boss","floor":16,"turns":7},{"damage":0,"enemies":"3 Byrds","floor":18,"turns":3},{"damage":8,"enemies":"2 Thieves","floor":19,"turns":3},{"damage":38,"enemies":"Slavers","floor":24,"turns":4},{"damage":7,"enemies":"Book of Stabbing","floor":28,"turns":4},{"damage":3,"enemies":"Centurion and Healer","floor":29,"turns":7},{"damage":19,"enemies":"Gremlin Leader","floor":31,"turns":5},{"damage":47,"enemies":"Champ","floor":33,"turns":11},{"damage":7,"enemies":"3 Shapes","floor":35,"turns":3},{"damage":0,"enemies":"3 Darklings","floor":37,"turns":3},{"damage":22,"enemies":"Writhing Mass","floor":38,"turns":6},{"damage":1,"enemies":"Mind Bloom Boss Battle","floor":39,"turns":6},{"damage":95,"enemies":"Reptomancer","floor":44,"turns":7},{"damage":23,"enemies":"Spire Growth","floor":46,"turns":3}],"seed_played":"6249615151117740156","potions_obtained":[{"floor":1,"key":"SpeedPotion"},{"floor":2,"key":"BlessingOfTheForge"},{"floor":6,"key":"FairyPotion"},{"floor":16,"key":"LiquidMemories"},{"floor":18,"key":"Regen Potion"},{"floor":29,"key":"CultistPotion"},{"floor":33,"key":"EssenceOfDarkness"},{"floor":35,"key":"Explosive Potion"},{"floor":37,"key":"Swift Potion"}],"is_trial":false,"path_per_floor":["M","M","?","$","?","E","?","E","T","R","M","M","$","M","R","B",null,"M","M","$","?","?","R","E","R","T","?","E","M","?","E","R","B",null,"M","?","M","M","?","R","?","$","T","E","$","M"],"character_chosen":"DEFECT","items_purchased":["Ornamental Fan","Swift Strike","Membership Card","Defragment","Self Repair","Pantograph","Strength Potion","Weak Potion","Lockon"],"campfire_rested":3,"item_purchase_floors":[4,4,13,13,20,42,45,45,45],"current_hp_per_floor":[50,43,43,43,43,25,18,7,7,29,21,16,16,16,38,10,59,59,60,60,60,60,60,29,51,51,51,51,55,55,55,55,27,63,58,58,60,57,63,63,63,63,63,22,22,0,0],"gold":66,"neow_bonus":"TWO_FIFTY_GOLD","is_daily":false,"chose_seed":false,"campfire_upgraded":3,"win_rate":0.0,"timestamp":1610909072,"path_taken":["M","M","?","$","?","E","?","E","T","R","M","M","$","M","R","BOSS","M","M","$","?","?","R","E","R","T","?","E","M","?","E","R","BOSS","M","?","M","?","?","R","?","?","T","E","$","?"],"items_purchased_type":["Relic","Card","Relic","Card","Card","Relic","Potion","Potion","Card"],"build_version":"2020-12-22","purchased_purges":4,"victory":false,"max_hp_per_floor":[75,75,75,75,75,75,75,75,75,75,75,75,75,75,75,75,75,75,75,75,75,75,75,75,75,75,75,75,75,75,75,75,75,75,77,77,79,79,79,79,79,79,79,79,79,79,79],"relic_stats":{"Singing Bowl":4,"counters":[21,92],"Astrolabe":["White Noise","Force Field","Undo"],"StoneCalendar":[74],"Bag of Preparation":[2],"Ornamental Fan":[64],"Bronze Scales":[241],"Pantograph":0,"Art of War":[12],"Black Star":1,"obtain_stats":[{"Singing Bowl":30,"Astrolabe":17,"StoneCalendar":39,"Bag of Preparation":44,"Frozen Egg 2":28,"White Beast Statue":44,"DataDisk":31,"HornCleat":9,"Ornamental Fan":4,"Bronze Scales":8,"Pantograph":42,"Art of War":7,"Black Star":34,"Membership Card":13,"Toxic Egg 2":43,"Cracked Core":0,"Pocketwatch":6,"Meat on the Bone":24},{"Singing Bowl":13,"Astrolabe":8,"StoneCalendar":19,"Bag of Preparation":20,"Frozen Egg 2":12,"White Beast Statue":20,"DataDisk":14,"HornCleat":4,"Ornamental Fan":2,"Bronze Scales":4,"Pantograph":19,"Art of War":3,"Black Star":15,"Membership Card":6,"Toxic Egg 2":19,"Cracked Core":0,"Pocketwatch":3,"Meat on the Bone":11},{"Singing Bowl":48,"Astrolabe":27,"StoneCalendar":82,"Bag of Preparation":89,"Frozen Egg 2":41,"White Beast Statue":89,"DataDisk":53,"HornCleat":15,"Ornamental Fan":5,"Bronze Scales":15,"Pantograph":82,"Art of War":11,"Black Star":64,"Membership Card":19,"Toxic Egg 2":82,"Cracked Core":0,"Pocketwatch":11,"Meat on the Bone":37}],"Pocketwatch":[67],"Meat on the Bone":48},"card_choices":[{"not_picked":["Blizzard","Sunder"],"picked":"FTL","floor":1},{"not_picked":["Cold Snap","Aggregate"],"picked":"Sweeping Beam","floor":2},{"not_picked":["Compile Driver","Blizzard"],"picked":"Electrodynamics","floor":6},{"not_picked":["Streamline","Undo"],"picked":"Cold Snap","floor":8},{"not_picked":["Storm","Streamline"],"picked":"Go for the Eyes","floor":11},{"not_picked":["Redo","Beam Cell"],"picked":"BootSequence","floor":12},{"not_picked":["Gash","Consume"],"picked":"Redo","floor":14},{"not_picked":["Buffer","Creative AI"],"picked":"Reboot","floor":16},{"not_picked":["Reprogram","Stack+1","Coolheaded"],"picked":"SKIP","floor":18},{"not_picked":["Beam Cell","Turbo"],"picked":"Redo","floor":19},{"not_picked":["Ball Lightning","Consume"],"picked":"Biased Cognition","floor":24},{"not_picked":["Undo","Fusion"],"picked":"Static Discharge+1","floor":28},{"not_picked":["Auto Shields+1","Barrage","Stack+1"],"picked":"SKIP","floor":29},{"not_picked":["Compile Driver+1","Fusion+1"],"picked":"Reinforced Body","floor":31},{"not_picked":["Creative AI+1","Hyperbeam"],"picked":"Biased Cognition+1","floor":33},{"not_picked":["Turbo+1","BootSequence","Rebound+1"],"picked":"Singing Bowl","floor":35},{"not_picked":["Stack","Genetic Algorithm","Go for the Eyes"],"picked":"Singing Bowl","floor":37},{"not_picked":["FTL","Recycle"],"picked":"Melter","floor":38},{"not_picked":["Gash","Cold Snap"],"picked":"Tempest+1","floor":39},{"not_picked":["Hologram+1","Skim+1"],"picked":"BootSequence+1","floor":44}],"player_experience":1201796,"relics_obtained":[{"floor":6,"key":"Pocketwatch"},{"floor":8,"key":"Bronze Scales"},{"floor":9,"key":"HornCleat"},{"floor":24,"key":"Meat on the Bone"},{"floor":28,"key":"Frozen Egg 2"},{"floor":31,"key":"DataDisk"},{"floor":39,"key":"StoneCalendar"},{"floor":43,"key":"Toxic Egg 2"},{"floor":44,"key":"Bag of Preparation"},{"floor":44,"key":"White Beast Statue"}],"event_choices":[{"damage_healed":0,"gold_gain":175,"player_choice":"AGREE","damage_taken":0,"max_hp_gain":0,"max_hp_loss":0,"event_name":"Liars Game","floor":3,"gold_loss":0,"cards_obtained":["Doubt"]},{"damage_healed":0,"gold_gain":0,"player_choice":"Left Gold","damage_taken":0,"max_hp_gain":0,"max_hp_loss":0,"event_name":"World of Goop","floor":5,"gold_loss":34},{"damage_healed":0,"gold_gain":0,"player_choice":"Success","damage_taken":7,"relics_obtained":["Art of War"],"max_hp_gain":0,"max_hp_loss":0,"event_name":"Scrap Ooze","floor":7,"gold_loss":0},{"damage_healed":0,"gold_gain":99,"player_choice":"Stole From Cult","damage_taken":0,"max_hp_gain":0,"max_hp_loss":0,"event_name":"Nest","floor":21,"gold_loss":0},{"cards_removed":["Strike_B"],"damage_healed":0,"gold_gain":0,"player_choice":"Elegance","damage_taken":0,"max_hp_gain":0,"max_hp_loss":0,"event_name":"Back to Basics","floor":22,"gold_loss":0},{"damage_healed":0,"gold_gain":0,"cards_transformed":["Strike_B","White Noise"],"player_choice":"Became Test Subject","damage_taken":0,"max_hp_gain":0,"max_hp_loss":0,"event_name":"Drug Dealer","floor":27,"gold_loss":0,"cards_obtained":["Scrape","Biased Cognition"]},{"damage_healed":0,"gold_gain":0,"player_choice":"Obtained Relic","damage_taken":0,"relics_obtained":["Singing Bowl"],"max_hp_gain":0,"max_hp_loss":0,"event_name":"Addict","floor":30,"gold_loss":85},{"damage_healed":0,"gold_gain":0,"player_choice":"Ignored","damage_taken":0,"max_hp_gain":0,"max_hp_loss":0,"event_name":"SecretPortal","floor":36,"gold_loss":0},{"damage_healed":0,"gold_gain":0,"player_choice":"Fight","damage_taken":0,"max_hp_gain":0,"max_hp_loss":0,"event_name":"MindBloom","floor":39,"gold_loss":0},{"cards_removed":["Sweeping Beam"],"damage_healed":0,"gold_gain":0,"player_choice":"Removed Attack","damage_taken":0,"max_hp_gain":0,"max_hp_loss":0,"event_name":"Falling","floor":41,"gold_loss":0}],"is_beta":false,"boss_relics":[{"not_picked":["SacredBark","Tiny House"],"picked":"Astrolabe"},{"not_picked":["Runic Dome","Busted Crown"],"picked":"Black Star"}],"items_purged_floors":[4,20,42,45],"is_endless":false,"potions_floor_spawned":[1,2,6,16,18,29,33,35,37,38],"killed_by":"Spire Growth","ascension_level":10}}