{"host":"mku5fdaoqz3qihec","time":1610863792,"event":{"mods":["2.2 Compatiblity","AchievementEnabler","Arknights The Spire","BaseMod","Colored Map","Colored Powertips","Minty Spire (QoL Compilation)","Rare Cards Sparkle","StSLib","SuperFastMode"],"gold_per_floor":[114,134,148,148,166,166,91,91,115,115,135,146,175,4,4,105,105,115,135,335,345,360,360,360],"floor_reached":23,"language":"KOR","playtime":804,"items_purged":["ats:Strike C","ats:Strike S"],"score":195,"play_id":"d62604b0-a4d0-403f-bc2d-d5f49aaad038","local_time":"20210117150952","is_ascension_mode":false,"campfire_choices":[{"data":"ats:Revitalization","floor":6.0,"key":"SMITH"},{"data":"ats:Emotion Absorption","floor":8.0,"key":"SMITH"},{"data":"ats:Armor Crushing Shot","floor":10.0,"key":"SMITH"},{"data":"ats:Composite Medical Shells","floor":15.0,"key":"SMITH"}],"circlet_count":0,"master_deck":["ats:Strike G+1","ats:Strike V+1","ats:Armor Crushing Shot+1","ats:Defend","ats:Defend","ats:Defend","ats:Defend","ats:Emotion Absorption+1","ats:Composite Medical Shells+1","ats:Curse Doll","ats:Revitalization+1","ats:Leaping Hammer","ats:Healing Strengthening","ats:Healing Drone","ats:Nebulous Foxfire","ats:Healing Strengthening","ats:Calcification","ats:Revitalization"],"relics":["ats:Sanity Plus","NeowsBlessing","Nunchaku","ats:Originium","Regal Pillow"],"acts_visited":["Exordium","TheCity"],"potions_floor_usage":[23,23],"damage_taken":[{"damage":0.0,"enemies":"Jaw Worm","floor":1.0,"turns":1.0},{"damage":0.0,"enemies":"Cultist","floor":2.0,"turns":1.0},{"damage":0.0,"enemies":"Small Slimes","floor":3.0,"turns":1.0},{"damage":18.0,"enemies":"Exordium Wildlife","floor":5.0,"turns":4.0},{"damage":17.0,"enemies":"3 Louse","floor":11.0,"turns":5.0},{"damage":8.0,"enemies":"Red Slaver","floor":12.0,"turns":8.0},{"damage":49.0,"enemies":"3 Sentries","floor":13.0,"turns":8.0},{"damage":41.0,"enemies":"The Guardian","floor":16.0,"turns":12.0},{"damage":52.0,"enemies":"Chosen","floor":18.0,"turns":7.0},{"damage":48,"enemies":"Spheric Guardian","floor":19,"turns":8},{"damage":45,"enemies":"Snake Plant","floor":21,"turns":6},{"damage":54,"enemies":"3 Cultists","floor":22,"turns":5},{"damage":151,"enemies":"Book of Stabbing","floor":23,"turns":10}],"seed_played":"1440084794963113438","potions_obtained":[{"floor":11.0,"key":"Strength Potion"},{"floor":12.0,"key":"EntropicBrew"},{"floor":16.0,"key":"LiquidMemories"}],"is_trial":false,"path_per_floor":["M","M","M","?","M","R","$","R","T","R","M","M","E","$","R","B",null,"M","M","?","M","M","E"],"character_chosen":"DOCTOR_CLASS","items_purchased":["ats:Healing Strengthening"],"campfire_rested":0,"item_purchase_floors":[14],"current_hp_per_floor":[72,72,72,58,43,43,43,43,43,43,38,46,37,37,37,72,72,66,70,70,72,60,0,0],"gold":360,"neow_bonus":"THREE_ENEMY_KILL","is_daily":false,"chose_seed":false,"campfire_upgraded":4,"win_rate":0.0,"timestamp":1610863792,"path_taken":["M","M","M","?","M","R","$","R","T","R","M","M","E","$","R","BOSS","M","M","?","M","M","E"],"items_purchased_type":["Card"],"build_version":"2020-12-22","purchased_purges":2,"victory":false,"max_hp_per_floor":[72,72,72,72,72,72,72,72,72,72,72,72,72,72,72,72,72,72,72,72,72,72,72,72],"card_choices":[{"not_picked":["ats:Hammer On","ats:Cat Scratch"],"picked":"ats:Composite Medical Shells","floor":1.0},{"not_picked":["ats:Hammer On","ats:Defend Order"],"picked":"ats:Curse Doll","floor":2.0},{"not_picked":["ats:Thermite Blade","ats:Cat Scratch"],"picked":"ats:Revitalization","floor":3.0},{"not_picked":["ats:Rapid Magazine","ats:Childhood Dance"],"picked":"ats:Leaping Hammer","floor":5.0},{"not_picked":["ats:Defend Order","ats:Encircling Forest"],"picked":"ats:Healing Strengthening","floor":11.0},{"not_picked":["ats:Blood Oath","ats:Childhood Dance"],"picked":"ats:Healing Drone","floor":12.0},{"not_picked":["ats:Revitalization","ats:Ignite"],"picked":"ats:Nebulous Foxfire","floor":13.0},{"not_picked":["ats:Shadow Assault","ats:Roar Of Ursus"],"picked":"ats:Calcification","floor":16.0},{"not_picked":["ats:Assault Order+1","ats:Blood Oath","ats:Automatic Cover"],"picked":"SKIP","floor":18},{"not_picked":["ats:Thorns","ats:Leaping Hammer"],"picked":"ats:Revitalization","floor":19},{"not_picked":["ats:Red Shift+1","ats:Defend Order","ats:Hook Shot"],"picked":"SKIP","floor":21},{"not_picked":["ats:Assault Order","ats:Demon Strength+1","ats:Sword Rain"],"picked":"SKIP","floor":22}],"player_experience":248466,"relics_obtained":[{"floor":9.0,"key":"Nunchaku"},{"floor":13.0,"key":"ats:Originium"},{"floor":13.0,"key":"Regal Pillow"}],"event_choices":[{"damage_healed":0.0,"max_hp_gain":0.0,"max_hp_loss":0.0,"gold_gain":0.0,"event_name":"Shining Light","player_choice":"Entered Light","floor":4.0,"gold_loss":0.0,"damage_taken":14.0,"cards_upgraded":["ats:Strike V","ats:Strike G"]},{"damage_healed":0,"gold_gain":200,"player_choice":"Gold","damage_taken":0,"max_hp_gain":0,"max_hp_loss":0,"event_name":"Wheel of Change","floor":20,"gold_loss":0}],"is_beta":false,"boss_relics":[{"not_picked":["SacredBark","Snecko Eye"],"picked":"ats:Sanity Plus"}],"items_purged_floors":[7,14],"is_endless":false,"potions_floor_spawned":[11,12,16,19],"killed_by":"Book of Stabbing","ascension_level":0}}