{"host":"oytjgf0lma69qpzi","time":1610908164,"event":{"mods":["BaseMod","Colored Powertips","DeckTracker","Minty Spire (QoL Compilation)","Quick Restart"],"gold_per_floor":[116,216,54,64,84,113,113,130,181,219,231,243,269,281,293,406,418,446,458,470,495,507,548,560,671,708,720,832,844,844],"floor_reached":29,"language":"ENG","playtime":1010,"items_purged":["Strike_B"],"score":286,"play_id":"d686b147-e7b2-42b6-bc74-15b9316cc010","local_time":"20210117192924","is_ascension_mode":true,"campfire_choices":[{"data":"Dualcast","floor":7,"key":"SMITH"},{"data":"Rainbow","floor":11,"key":"SMITH"},{"data":"Redo","floor":15,"key":"SMITH"},{"data":"Zap","floor":24,"key":"SMITH"}],"circlet_count":0,"master_deck":["Strike_B","Strike_B","Strike_B","Defend_B","Defend_B","Defend_B","Defend_B","Zap+1","Dualcast+1","Cold Snap","Chaos","Cold Snap","Conserve Battery","Chaos","Barrage","Rainbow+1","Redo+1","Barrage+1","BootSequence","Glacier"],"relics":["Cracked Core","NeowsBlessing","Symbiotic Virus","MawBank","Bronze Scales","Nuclear Battery","Bird Faced Urn","Lantern","StoneCalendar","Peace Pipe","Bottled Flame"],"acts_visited":["Exordium","TheCity"],"potions_floor_usage":[6,6,16,23,23,29],"damage_taken":[{"damage":0,"enemies":"Small Slimes","floor":1,"turns":1},{"damage":0,"enemies":"Cultist","floor":4,"turns":1},{"damage":0,"enemies":"Jaw Worm","floor":5,"turns":1},{"damage":12,"enemies":"Lagavulin","floor":6,"turns":5},{"damage":4,"enemies":"Looter","floor":8,"turns":2},{"damage":19,"enemies":"Gremlin Nob","floor":10,"turns":5},{"damage":7,"enemies":"2 Fungi Beasts","floor":13,"turns":2},{"damage":31,"enemies":"The Guardian","floor":16,"turns":9},{"damage":2,"enemies":"Chosen","floor":18,"turns":4},{"damage":17,"enemies":"2 Thieves","floor":21,"turns":3},{"damage":18,"enemies":"Book of Stabbing","floor":23,"turns":5},{"damage":10,"enemies":"Colosseum Slavers","floor":28,"turns":3},{"damage":19,"enemies":"Colosseum Nobs","floor":28,"turns":4},{"damage":4,"enemies":"Cultist and Chosen","floor":29,"turns":4}],"seed_played":"-1770327730756906091","potions_obtained":[{"floor":4,"key":"Regen Potion"},{"floor":5,"key":"Fire Potion"},{"floor":13,"key":"SteroidPotion"},{"floor":16,"key":"FocusPotion"},{"floor":21,"key":"Regen Potion"},{"floor":28,"key":"Ancient Potion"}],"is_trial":false,"path_per_floor":["M","?","$","M","M","E","R","M","T","E","R","$","M","?","R","B",null,"M","?","?","M","$","E","R","?","T","T","?","M"],"character_chosen":"DEFECT","items_purchased":["Chaos","Cold Snap"],"campfire_rested":0,"item_purchase_floors":[3,3],"current_hp_per_floor":[75,75,75,75,75,70,70,66,66,47,47,47,40,65,65,34,75,73,73,59,42,42,33,33,33,33,33,4,0,0],"gold":844,"neow_bonus":"THREE_ENEMY_KILL","is_daily":false,"chose_seed":false,"campfire_upgraded":4,"win_rate":0.0,"timestamp":1610908164,"path_taken":["M","?","$","M","M","E","R","M","T","E","R","?","?","?","R","BOSS","M","?","?","M","$","E","R","?","T","?","?","?"],"items_purchased_type":["Card","Card"],"build_version":"2020-12-22","purchased_purges":1,"victory":false,"max_hp_per_floor":[75,75,75,75,75,75,75,75,75,75,75,75,75,75,75,75,75,75,75,80,80,80,80,80,80,80,80,80,80,80],"card_choices":[{"not_picked":["Coolheaded","Stack"],"picked":"Cold Snap","floor":1},{"not_picked":["Compile Driver","Stack","Steam"],"picked":"SKIP","floor":4},{"not_picked":["Darkness","Auto Shields"],"picked":"Conserve Battery","floor":5},{"not_picked":["Cold Snap","Reprogram"],"picked":"Chaos","floor":6},{"not_picked":["Stack","Self Repair"],"picked":"Barrage","floor":8},{"not_picked":["Heatsinks","Tempest"],"picked":"Rainbow","floor":10},{"not_picked":["Compile Driver","Hello World"],"picked":"Redo","floor":13},{"not_picked":["Force Field+1","White Noise"],"picked":"Barrage+1","floor":18},{"not_picked":["Doom and Gloom","Double Energy"],"picked":"BootSequence","floor":21},{"not_picked":["Rainbow","Steam Power+1","Force Field"],"picked":"SKIP","floor":23},{"not_picked":["Gash","Hologram"],"picked":"Glacier","floor":28}],"player_experience":202961,"relics_obtained":[{"floor":6,"key":"Symbiotic Virus"},{"floor":9,"key":"MawBank"},{"floor":10,"key":"Bronze Scales"},{"floor":23,"key":"Bird Faced Urn"},{"floor":26,"key":"Lantern"},{"floor":27,"key":"StoneCalendar"},{"floor":28,"key":"Peace Pipe"},{"floor":28,"key":"Bottled Flame"}],"event_choices":[{"damage_healed":0,"gold_gain":100,"player_choice":"Pray","damage_taken":0,"max_hp_gain":0,"max_hp_loss":0,"event_name":"Golden Shrine","floor":2,"gold_loss":0},{"damage_healed":25,"gold_gain":0,"player_choice":"Banana","damage_taken":0,"max_hp_gain":0,"max_hp_loss":0,"event_name":"Big Fish","floor":14,"gold_loss":0},{"damage_healed":0,"gold_gain":0,"player_choice":"Ignored","damage_taken":0,"max_hp_gain":0,"max_hp_loss":0,"event_name":"Ghosts","floor":19,"gold_loss":0},{"damage_healed":0,"gold_gain":0,"player_choice":"Shed Blood","damage_taken":19,"max_hp_gain":5,"max_hp_loss":0,"event_name":"Forgotten Altar","floor":20,"gold_loss":0},{"damage_healed":0,"gold_gain":99,"player_choice":"Stole From Cult","damage_taken":0,"max_hp_gain":0,"max_hp_loss":0,"event_name":"Nest","floor":25,"gold_loss":0},{"damage_healed":0,"gold_gain":0,"player_choice":"Fight","damage_taken":0,"max_hp_gain":0,"max_hp_loss":0,"event_name":"Colosseum","floor":28,"gold_loss":0},{"damage_healed":0,"gold_gain":0,"player_choice":"Fought Nobs","damage_taken":0,"max_hp_gain":0,"max_hp_loss":0,"event_name":"Colosseum","floor":28,"gold_loss":0}],"is_beta":false,"boss_relics":[{"not_picked":["Busted Crown","Runic Pyramid"],"picked":"Nuclear Battery"}],"items_purged_floors":[3],"is_endless":false,"potions_floor_spawned":[4,5,13,16,21,28,28],"killed_by":"Cultist and Chosen","ascension_level":3}}