{"host":"y4sghvfd0ewtcchd","time":1610909484,"event":{"mods":["Aspiration","BaseMod","Better Debug","Better Note","Better Third Choice","BetterRewards","Block Reminder","Colored Map","Colored Powertips","Highlight Path","Hubris","Infinite Spire","Minty Spire (QoL Compilation)","Relic Sorter","Relic Stats","Replay The Spire","Robot Space Explorer","Shop Mod","Spicy Shops","StSLib","The Jungle","The Saiyan"],"gold_per_floor":[113,133,150,150,167,167,198,209,234,253,285,299,328,65,65,143,143,161,161,161,1,1,1,31,31,31,64,64,77,106,123,123,200,200,223,80,102,124,75,112,136,180,180,180,204,247,247,275,275,275,275,275,275,275,525,587,587],"floor_reached":58,"language":"ENG","playtime":4288,"items_purged":["Pride","Reboot+1"],"score":3292,"play_id":"f6a208a9-c705-420b-b0bb-ddfffd0d0f73","local_time":"20210117215124","is_ascension_mode":true,"campfire_choices":[{"data":"hubris:EnhanceAbility","floor":6.0,"key":"SMITH"},{"data":"hubris:PowerSurge","floor":15.0,"key":"SMITH"},{"data":"hubris:PowerSurge","floor":23.0,"key":"SMITH"},{"floor":25.0,"key":"REST"},{"data":"hubris:Ukulele","floor":28.0,"key":"SMITH"},{"data":"Static Discharge","floor":32.0,"key":"SMITH"},{"data":"FIFO Queue","floor":44.0,"key":"SMITH"},{"floor":47.0,"key":"RECALL"},{"data":"Reboot","floor":51.0,"key":"SMITH"},{"data":"hubris:Ukulele","floor":54.0,"key":"SMITH"}],"circlet_count":0,"master_deck":["AscendersBane","Strike_B","Strike_B","Strike_B","Strike_B","Defend_B","Defend_B","Defend_B","Defend_B","Zap+1","Dualcast","hubris:PowerSurge+1","hubris:Ukulele+1","hubris:EnhanceAbility+1","Hologram","Auto Shields+1","Bandage Up","Defragment","Ball Lightning","Defragment","Lockon","Static Discharge","Turbo","ReplayRNGCard+1","ReplayTheSpireMod:Calculation Training+1","Echo Form+1","Undo","Leap","hubris:PowerSurge+1","Capacitor","Static Discharge+1","infinitespire:Collect","BootSequence","Electrodynamics","hubris:Ukulele+1","Coolheaded+1","Conserve Battery+1","Mirror Shield+1","FIFO Queue+1","Coolheaded+1","Turbo+1","Impatience+1","Self Repair","Lockon+1","ReplayTheSpireMod:Calculation Training+1","Leap+1","hubris:Ukulele+1","Melter","hubris:PowerSurge+1","Streamline","Go for the Eyes","ReplayRNGCard+1","Reinforced Body+1","Heatsinks","ReplayTheSpireMod:Private Reserves+1","Chrysalis+1","Creative AI"],"relics":["Cracked Core","Pondfish Scales","Eternal Feather","Bird Faced Urn","ClockworkSouvenir","aspiration:TomeofQuesting","hubris:Metronome","aspiration:HummingbirdHeart","Guide Book","ChewingGum","Membership Card","Bronze Scales","hubris:BottledRain","Mercury Hourglass","Toxic Egg 2","infinitespire:EvilPickle","Cursed Key","Replay:WaspNest","War Paint","Replay:Wax Seal","infinitespire:Satchel","hubris:NiceRug","Ginger","Replay:Multitool","DollysMirror","Oddly Smooth Stone","Pet Ghost","Frozen Eye","Replay:Baseball"],"acts_visited":["Exordium","TheCity","TheBeyond","TheEnding"],"potions_floor_usage":[57],"damage_taken":[{"damage":0.0,"enemies":"Small Slimes","floor":1.0,"turns":3.0},{"damage":0.0,"enemies":"Cultist","floor":2.0,"turns":3.0},{"damage":2.0,"enemies":"infinitespire:Voidling","floor":3.0,"turns":3.0},{"damage":0.0,"enemies":"Large Slime","floor":5.0,"turns":4.0},{"damage":0.0,"enemies":"3 Sentries","floor":7.0,"turns":5.0},{"damage":11.0,"enemies":"3 Louse","floor":8.0,"turns":3.0},{"damage":0.0,"enemies":"Looter","floor":10.0,"turns":2.0},{"damage":13.0,"enemies":"Gremlin Nob","floor":11.0,"turns":3.0},{"damage":6.0,"enemies":"2 Fungi Beasts","floor":12.0,"turns":3.0},{"damage":14.0,"enemies":"3 Sentries","floor":13.0,"turns":5.0},{"damage":0.0,"enemies":"Slime Boss","floor":16.0,"turns":7.0},{"damage":0.0,"enemies":"Chosen","floor":18.0,"turns":3.0},{"damage":77.0,"enemies":"Nightmare","floor":24.0,"turns":6.0},{"damage":0.0,"enemies":"Gremlin Leader","floor":27.0,"turns":5.0},{"damage":0.0,"enemies":"2 Thieves","floor":29.0,"turns":2.0},{"damage":5.0,"enemies":"Slavers","floor":30.0,"turns":4.0},{"damage":4.0,"enemies":"Snecko","floor":31.0,"turns":4.0},{"damage":0.0,"enemies":"Pondfish","floor":33.0,"turns":5.0},{"damage":0.0,"enemies":"3 Shapes","floor":35.0,"turns":3.0},{"damage":0.0,"enemies":"3 Darklings","floor":37.0,"turns":4.0},{"damage":1.0,"enemies":"Sphere and 2 Shapes","floor":38.0,"turns":3.0},{"damage":0.0,"enemies":"Giant Head","floor":40.0,"turns":9.0},{"damage":0.0,"enemies":"Spire Growth","floor":41.0,"turns":3.0},{"damage":0.0,"enemies":"Reptomancer","floor":42.0,"turns":4.0},{"damage":0.0,"enemies":"Jaw Worm Horde","floor":45.0,"turns":2.0},{"damage":2.0,"enemies":"Nemesis","floor":46.0,"turns":5.0},{"damage":6.0,"enemies":"Transient","floor":48.0,"turns":6.0},{"damage":5.0,"enemies":"Replay:Hell Engine","floor":52.0,"turns":12.0},{"damage":0.0,"enemies":"hubris:Merchant","floor":55.0,"turns":4.0},{"damage":0,"enemies":"Shield and Spear","floor":56,"turns":5},{"damage":9,"enemies":"The Heart","floor":57,"turns":6}],"seed_played":"5711106585205227599","potions_obtained":[{"floor":2.0,"key":"Energy Potion"},{"floor":8.0,"key":"Energy Potion"},{"floor":24.0,"key":"Dexterity Potion"},{"floor":31.0,"key":"Explosive Potion"},{"floor":40.0,"key":"PowerPotion"},{"floor":48.0,"key":"Languid Potion"},{"floor":55,"key":"Weak Potion"}],"is_trial":false,"path_per_floor":["M","M","M","?","M","R","E","M","T","M","E","M","E","$","R","B",null,"M","?","?","$","?","R","NM","R","T","E","R","M","E","M","R","B",null,"M","$","M","M","$","E","M","E","T","R","M","E","R","M","PTL","PTL","R","B",null,"R","$","E","B",null],"character_chosen":"DEFECT","items_purchased":["hubris:PowerSurge","hubris:Ukulele","hubris:EnhanceAbility","Pondfish Scales","Eternal Feather","Hologram","Auto Shields+1","Bandage Up","Bird Faced Urn","Defragment","ClockworkSouvenir","Ball Lightning","Defragment","Guide Book","Capacitor","Membership Card","Replay:WaspNest","Impatience+1"],"campfire_rested":1,"item_purchase_floors":[0,0,0,0,0,0,0,0,0,0,0,0,0,14,14,21,36,39],"current_hp_per_floor":[24,32,36,36,48,60,71,70,70,71,64,62,60,60,71,71,71,71,54,54,54,48,66,5,44,44,58,71,71,71,71,71,71,71,71,71,71,71,71,71,71,71,71,71,71,71,71,71,71,71,71,71,71,71,71,71,66],"gold":587,"neow_bonus":"","is_daily":false,"chose_seed":false,"campfire_upgraded":8,"win_rate":0.0,"timestamp":1610909484,"path_taken":["M","M","M","?","M","R","E","M","T","M","E","?","E","$","R","BOSS","M","?","?","$","?","R","NM","R","T","E","R","M","E","M","R","BOSS","M","$","M","M","$","E","?","E","T","R","M","E","R","M","PTL","PTL","R","BOSS","R","$","E","BOSS"],"items_purchased_type":["Card","Card","Card","Relic","Relic","Card","Card","Card","Relic","Card","Relic","Card","Card","Relic","Card","Relic","Relic","Card"],"build_version":"2020-12-22","purchased_purges":2,"victory":true,"max_hp_per_floor":[71,71,71,71,71,71,71,71,71,71,71,71,71,71,71,71,71,71,71,71,71,71,71,71,71,71,71,71,71,71,71,71,71,71,71,71,71,71,71,71,71,71,71,71,71,71,71,71,71,71,71,71,71,71,71,71,71],"relic_stats":{"counters":[453,1610],"Bird Faced Urn":[91],"Bronze Scales":[300],"Eternal Feather":72,"Ginger":[2],"War Paint":["ReplayTheSpireMod:Calculation Training","Zap"],"Cursed Key":0,"obtain_stats":[{"Replay:Accelerometer":49,"Spirit Poop":43,"aspiration:PoetsPen_weak":17,"hubris:MysteriousPyramids":44,"Sling":45,"Blood Vial":0,"infinitespire:ShieldingShard":54,"hubris:AstralHammer":38,"Replay:Bronze Core":17,"Fusion Hammer":34,"HandDrill":0,"hubris:RGBLights":12,"Replay:Bottled Steam":23,"aspiration:FaultyCoupler":12,"MerchantsRug":53,"Velvet Choker":34,"Eternal Feather":20,"ReplayTheSpireMod:SealedPack":20,"Pen Nib":53,"infinitespire:Magic Flask":0,"Cables":44,"infinitespire:EvilPickle":33,"Snecko Scales":39,"infinitespire:Lychee Nut":0,"infinitespire:Broken Mirror":10,"Bird Faced Urn":30,"aspiration:MysteriousAuxiliaryCore":38,"Unceasing Top":0,"hubris:Reverence":24,"Solar Panel":0,"Carrot":0,"Singing Bowl":26,"Torii":0,"GremlinMask":39,"hubris:EmptyBottle":38,"Smiling Mask":31,"Ancient Tea Set":5,"Pet Ghost":50,"hubris:BlackHole":17,"hubris:Backtick":17,"Ring of Fangs":39,"Toolbox":54,"Chemical X":39,"infinitespire:Eraser":54,"Replay:Bottled Eggs":17,"InkBottle":54,"aspiration:ChemicalBlood":0,"Potion Belt":29,"Lee\u0027s Waffle":0,"NeowsBlessing":0,"Replay:Fungal Core":17,"Golden Idol":7,"hubris:64BitClover":54,"PreservedInsect":0,"infinitespire:Lucky Rock":54,"hubris:Towel":13,"Replay:Arrowhead":23,"Nuclear Battery":34,"Ornamental Fan":47,"Garlic":16,"Art of War":48,"hubris:BottledRain":26,"Ice Cream":31,"Tiny House":44,"Calipers":0,"Gremlin Horn":40,"aspiration:Stabinomicon":25,"Runic Capacitor":50,"Raider\u0027s Mask":0,"hubris:TerracottaHorce":17,"Sozu":12,"Centennial Puzzle":27,"infinitespire:SolderingIron":43,"Philosopher\u0027s Stone":17,"Prayer Wheel":37,"Iron Hammer":29,"Girya":26,"hubris:Teleporter":39,"hubris:DuctTape":34,"ReplayTheSpireMod:CursedCoin":0,"hubris:SoftwareUpdate":41,"Replay:Grab Bag":17,"aspiration:HiddenCompartment":53,"Du-Vu Doll":24,"OrangePellets":39,"hubris:PeanutButter":0,"Onion Ring":26,"theJungle:WildStrawberry":39,"Mirror":0,"Symbiotic Virus":43,"Iron Core":39,"aspiration:TomeofQuesting":10,"Juzu Bracelet":47,"Replay:Mystery Machine":7,"aspiration:StickyExplosives_weak":30,"Nunchaku":25,"Emotion Chip":38,"Dream Catcher":42,"Chameleon Ring":45,"hubris:Icosahedron":48,"TheAbacus":53,"hubris:Stopwatch":17,"Replay:Bottled Snecko":9,"Replay:Antivirus Software":7,"hubris:KleinBottle":39,"Guide Book":53,"aspiration:RunicSpoon":34,"RobotSpaceExplorer:RoboCore":0,"Replay:WaspNest":53,"infinitespire:FocusingShard":0,"hubris:MedicalManual":0,"theJungle:SpiritDisease":39,"Odd Mushroom":13,"Mercury Hourglass":27,"Calling Bell":17,"Strange Spoon":46,"Cauldron":56,"DataDisk":27,"Pondfish Scales":43,"infinitespire:Satchel":17,"hubris:BundleOfHerbs":0,"Bag of Marbles":0,"Membership Card":0,"ReplayTheSpireMod:ShopPack":21,"infinitespire:BottledMercury":11,"hubris:BallOfYels":29,"Golden Egg":11,"Whetstone":27,"Ginger":17,"Bottled Tornado":0,"Boot":54,"Old Coin":45,"Replay:Ringing Soul":40,"aspiration:EnhancedActuators":53,"MealTicket":0,"hubris:DeckOfHolding":53,"infinitespire:Golems Mask":54,"Kunai":40,"Replay:Wax Seal":42,"hubris:TinFlute":23,"Pear":43,"Counterbalance":2,"hubris:SphereOfDissonance":0,"aspiration:IroncladSkillbook":34,"Runic Dome":17,"Pandora\u0027s Box":17,"hubris:TenFootPole":0,"infinitespire:PuzzleCube":28,"aspiration:Lifesprig":9,"hubris:Metronome":17,"Lantern":19,"Blue Doll":46,"Painkiller Herb":17,"StoneCalendar":45,"Replay:Multitool":41,"Bag of Preparation":45,"Cursed Key":34,"Replay:Rubber Ducky":53,"BranchBurnRelic":30,"Matryoshka":0,"WingedGreaves":20,"hubris:FunFungus":46,"Inserter":48,"The Courier":24,"infinitespire:Joker Card":44,"Geode":30,"Omamori":46,"Frozen Egg 2":13,"Busted Crown":17,"Orrery":48,"Turnip":45,"Bottled Lightning":12,"ReplayTheSpireMod:Lightbulb":40,"Toy Ornithopter":31,"infinitespire:Freezer":55,"Lizard Tail":8,"Replay:Frozen Program":0,"DollysMirror":53,"Strawberry":14,"aspiration:ArtOfWarUpgrade":52,"Toxic Egg 2":5,"Happy Flower":0,"aspiration:Nostalgia":53,"Astrolabe":34,"Dead Branch":25,"Oddly Smooth Stone":0,"infinitespire:Beetle Shell":48,"Replay:Kaleidoscope":43,"aspiration:SeaSaltIceCream":0,"Letter Opener":4,"War Paint":40,"Question Card":47,"Replay:Baseball":45,"ReplayTheSpireMod:Shallot":48,"Shuriken":43,"Bronze Scales":0,"Simple Rune":9,"Molten Egg 2":43,"ReplayTheSpireMod:TigerMarble":23,"Black Star":22,"hubris:ToyBattleship":31,"Meat on the Bone":0,"ReplayFunnel":44,"Darkstone Periapt":10,"ReplayTheSpireMod:Ring of Exchange":39,"SacredBark":17,"hubris:SlimyHat":43,"Incense Burner":34,"ClockworkSouvenir":23,"Frozen Eye":53,"Replay:Bandana":0,"Tiny Chest":7,"Cracked Core":0,"Replay:Drink Me":21,"infinitespire:Chaos":39,"hubris:DisguiseKit":46,"BargainBundle":0,"Replay:Towering Pillar of Hats":30,"aspiration:FetidBarrel":47,"infinitespire:CursedDice":53,"infinitespire:EmptyRelic":39,"aspiration:HummingbirdHeart":0,"Orichalcum":56,"White Beast Statue":20,"Peace Pipe":39,"CaptainsWheel":0,"Anchor":0,"infinitespire:WardingShard":42,"ChewingGum":34,"hubris:GrandSneckoEye":36,"Snack Pack":31,"PureWater":53,"hubris:Potato":31,"TungstenRod":17,"hubris:NiceRug":53},{"Replay:Accelerometer":97,"Spirit Poop":418,"aspiration:PoetsPen_weak":194,"hubris:MysteriousPyramids":178,"Sling":153,"Blood Vial":0,"infinitespire:ShieldingShard":421,"hubris:AstralHammer":294,"Replay:Bronze Core":7,"Fusion Hammer":42,"HandDrill":337,"hubris:RGBLights":248,"Replay:Bottled Steam":114,"aspiration:FaultyCoupler":164,"MerchantsRug":420,"Velvet Choker":14,"Eternal Feather":8,"ReplayTheSpireMod:SealedPack":32,"Pen Nib":132,"infinitespire:Magic Flask":369,"Cables":95,"infinitespire:EvilPickle":62,"Snecko Scales":417,"infinitespire:Lychee Nut":273,"infinitespire:Broken Mirror":372,"Bird Faced Urn":40,"aspiration:MysteriousAuxiliaryCore":65,"Unceasing Top":306,"hubris:Reverence":288,"Solar Panel":22,"Carrot":0,"Singing Bowl":59,"Torii":273,"GremlinMask":417,"hubris:EmptyBottle":232,"Smiling Mask":356,"Ancient Tea Set":371,"Pet Ghost":332,"hubris:BlackHole":219,"hubris:Backtick":139,"Ring of Fangs":417,"Toolbox":304,"Chemical X":417,"infinitespire:Eraser":133,"Replay:Bottled Eggs":251,"InkBottle":304,"aspiration:ChemicalBlood":46,"Potion Belt":227,"Lee\u0027s Waffle":0,"NeowsBlessing":0,"Replay:Fungal Core":405,"Golden Idol":50,"hubris:64BitClover":421,"PreservedInsect":134,"infinitespire:Lucky Rock":72,"hubris:Towel":138,"Replay:Arrowhead":170,"Nuclear Battery":387,"Ornamental Fan":96,"Garlic":80,"Art of War":269,"hubris:BottledRain":9,"Ice Cream":228,"Tiny House":95,"Calipers":159,"Gremlin Horn":325,"aspiration:Stabinomicon":35,"Runic Capacitor":97,"Raider\u0027s Mask":306,"hubris:TerracottaHorce":283,"Sozu":280,"Centennial Puzzle":10,"infinitespire:SolderingIron":68,"Philosopher\u0027s Stone":7,"Prayer Wheel":44,"Iron Hammer":199,"Girya":197,"hubris:Teleporter":417,"hubris:DuctTape":172,"ReplayTheSpireMod:CursedCoin":46,"hubris:SoftwareUpdate":67,"Replay:Grab Bag":7,"aspiration:HiddenCompartment":132,"Du-Vu Doll":9,"OrangePellets":417,"hubris:PeanutButter":73,"Onion Ring":116,"theJungle:WildStrawberry":417,"Mirror":185,"Symbiotic Virus":266,"Iron Core":417,"aspiration:TomeofQuesting":5,"Juzu Bracelet":300,"Replay:Mystery Machine":4,"aspiration:StickyExplosives_weak":40,"Nunchaku":116,"Emotion Chip":149,"Dream Catcher":235,"Chameleon Ring":19,"hubris:Icosahedron":69,"TheAbacus":271,"hubris:Stopwatch":283,"Replay:Bottled Snecko":309,"Replay:Antivirus Software":279,"hubris:KleinBottle":417,"Guide Book":157,"aspiration:RunicSpoon":321,"RobotSpaceExplorer:RoboCore":273,"Replay:WaspNest":211,"infinitespire:FocusingShard":273,"hubris:MedicalManual":396,"theJungle:SpiritDisease":417,"Odd Mushroom":249,"Mercury Hourglass":436,"Calling Bell":166,"Strange Spoon":268,"Cauldron":335,"DataDisk":86,"Pondfish Scales":206,"infinitespire:Satchel":166,"hubris:BundleOfHerbs":159,"Bag of Marbles":213,"Membership Card":100,"ReplayTheSpireMod:ShopPack":8,"infinitespire:BottledMercury":105,"hubris:BallOfYels":118,"Golden Egg":247,"Whetstone":36,"Ginger":166,"Bottled Tornado":100,"Boot":184,"Old Coin":298,"Replay:Ringing Soul":234,"aspiration:EnhancedActuators":71,"MealTicket":22,"hubris:DeckOfHolding":71,"infinitespire:Golems Mask":367,"Kunai":125,"Replay:Wax Seal":446,"hubris:TinFlute":142,"Pear":126,"Counterbalance":338,"hubris:SphereOfDissonance":306,"aspiration:IroncladSkillbook":147,"Runic Dome":313,"Pandora\u0027s Box":30,"hubris:TenFootPole":100,"infinitespire:PuzzleCube":86,"aspiration:Lifesprig":26,"hubris:Metronome":166,"Lantern":167,"Blue Doll":268,"Painkiller Herb":283,"StoneCalendar":363,"Replay:Multitool":45,"Bag of Preparation":95,"Cursed Key":413,"Replay:Rubber Ducky":157,"BranchBurnRelic":289,"Matryoshka":100,"WingedGreaves":32,"hubris:FunFungus":268,"Inserter":21,"The Courier":170,"infinitespire:Joker Card":207,"Geode":12,"Omamori":237,"Frozen Egg 2":53,"Busted Crown":109,"Orrery":21,"Turnip":127,"Bottled Lightning":28,"ReplayTheSpireMod:Lightbulb":44,"Toy Ornithopter":41,"infinitespire:Freezer":98,"Lizard Tail":309,"Replay:Frozen Program":306,"DollysMirror":71,"Strawberry":79,"aspiration:ArtOfWarUpgrade":270,"Toxic Egg 2":3,"Happy Flower":46,"aspiration:Nostalgia":211,"Astrolabe":120,"Dead Branch":288,"Oddly Smooth Stone":22,"infinitespire:Beetle Shell":181,"Replay:Kaleidoscope":178,"aspiration:SeaSaltIceCream":337,"Letter Opener":371,"War Paint":444,"Question Card":21,"Replay:Baseball":153,"ReplayTheSpireMod:Shallot":155,"Shuriken":152,"Bronze Scales":46,"Simple Rune":104,"Molten Egg 2":235,"ReplayTheSpireMod:TigerMarble":59,"Black Star":223,"hubris:ToyBattleship":320,"Meat on the Bone":134,"ReplayFunnel":178,"Darkstone Periapt":247,"ReplayTheSpireMod:Ring of Exchange":417,"SacredBark":7,"hubris:SlimyHat":17,"Incense Burner":291,"ClockworkSouvenir":9,"Frozen Eye":395,"Replay:Bandana":46,"Tiny Chest":162,"Cracked Core":0,"Replay:Drink Me":8,"infinitespire:Chaos":417,"hubris:DisguiseKit":128,"BargainBundle":22,"Replay:Towering Pillar of Hats":259,"aspiration:FetidBarrel":269,"infinitespire:CursedDice":395,"infinitespire:EmptyRelic":417,"aspiration:HummingbirdHeart":273,"Orichalcum":99,"White Beast Statue":196,"Peace Pipe":417,"CaptainsWheel":46,"Anchor":241,"infinitespire:WardingShard":126,"ChewingGum":62,"hubris:GrandSneckoEye":90,"Snack Pack":290,"PureWater":211,"hubris:Potato":61,"TungstenRod":251,"hubris:NiceRug":71},{"Replay:Accelerometer":396,"Spirit Poop":1453,"aspiration:PoetsPen_weak":711,"hubris:MysteriousPyramids":659,"Sling":564,"Blood Vial":0,"infinitespire:ShieldingShard":1466,"hubris:AstralHammer":1035,"Replay:Bronze Core":30,"Fusion Hammer":182,"HandDrill":1135,"hubris:RGBLights":878,"Replay:Bottled Steam":441,"aspiration:FaultyCoupler":609,"MerchantsRug":1462,"Velvet Choker":72,"Eternal Feather":33,"ReplayTheSpireMod:SealedPack":147,"Pen Nib":481,"infinitespire:Magic Flask":1265,"Cables":384,"infinitespire:EvilPickle":245,"Snecko Scales":1447,"infinitespire:Lychee Nut":972,"infinitespire:Broken Mirror":1274,"Bird Faced Urn":173,"aspiration:MysteriousAuxiliaryCore":252,"Unceasing Top":1067,"hubris:Reverence":1017,"Solar Panel":111,"Carrot":0,"Singing Bowl":235,"Torii":972,"GremlinMask":1447,"hubris:EmptyBottle":835,"Smiling Mask":1197,"Ancient Tea Set":1270,"Pet Ghost":1121,"hubris:BlackHole":796,"hubris:Backtick":507,"Ring of Fangs":1447,"Toolbox":1061,"Chemical X":1447,"infinitespire:Eraser":482,"Replay:Bottled Eggs":895,"InkBottle":1061,"aspiration:ChemicalBlood":195,"Potion Belt":822,"Lee\u0027s Waffle":0,"NeowsBlessing":0,"Replay:Fungal Core":1389,"Golden Idol":205,"hubris:64BitClover":1466,"PreservedInsect":485,"infinitespire:Lucky Rock":276,"hubris:Towel":497,"Replay:Arrowhead":636,"Nuclear Battery":1318,"Ornamental Fan":391,"Garlic":302,"Art of War":955,"hubris:BottledRain":37,"Ice Cream":825,"Tiny House":384,"Calipers":592,"Gremlin Horn":1106,"aspiration:Stabinomicon":156,"Runic Capacitor":396,"Raider\u0027s Mask":1067,"hubris:TerracottaHorce":1002,"Sozu":991,"Centennial Puzzle":42,"infinitespire:SolderingIron":262,"Philosopher\u0027s Stone":30,"Prayer Wheel":188,"Iron Hammer":728,"Girya":720,"hubris:Teleporter":1447,"hubris:DuctTape":646,"ReplayTheSpireMod:CursedCoin":195,"hubris:SoftwareUpdate":260,"Replay:Grab Bag":30,"aspiration:HiddenCompartment":481,"Du-Vu Doll":37,"OrangePellets":1447,"hubris:PeanutButter":281,"Onion Ring":447,"theJungle:WildStrawberry":1447,"Mirror":684,"Symbiotic Virus":942,"Iron Core":1447,"aspiration:TomeofQuesting":17,"Juzu Bracelet":1051,"Replay:Mystery Machine":13,"aspiration:StickyExplosives_weak":173,"Nunchaku":447,"Emotion Chip":545,"Dream Catcher":843,"Chameleon Ring":98,"hubris:Icosahedron":265,"TheAbacus":962,"hubris:Stopwatch":1002,"Replay:Bottled Snecko":1072,"Replay:Antivirus Software":989,"hubris:KleinBottle":1447,"Guide Book":582,"aspiration:RunicSpoon":1100,"RobotSpaceExplorer:RoboCore":972,"Replay:WaspNest":767,"infinitespire:FocusingShard":972,"hubris:MedicalManual":1348,"theJungle:SpiritDisease":1447,"Odd Mushroom":881,"Mercury Hourglass":1529,"Calling Bell":622,"Strange Spoon":950,"Cauldron":1129,"DataDisk":338,"Pondfish Scales":752,"infinitespire:Satchel":622,"hubris:BundleOfHerbs":592,"Bag of Marbles":773,"Membership Card":415,"ReplayTheSpireMod:ShopPack":33,"infinitespire:BottledMercury":423,"hubris:BallOfYels":451,"Golden Egg":876,"Whetstone":160,"Ginger":622,"Bottled Tornado":415,"Boot":680,"Old Coin":1045,"Replay:Ringing Soul":841,"aspiration:EnhancedActuators":274,"MealTicket":111,"hubris:DeckOfHolding":274,"infinitespire:Golems Mask":1254,"Kunai":462,"Replay:Wax Seal":1570,"hubris:TinFlute":518,"Pear":466,"Counterbalance":1138,"hubris:SphereOfDissonance":1067,"aspiration:IroncladSkillbook":539,"Runic Dome":1082,"Pandora\u0027s Box":140,"hubris:TenFootPole":415,"infinitespire:PuzzleCube":338,"aspiration:Lifesprig":124,"hubris:Metronome":622,"Lantern":627,"Blue Doll":950,"Painkiller Herb":1002,"StoneCalendar":1236,"Replay:Multitool":193,"Bag of Preparation":384,"Cursed Key":1428,"Replay:Rubber Ducky":582,"BranchBurnRelic":1018,"Matryoshka":415,"WingedGreaves":147,"hubris:FunFungus":950,"Inserter":104,"The Courier":636,"infinitespire:Joker Card":755,"Geode":57,"Omamori":850,"Frozen Egg 2":214,"Busted Crown":433,"Orrery":104,"Turnip":468,"Bottled Lightning":131,"ReplayTheSpireMod:Lightbulb":189,"Toy Ornithopter":176,"infinitespire:Freezer":404,"Lizard Tail":1072,"Replay:Frozen Program":1067,"DollysMirror":274,"Strawberry":299,"aspiration:ArtOfWarUpgrade":959,"Toxic Egg 2":7,"Happy Flower":195,"aspiration:Nostalgia":767,"Astrolabe":454,"Dead Branch":1017,"Oddly Smooth Stone":111,"infinitespire:Beetle Shell":669,"Replay:Kaleidoscope":659,"aspiration:SeaSaltIceCream":1135,"Letter Opener":1270,"War Paint":1563,"Question Card":104,"Replay:Baseball":564,"ReplayTheSpireMod:Shallot":573,"Shuriken":560,"Bronze Scales":195,"Simple Rune":422,"Molten Egg 2":843,"ReplayTheSpireMod:TigerMarble":235,"Black Star":810,"hubris:ToyBattleship":1097,"Meat on the Bone":485,"ReplayFunnel":659,"Darkstone Periapt":876,"ReplayTheSpireMod:Ring of Exchange":1447,"SacredBark":30,"hubris:SlimyHat":85,"Incense Burner":1026,"ClockworkSouvenir":37,"Frozen Eye":1345,"Replay:Bandana":195,"Tiny Chest":603,"Cracked Core":0,"Replay:Drink Me":33,"infinitespire:Chaos":1447,"hubris:DisguiseKit":471,"BargainBundle":111,"Replay:Towering Pillar of Hats":917,"aspiration:FetidBarrel":955,"infinitespire:CursedDice":1345,"infinitespire:EmptyRelic":1447,"aspiration:HummingbirdHeart":972,"Orichalcum":408,"White Beast Statue":717,"Peace Pipe":1447,"CaptainsWheel":195,"Anchor":861,"infinitespire:WardingShard":466,"ChewingGum":245,"hubris:GrandSneckoEye":356,"Snack Pack":1021,"PureWater":767,"hubris:Potato":241,"TungstenRod":895,"hubris:NiceRug":274}],"Mercury Hourglass":[270]},"card_choices":[{"not_picked":["Scrape","Panic Button"],"picked":"Lockon","floor":1.0},{"not_picked":["Ball Lightning","Sweeping Beam"],"picked":"Static Discharge","floor":2.0},{"not_picked":["Redo","ReplaySolidLightProjector"],"picked":"Turbo","floor":3.0},{"not_picked":["Darkness","Rebound","Streamline"],"picked":"SKIP","floor":5.0},{"not_picked":["Barrage","Compile Driver"],"picked":"ReplayRNGCard","floor":7.0},{"not_picked":["Conserve Battery","Glacier"],"picked":"ReplayTheSpireMod:Calculation Training","floor":8.0},{"not_picked":["Compile Driver","BootSequence"],"picked":"Echo Form","floor":10.0},{"not_picked":["Recycle","Steam"],"picked":"Undo","floor":11.0},{"not_picked":["Chaos","Compile Driver"],"picked":"Leap","floor":12.0},{"not_picked":["ReplaySolidLightProjector","Stack"],"picked":"hubris:PowerSurge","floor":13.0},{"not_picked":["All For One","Core Surge"],"picked":"Reboot","floor":16.0},{"not_picked":["Undo","ReplayTheSpireMod:Reroute Power"],"picked":"Static Discharge","floor":18.0},{"not_picked":["infinitespire:Fortify","infinitespire:FutureSight"],"picked":"infinitespire:Collect","floor":19.0},{"not_picked":["Barrage","Sweeping Beam"],"picked":"BootSequence","floor":24.0},{"not_picked":["Steam","Lockon+1"],"picked":"Electrodynamics","floor":27.0},{"not_picked":["Stack","Panic Button"],"picked":"hubris:Ukulele+1","floor":29.0},{"not_picked":["BasicCrystalCard+1","Genetic Algorithm+1"],"picked":"Coolheaded+1","floor":30.0},{"not_picked":["BasicCrystalCard+1","Coolheaded+1"],"picked":"Conserve Battery+1","floor":31.0},{"not_picked":["Multi-Cast+1","Rainbow+1"],"picked":"Mirror Shield+1","floor":33.0},{"not_picked":["Rebound+1","Scrape"],"picked":"FIFO Queue","floor":35.0},{"not_picked":["Go for the Eyes+1","Rebound"],"picked":"Coolheaded+1","floor":37.0},{"not_picked":["Stack+1","hubris:SpecializedCircuitry"],"picked":"Turbo+1","floor":38.0},{"not_picked":["BasicCrystalCard+1","Scrape+1"],"picked":"Self Repair","floor":40.0},{"not_picked":["Rebound+1","Skim+1"],"picked":"Lockon+1","floor":41.0},{"not_picked":["Beam Cell","BasicCrystalCard+1"],"picked":"ReplayTheSpireMod:Calculation Training+1","floor":42.0},{"not_picked":["Gash+1","Genetic Algorithm+1"],"picked":"Leap+1","floor":45.0},{"not_picked":["Auto Shields+1","aspiration:Polymerization+1"],"picked":"hubris:Ukulele","floor":46.0},{"not_picked":["Compile Driver+1","Beam Cell"],"picked":"Melter","floor":48.0},{"not_picked":[],"picked":"Streamline","floor":55},{"not_picked":[],"picked":"Go for the Eyes","floor":55},{"not_picked":[],"picked":"ReplayRNGCard+1","floor":55},{"not_picked":[],"picked":"Reinforced Body+1","floor":55},{"not_picked":[],"picked":"Heatsinks","floor":55},{"not_picked":[],"picked":"ReplayTheSpireMod:Private Reserves+1","floor":55},{"not_picked":[],"picked":"Chrysalis+1","floor":55},{"not_picked":["Core Surge","Force Field+1"],"picked":"Creative AI","floor":56}],"player_experience":627946,"relics_obtained":[{"floor":7.0,"key":"aspiration:TomeofQuesting"},{"floor":11.0,"key":"hubris:Metronome"},{"floor":13.0,"key":"aspiration:HummingbirdHeart"},{"floor":24.0,"key":"Bronze Scales"},{"floor":26.0,"key":"hubris:BottledRain"},{"floor":27.0,"key":"Mercury Hourglass"},{"floor":30.0,"key":"Toxic Egg 2"},{"floor":40.0,"key":"War Paint"},{"floor":42.0,"key":"Replay:Wax Seal"},{"floor":46.0,"key":"infinitespire:Satchel"},{"floor":55,"key":"Ginger"},{"floor":55,"key":"Replay:Multitool"},{"floor":55,"key":"DollysMirror"},{"floor":55,"key":"Oddly Smooth Stone"},{"floor":55,"key":"Pet Ghost"},{"floor":55,"key":"Frozen Eye"},{"floor":56,"key":"Replay:Baseball"}],"event_choices":[{"damage_healed":0.0,"max_hp_gain":0.0,"max_hp_loss":0.0,"gold_gain":0.0,"event_name":"Lab","player_choice":"Got Potions","floor":4.0,"gold_loss":0.0,"damage_taken":0.0},{"damage_healed":0.0,"max_hp_gain":0.0,"max_hp_loss":0.0,"gold_gain":0.0,"event_name":"betterThird:BetterWriting","player_choice":"Adaptability","floor":20.0,"gold_loss":0.0,"damage_taken":0.0},{"damage_healed":0.0,"max_hp_gain":0.0,"max_hp_loss":0.0,"gold_gain":0.0,"event_name":"Knowing Skull","player_choice":"","floor":22.0,"potions_obtained":[],"gold_loss":0.0,"damage_taken":6.0,"cards_obtained":[]}],"is_beta":false,"boss_relics":[{"not_picked":["hubris:Backtick","Velvet Choker"],"picked":"ChewingGum"},{"not_picked":["FrozenCore","Runic Dome"],"picked":"Cursed Key"}],"items_purged_floors":[14,55],"is_endless":false,"potions_floor_spawned":[2,5,8,10,12,24,31,33,35,40,41,48,56],"ascension_level":17}}