{"host":"o7j6aatxjwpw1421","time":1610866750,"event":{"mods":["2.2 Compatiblity","AchievementEnabler","BaseMod","Colored Map","DeckTracker","Highlight Path","Keyboard Shortcuts","Minty Spire (QoL Compilation)","Permanent Neow","Quick Restart","StSLib","SuperFastMode","everything is the same but u backflip on backflip"],"gold_per_floor":[115,115,40,54,54,54,69,69,69,144,166,66,91,114,114,219,219,239,239,251,251,269,297,317,168,168,168,114,214,214,225,225,320,320,339,33,46,96,114,147,160,189,268,288,288,307,307,324,324,324],"floor_reached":51,"language":"KOR","playtime":2560,"items_purged":["Strike_P","Defend_P","Nirvana","Devotion"],"score":1125,"play_id":"4fcfeca7-2b3b-4c87-82db-b48f56ce0fb3","local_time":"20210117155910","is_ascension_mode":true,"campfire_choices":[{"data":"Eruption","floor":6.0,"key":"SMITH"},{"data":"EmptyBody","floor":8.0,"key":"SMITH"},{"data":"PathToVictory","floor":15.0,"key":"SMITH"},{"floor":30.0,"key":"REST"},{"data":"MentalFortress","floor":32.0,"key":"SMITH"},{"data":"Scrawl","floor":47,"key":"SMITH"},{"data":"Adaptation","floor":49,"key":"SMITH"}],"circlet_count":0,"master_deck":["Eruption+1","Vigilance+1","EmptyBody+1","PathToVictory+1","ConjureBlade+1","LessonLearned+1","InnerPeace+1","Adaptation+1","PathToVictory+1","PathToVictory+1","DeusExMachina+1","MentalFortress+1","Scrawl+1","PathToVictory+1","Madness","Madness+1","Adaptation+1"],"relics":["PureWater","MealTicket","Akabeko","Odd Mushroom","Blue Candle","Pen Nib","Pandora\u0027s Box","Orichalcum","Letter Opener","Torii","Mercury Hourglass","Sozu","TungstenRod","Oddly Smooth Stone","Bronze Scales","Mummified Hand"],"acts_visited":["Exordium","TheCity","TheBeyond"],"potions_floor_usage":[50,50],"damage_taken":[{"damage":8.0,"enemies":"Small Slimes","floor":1.0,"turns":3.0},{"damage":1.0,"enemies":"2 Louse","floor":4.0,"turns":3.0},{"damage":0.0,"enemies":"Jaw Worm","floor":7.0,"turns":4.0},{"damage":8.0,"enemies":"The Mushroom Lair","floor":11.0,"turns":3.0},{"damage":23.0,"enemies":"Lagavulin","floor":13.0,"turns":10.0},{"damage":12.0,"enemies":"The Guardian","floor":16.0,"turns":11.0},{"damage":6.0,"enemies":"Shell Parasite","floor":18.0,"turns":4.0},{"damage":0.0,"enemies":"Spheric Guardian","floor":20.0,"turns":2.0},{"damage":21.0,"enemies":"Cultist and Chosen","floor":22.0,"turns":6.0},{"damage":20.0,"enemies":"Gremlin Leader","floor":23.0,"turns":4.0},{"damage":12.0,"enemies":"Chosen and Byrds","floor":24.0,"turns":3.0},{"damage":16.0,"enemies":"Colosseum Slavers","floor":29.0,"turns":3.0},{"damage":1.0,"enemies":"Colosseum Nobs","floor":29.0,"turns":4.0},{"damage":0.0,"enemies":"Snecko","floor":31.0,"turns":3.0},{"damage":27.0,"enemies":"Collector","floor":33.0,"turns":5.0},{"damage":1.0,"enemies":"3 Darklings","floor":35.0,"turns":3.0},{"damage":0.0,"enemies":"3 Shapes","floor":37.0,"turns":1.0},{"damage":0.0,"enemies":"Mind Bloom Boss Battle","floor":38.0,"turns":2.0},{"damage":0.0,"enemies":"Jaw Worm Horde","floor":39.0,"turns":2.0},{"damage":0.0,"enemies":"Reptomancer","floor":40.0,"turns":2.0},{"damage":0.0,"enemies":"Transient","floor":41.0,"turns":5.0},{"damage":0.0,"enemies":"Giant Head","floor":42.0,"turns":4.0},{"damage":0.0,"enemies":"3 Darklings","floor":44.0,"turns":2.0},{"damage":13,"enemies":"Jaw Worm Horde","floor":46,"turns":3},{"damage":0,"enemies":"Maw","floor":48,"turns":2},{"damage":30,"enemies":"Awakened One","floor":50,"turns":4}],"seed_played":"-4304777828903095878","potions_obtained":[{"floor":4.0,"key":"Block Potion"},{"floor":7.0,"key":"SteroidPotion"},{"floor":11.0,"key":"SpeedPotion"},{"floor":18.0,"key":"SteroidPotion"},{"floor":20.0,"key":"Strength Potion"},{"floor":29.0,"key":"ColorlessPotion"}],"is_trial":false,"path_per_floor":["M","?","$","M","?","R","M","R","T","?","?","$","E","T","R","B",null,"M","?","M","?","M","E","M","$","T","?","$","?","R","M","R","B",null,"M","$","M","?","M","E","M","E","T","M","?","M","R","M","R","B",null],"character_chosen":"WATCHER","items_purchased":["PathToVictory","PathToVictory","Scrawl"],"campfire_rested":1,"item_purchase_floors":[25,28,36],"current_hp_per_floor":[57,57,72,71,76,76,76,76,76,65,57,72,49,49,49,37,67,61,61,61,61,40,20,8,23,23,23,38,21,44,44,44,17,62,61,76,76,76,76,76,76,76,76,76,67,54,54,54,54,24],"gold":324,"neow_bonus":"RANDOM_COMMON_RELIC","is_daily":false,"chose_seed":false,"campfire_upgraded":6,"win_rate":0.0,"timestamp":1610866750,"path_taken":["M","?","$","M","?","R","M","R","T","?","?","$","E","?","R","BOSS","M","?","M","?","M","E","?","?","T","?","$","?","R","M","R","BOSS","M","$","M","?","M","E","M","E","T","M","?","M","R","M","R","BOSS"],"items_purchased_type":["Card","Card","Card"],"build_version":"2020-12-22","purchased_purges":4,"victory":true,"max_hp_per_floor":[72,72,72,72,77,77,77,77,77,77,77,77,77,77,77,77,77,77,77,77,77,77,77,77,77,77,77,77,77,77,77,77,77,77,77,77,77,77,77,77,77,77,77,77,77,77,77,77,77,77],"card_choices":[{"not_picked":["Conclude","Prostrate"],"picked":"EmptyBody","floor":1.0},{"not_picked":["Evaluate","ClearTheMind","FollowUp"],"picked":"SKIP","floor":4.0},{"not_picked":["JustLucky","Protect","TalkToTheHand"],"picked":"SKIP","floor":7.0},{"not_picked":["Wish","Alpha"],"picked":"PathToVictory","floor":13.0},{"not_picked":["Devotion","Ragnarok"],"picked":"ConjureBlade","floor":16.0},{"not_picked":["JustLucky","ThirdEye","Evaluate"],"picked":"SKIP","floor":18.0},{"not_picked":["Halt+1","EmptyBody+1","EmptyFist"],"picked":"SKIP","floor":20.0},{"not_picked":["Collect","Sanctity+1","Evaluate+1"],"picked":"SKIP","floor":22.0},{"not_picked":["Sanctity+1","FollowUp+1","CrushJoints+1"],"picked":"SKIP","floor":23.0},{"not_picked":["Sanctity+1","FollowUp+1","CrushJoints+1"],"picked":"SKIP","floor":23.0},{"not_picked":["FlyingSleeves","ClearTheMind","EmptyMind+1"],"picked":"SKIP","floor":24.0},{"not_picked":["CutThroughFate","ForeignInfluence"],"picked":"DeusExMachina","floor":29.0},{"not_picked":["Swivel","FlyingSleeves"],"picked":"MentalFortress","floor":31.0},{"not_picked":["Crescendo+1","SashWhip+1","ReachHeaven+1"],"picked":"SKIP","floor":35.0},{"not_picked":["DeceiveReality+1","FollowUp+1","Crescendo"],"picked":"SKIP","floor":37.0},{"not_picked":["BattleHymn","Wallop"],"picked":"PathToVictory+1","floor":39.0},{"not_picked":["EmptyMind+1","SpiritShield","SignatureMove+1"],"picked":"SKIP","floor":40.0},{"not_picked":["EmptyMind+1","SpiritShield","SignatureMove+1"],"picked":"SKIP","floor":40.0},{"not_picked":["EmptyMind+1","SpiritShield","SignatureMove+1"],"picked":"SKIP","floor":40.0},{"not_picked":["Protect","Consecrate","CutThroughFate"],"picked":"SKIP","floor":41.0},{"not_picked":["ForeignInfluence","WindmillStrike+1","FlurryOfBlows"],"picked":"SKIP","floor":42.0},{"not_picked":["BattleHymn","CrushJoints","FearNoEvil+1"],"picked":"SKIP","floor":44},{"not_picked":["WheelKick","Weave","JustLucky+1"],"picked":"SKIP","floor":46},{"not_picked":["WheelKick","Weave","JustLucky+1"],"picked":"SKIP","floor":46},{"not_picked":["Wireheading","Consecrate"],"picked":"Adaptation","floor":48}],"player_experience":549007,"relics_obtained":[{"floor":9.0,"key":"Akabeko"},{"floor":11.0,"key":"Odd Mushroom"},{"floor":13.0,"key":"Blue Candle"},{"floor":14.0,"key":"Pen Nib"},{"floor":23.0,"key":"Orichalcum"},{"floor":26.0,"key":"Letter Opener"},{"floor":29.0,"key":"Torii"},{"floor":29.0,"key":"Mercury Hourglass"},{"floor":38.0,"key":"TungstenRod"},{"floor":40.0,"key":"Oddly Smooth Stone"},{"floor":42.0,"key":"Bronze Scales"},{"floor":43.0,"key":"Mummified Hand"}],"event_choices":[{"cards_removed":["Defend_P"],"damage_healed":0.0,"max_hp_gain":0.0,"max_hp_loss":0.0,"gold_gain":0.0,"event_name":"Living Wall","player_choice":"Forget","floor":2.0,"gold_loss":0.0,"damage_taken":0.0},{"damage_healed":0.0,"max_hp_gain":5.0,"max_hp_loss":0.0,"gold_gain":0.0,"event_name":"Big Fish","player_choice":"Donut","floor":5.0,"gold_loss":0.0,"damage_taken":0.0},{"damage_healed":0.0,"max_hp_gain":0.0,"max_hp_loss":0.0,"gold_gain":75.0,"event_name":"World of Goop","player_choice":"Gather Gold","floor":10.0,"gold_loss":0.0,"damage_taken":11.0},{"damage_healed":0.0,"max_hp_gain":0.0,"max_hp_loss":0.0,"gold_gain":0.0,"event_name":"Mushrooms","player_choice":"Fought Mushrooms","floor":11.0,"gold_loss":0.0,"damage_taken":0.0},{"damage_healed":0.0,"max_hp_gain":0.0,"max_hp_loss":0.0,"gold_gain":0.0,"event_name":"Ghosts","player_choice":"Ignored","floor":19.0,"gold_loss":0.0,"damage_taken":0.0},{"damage_healed":0.0,"max_hp_gain":0.0,"max_hp_loss":0.0,"gold_gain":0.0,"event_name":"Accursed Blacksmith","player_choice":"Forge","floor":21.0,"gold_loss":0.0,"damage_taken":0.0,"cards_upgraded":["Adaptation"]},{"damage_healed":0.0,"max_hp_gain":0.0,"max_hp_loss":0.0,"gold_gain":0.0,"event_name":"Vampires","player_choice":"Ignored","floor":27.0,"gold_loss":0.0,"damage_taken":0.0},{"damage_healed":0.0,"max_hp_gain":0.0,"max_hp_loss":0.0,"gold_gain":0.0,"event_name":"Colosseum","player_choice":"Fight","floor":29.0,"gold_loss":0.0,"damage_taken":0.0},{"damage_healed":0.0,"max_hp_gain":0.0,"max_hp_loss":0.0,"gold_gain":0.0,"event_name":"Colosseum","player_choice":"Fought Nobs","floor":29.0,"gold_loss":0.0,"damage_taken":0.0},{"damage_healed":0.0,"max_hp_gain":0.0,"max_hp_loss":0.0,"gold_gain":0.0,"event_name":"MindBloom","player_choice":"Fight","floor":38.0,"gold_loss":0.0,"damage_taken":0.0},{"damage_healed":0,"gold_gain":0,"player_choice":"Embrace Madness","damage_taken":10,"max_hp_gain":0,"max_hp_loss":0,"event_name":"Winding Halls","floor":45,"gold_loss":0,"cards_obtained":["Madness","Madness"]}],"is_beta":false,"boss_relics":[{"not_picked":["Busted Crown","Velvet Choker"],"picked":"Pandora\u0027s Box"},{"not_picked":["Snecko Eye","Tiny House"],"picked":"Sozu"}],"items_purged_floors":[3,12,25,36],"is_endless":false,"potions_floor_spawned":[4,7,11,18,20,29,29,38,41,44,46],"ascension_level":8}}