{"host":"g01l53quoe6lrer0","time":1610894932,"event":{"mods":["2.2 Compatiblity","AchievementEnabler","BaseMod","Colored Map","Highlight Path","Keyboard Shortcuts","Minty Spire (QoL Compilation)","Permanent Neow","StSLib","SuperFastMode","everything is the same but u backflip on backflip"],"gold_per_floor":[115,56,75,91,107,138,152,152,152,152,167,167,177,204,204,275,275,287,287,301,133,168,168,168,185,210,95,95,107,107,119,119,196,196,208,430,155,169,469,469,479,479,479,499,499,532,41,60,60,60],"floor_reached":51,"language":"KOR","playtime":2137,"items_purged":["Clumsy"],"score":1434,"play_id":"a0cbe230-3058-402b-aa9b-e538729d8db8","local_time":"20210117234852","is_ascension_mode":true,"campfire_choices":[{"data":"Capacitor","floor":8.0,"key":"SMITH"},{"data":"Zap","floor":10.0,"key":"SMITH"},{"data":"Consume","floor":12.0,"key":"SMITH"},{"data":"Dualcast","floor":15.0,"key":"SMITH"},{"data":"Loop","floor":23.0,"key":"SMITH"},{"data":"Buffer","floor":30.0,"key":"SMITH"},{"data":"Capacitor","floor":32.0,"key":"SMITH"},{"floor":40.0,"key":"RECALL"},{"floor":42.0,"key":"REST"},{"floor":45.0,"key":"REST"},{"floor":49.0,"key":"REST"}],"circlet_count":0,"master_deck":["AscendersBane","Strike_B+1","Strike_B+1","Strike_B+1","Strike_B+1","Defend_B+1","Defend_B+1","Defend_B+1","Defend_B+1","Zap+1","Dualcast+1","Sweeping Beam","Cold Snap","Streamline","Glacier","Undo","Capacitor+1","Consume+1","Steam","Steam Power","Biased Cognition","CurseOfTheBell","Turbo+1","Coolheaded","Hologram+1","Compile Driver","Loop+1","Turbo","Capacitor+1","Ball Lightning","Capacitor","Buffer+1","Double Energy","Seek","Capacitor+1","Consume+1","Stack+1","Hologram+1","Parasite","Barrage","Fusion","Steam+1","Steam Power","Stack","Hologram","Undo","Capacitor","Force Field"],"relics":["Cracked Core","Thread and Needle","The Courier","Happy Flower","Pantograph","Pocketwatch","Calling Bell","Toy Ornithopter","Meat on the Bone","Turnip","Red Mask","Nunchaku","Fusion Hammer","DollysMirror","Bag of Preparation","StrikeDummy","PreservedInsect","Lee\u0027s Waffle","War Paint"],"acts_visited":["Exordium","TheCity","TheBeyond"],"potions_floor_usage":[50,50],"damage_taken":[{"damage":8.0,"enemies":"Small Slimes","floor":1.0,"turns":4.0},{"damage":0.0,"enemies":"Cultist","floor":3.0,"turns":3.0},{"damage":5.0,"enemies":"2 Louse","floor":4.0,"turns":2.0},{"damage":0.0,"enemies":"Looter","floor":5.0,"turns":3.0},{"damage":8.0,"enemies":"Lagavulin","floor":6.0,"turns":11.0},{"damage":0.0,"enemies":"Blue Slaver","floor":7.0,"turns":3.0},{"damage":5.0,"enemies":"3 Louse","floor":11.0,"turns":2.0},{"damage":0.0,"enemies":"Lots of Slimes","floor":13.0,"turns":6.0},{"damage":5.0,"enemies":"3 Sentries","floor":14.0,"turns":6.0},{"damage":32.0,"enemies":"Slime Boss","floor":16.0,"turns":10.0},{"damage":9.0,"enemies":"3 Byrds","floor":18.0,"turns":4.0},{"damage":0.0,"enemies":"Spheric Guardian","floor":20.0,"turns":5.0},{"damage":15.0,"enemies":"Masked Bandits","floor":22.0,"turns":6.0},{"damage":2.0,"enemies":"Snecko","floor":25.0,"turns":9.0},{"damage":15.0,"enemies":"Chosen and Byrds","floor":29.0,"turns":5.0},{"damage":0.0,"enemies":"Sentry and Sphere","floor":31.0,"turns":7.0},{"damage":0.0,"enemies":"Champ","floor":33.0,"turns":11.0},{"damage":0.0,"enemies":"Orb Walker","floor":35.0,"turns":5.0},{"damage":0.0,"enemies":"3 Shapes","floor":38.0,"turns":7.0},{"damage":0.0,"enemies":"Writhing Mass","floor":41.0,"turns":6.0},{"damage":0.0,"enemies":"Maw","floor":44.0,"turns":7.0},{"damage":62.0,"enemies":"Reptomancer","floor":46.0,"turns":7.0},{"damage":0.0,"enemies":"Sphere and 2 Shapes","floor":48.0,"turns":7.0},{"damage":24,"enemies":"Time Eater","floor":50,"turns":10}],"seed_played":"-8548653850836651572","potions_obtained":[{"floor":3.0,"key":"SpeedPotion"},{"floor":5.0,"key":"EssenceOfDarkness"},{"floor":13.0,"key":"EntropicBrew"},{"floor":14.0,"key":"LiquidBronze"},{"floor":20.0,"key":"GamblersBrew"},{"floor":22.0,"key":"SpeedPotion"},{"floor":29.0,"key":"EntropicBrew"},{"floor":35.0,"key":"Weak Potion"},{"floor":46.0,"key":"DuplicationPotion"},{"floor":48.0,"key":"Dexterity Potion"}],"is_trial":false,"path_per_floor":["M","?","M","M","M","E","M","R","T","R","M","R","M","E","R","B",null,"M","?","M","$","?","R","?","M","T","$","?","M","R","M","R","B",null,"M","?","$","M","?","R","M","R","T","M","R","E","$","M","R","B",null],"character_chosen":"DEFECT","items_purchased":["Coolheaded","Hologram","Compile Driver","Ball Lightning","Capacitor","DollysMirror","Stack","Bag of Preparation","Lee\u0027s Waffle","War Paint","Steam Power","Stack","Hologram","Undo","Capacitor"],"campfire_rested":3,"item_purchase_floors":[21,21,21,27,27,37,37,37,47,47,47,47,47,47,47],"current_hp_per_floor":[56,56,56,51,51,43,43,43,43,43,38,38,38,33,33,26,60,56,56,56,56,46,46,46,44,44,44,44,46,46,51,51,71,71,71,71,71,71,71,71,71,71,71,71,71,26,78,78,78,59],"gold":60,"neow_bonus":"ONE_RARE_RELIC","is_daily":false,"chose_seed":false,"campfire_upgraded":7,"win_rate":0.0,"timestamp":1610894932,"path_taken":["M","?","M","M","M","E","M","R","T","R","M","R","M","E","R","BOSS","M","?","M","$","?","R","?","M","T","?","?","M","R","?","R","BOSS","M","?","$","M","?","R","M","R","T","?","R","E","$","M","R","BOSS"],"items_purchased_type":["Card","Card","Card","Card","Card","Relic","Card","Relic","Relic","Relic","Card","Card","Card","Card","Card"],"build_version":"2020-12-22","purchased_purges":1,"victory":true,"max_hp_per_floor":[71,71,71,71,71,71,71,71,71,71,71,71,71,71,71,71,71,71,71,71,71,71,71,71,71,71,71,71,71,71,71,71,71,71,71,71,71,71,71,71,71,71,71,71,71,71,78,78,78,78],"card_choices":[{"not_picked":["Auto Shields","Leap"],"picked":"Sweeping Beam","floor":1.0},{"not_picked":["Chill","Lockon"],"picked":"Cold Snap","floor":3.0},{"not_picked":["Conserve Battery","Go for the Eyes"],"picked":"Streamline","floor":4.0},{"not_picked":["Turbo","Loop"],"picked":"Glacier","floor":5.0},{"not_picked":["Conserve Battery","Gash"],"picked":"Undo","floor":6.0},{"not_picked":["Reinforced Body","Darkness"],"picked":"Capacitor","floor":7.0},{"not_picked":["FTL","Go for the Eyes"],"picked":"Consume","floor":11.0},{"not_picked":["Rip and Tear","Hello World"],"picked":"Steam","floor":13.0},{"not_picked":["Undo","Doom and Gloom"],"picked":"Steam Power","floor":14.0},{"not_picked":["Core Surge","Buffer"],"picked":"Biased Cognition","floor":16.0},{"not_picked":["Melter","Compile Driver"],"picked":"Turbo","floor":18.0},{"not_picked":["Sweeping Beam","Leap+1","Steam"],"picked":"SKIP","floor":20.0},{"not_picked":["Tempest","Coolheaded"],"picked":"Loop","floor":22.0},{"not_picked":["Go for the Eyes","Redo"],"picked":"Capacitor","floor":25.0},{"not_picked":["Compile Driver+1","Conserve Battery"],"picked":"Buffer","floor":29.0},{"not_picked":["Sweeping Beam","Gash"],"picked":"Double Energy","floor":31.0},{"not_picked":["Rainbow","Biased Cognition"],"picked":"Seek","floor":33.0},{"not_picked":["Leap","Conserve Battery+1"],"picked":"Capacitor+1","floor":35.0},{"not_picked":["Sunder","Rip and Tear"],"picked":"Hologram+1","floor":38.0},{"not_picked":["BootSequence","Conserve Battery"],"picked":"Barrage","floor":41.0},{"not_picked":["Gash","Ball Lightning"],"picked":"Fusion","floor":44.0},{"not_picked":["Melter","Echo Form"],"picked":"Steam+1","floor":46.0},{"not_picked":["Conserve Battery","Lockon"],"picked":"Force Field","floor":48.0}],"player_experience":214059,"relics_obtained":[{"floor":6.0,"key":"Happy Flower"},{"floor":9.0,"key":"Pantograph"},{"floor":14.0,"key":"Pocketwatch"},{"floor":17.0,"key":"Toy Ornithopter"},{"floor":17.0,"key":"Meat on the Bone"},{"floor":17.0,"key":"Turnip"},{"floor":22.0,"key":"Red Mask"},{"floor":26.0,"key":"Nunchaku"},{"floor":43.0,"key":"StrikeDummy"},{"floor":46.0,"key":"PreservedInsect"}],"event_choices":[{"damage_healed":0.0,"max_hp_gain":0.0,"max_hp_loss":0.0,"gold_gain":0.0,"event_name":"WeMeetAgain","player_choice":"Paid Gold","floor":2.0,"gold_loss":59.0,"damage_taken":0.0,"relics_obtained":["The Courier"]},{"damage_healed":0.0,"max_hp_gain":0.0,"max_hp_loss":0.0,"gold_gain":0.0,"event_name":"Back to Basics","player_choice":"Simplicity","floor":19.0,"gold_loss":0.0,"damage_taken":0.0,"cards_upgraded":["Strike_B","Strike_B","Strike_B","Strike_B","Defend_B","Defend_B","Defend_B","Defend_B"]},{"damage_healed":0.0,"max_hp_gain":0.0,"max_hp_loss":0.0,"gold_gain":0.0,"event_name":"Masked Bandits","player_choice":"Fought Bandits","floor":22.0,"gold_loss":0.0,"damage_taken":0.0},{"damage_healed":0.0,"max_hp_gain":0.0,"max_hp_loss":0.0,"gold_gain":0.0,"event_name":"The Library","player_choice":"Read","floor":24.0,"gold_loss":0.0,"damage_taken":0.0,"cards_obtained":["Turbo"]},{"damage_healed":0.0,"max_hp_gain":0.0,"max_hp_loss":0.0,"gold_gain":0.0,"event_name":"Upgrade Shrine","player_choice":"Upgraded","floor":28.0,"gold_loss":0.0,"damage_taken":0.0,"cards_upgraded":["Turbo"]},{"damage_healed":0.0,"max_hp_gain":0.0,"max_hp_loss":0.0,"gold_gain":222.0,"event_name":"Tomb of Lord Red Mask","player_choice":"Wore Mask","floor":36.0,"gold_loss":0.0,"damage_taken":0.0},{"damage_healed":0.0,"max_hp_gain":0.0,"max_hp_loss":0.0,"gold_gain":300.0,"event_name":"Wheel of Change","player_choice":"Gold","floor":39.0,"gold_loss":0.0,"damage_taken":0.0}],"is_beta":false,"boss_relics":[{"not_picked":["Cursed Key","Astrolabe"],"picked":"Calling Bell"},{"not_picked":["Philosopher\u0027s Stone","Busted Crown"],"picked":"Fusion Hammer"}],"items_purged_floors":[21],"is_endless":false,"potions_floor_spawned":[3,5,7,13,14,20,22,29,35,41,46,48],"ascension_level":18}}