{"host":"h4qgcirtxz6qax9j","time":1610856132,"event":{"mods":["AchievementEnabler","Astrologer","BaseMod","Colored Powertips","Minty Spire (QoL Compilation)","StSLib","SuperFastMode","The Cursed"],"gold_per_floor":[117,117,117,135,100,100,130,130,130,130,130,145,145,155,155,255,255,269,184,184,32,109,109,109],"floor_reached":23,"language":"KOR","playtime":495,"items_purged":[],"score":185,"play_id":"4fd81216-1962-4c8b-89b7-36994c4402e5","local_time":"20210117130212","is_ascension_mode":false,"campfire_choices":[{"data":"astrologer:Starfield","floor":6,"key":"SMITH"},{"floor":8,"key":"REST"},{"data":"astrologer:NorthStar","floor":11,"key":"SMITH"},{"data":"astrologer:SpaceDust","floor":13,"key":"SMITH"},{"floor":15,"key":"REST"}],"circlet_count":0,"master_deck":["astrologer:Strike","astrologer:Strike","astrologer:Strike","astrologer:Strike","astrologer:Defend+1","astrologer:Defend","astrologer:Defend","astrologer:Defend+1","astrologer:NorthStar+1","astrologer:TheFool+1","astrologer:Starfield+1","astrologer:Eclipse","astrologer:SpaceDust+1","astrologer:Opposition","astrologer:SpaceDust","astrologer:Nova"],"relics":["astrologer:SkyMirror","Letter Opener","Anchor","Dream Catcher","Sundial"],"acts_visited":["Exordium","TheCity"],"potions_floor_usage":[23],"damage_taken":[{"damage":0,"enemies":"Jaw Worm","floor":1,"turns":6},{"damage":0,"enemies":"2 Louse","floor":4,"turns":2},{"damage":33,"enemies":"Gremlin Nob","floor":7,"turns":5},{"damage":0,"enemies":"Small Slimes","floor":12,"turns":3},{"damage":8,"enemies":"Red Slaver","floor":14,"turns":3},{"damage":32,"enemies":"The Guardian","floor":16,"turns":10},{"damage":6,"enemies":"Shell Parasite","floor":18,"turns":6},{"damage":60,"enemies":"Gremlin Leader","floor":23,"turns":8}],"seed_played":"7951684885122437466","potions_obtained":[{"floor":12,"key":"GamblersBrew"},{"floor":14,"key":"Weak Potion"}],"is_trial":false,"path_per_floor":["M","?","$","M","?","R","E","R","T","?","R","M","R","M","R","B",null,"M","?","?","$","T","E"],"character_chosen":"ASTROLOGER","items_purchased":["Dream Catcher"],"campfire_rested":2,"item_purchase_floors":[21],"current_hp_per_floor":[70,56,56,56,70,70,37,58,58,58,58,58,58,50,70,38,70,64,64,51,51,51,0,0],"gold":109,"neow_bonus":"ONE_RANDOM_RARE_CARD","is_daily":false,"chose_seed":false,"campfire_upgraded":3,"win_rate":0.0,"timestamp":1610856132,"path_taken":["M","?","$","M","?","R","E","R","T","?","R","?","R","M","R","BOSS","M","?","?","$","?","E"],"items_purchased_type":["Relic"],"build_version":"2020-12-22","purchased_purges":0,"victory":false,"max_hp_per_floor":[70,70,70,70,70,70,70,70,70,70,70,70,70,70,70,70,70,70,70,75,75,75,75,75],"card_choices":[{"not_picked":["astrologer:CometStrike","astrologer:Fireball","astrologer:TheLovers"],"picked":"SKIP","floor":1},{"not_picked":["astrologer:Conjunction","astrologer:Shine"],"picked":"astrologer:Eclipse","floor":4},{"not_picked":["astrologer:Prismatic","astrologer:SolarFlare"],"picked":"astrologer:SpaceDust","floor":7},{"not_picked":["astrologer:Stardust","astrologer:CometStrike"],"picked":"astrologer:Opposition","floor":12},{"not_picked":["astrologer:CosmicExpanse","astrologer:Sunrise"],"picked":"astrologer:SpaceDust","floor":14},{"not_picked":["astrologer:BlackHole","astrologer:DarkMatter"],"picked":"astrologer:Nova","floor":16},{"not_picked":["astrologer:ReadTheStars","astrologer:CometStrike+1","astrologer:Opposition+1"],"picked":"SKIP","floor":18}],"player_experience":58319,"relics_obtained":[{"floor":7,"key":"Letter Opener"},{"floor":22,"key":"Sundial"}],"event_choices":[{"damage_healed":0,"gold_gain":0,"player_choice":"Entered Light","damage_taken":14,"max_hp_gain":0,"max_hp_loss":0,"event_name":"Shining Light","floor":2,"gold_loss":0,"cards_upgraded":["astrologer:Defend","astrologer:Defend"]},{"damage_healed":17,"gold_gain":0,"player_choice":"Healed","damage_taken":0,"max_hp_gain":0,"max_hp_loss":0,"event_name":"The Cleric","floor":5,"gold_loss":35},{"damage_healed":0,"gold_gain":0,"player_choice":"Forge","damage_taken":0,"max_hp_gain":0,"max_hp_loss":0,"event_name":"Accursed Blacksmith","floor":10,"gold_loss":0,"cards_upgraded":["astrologer:TheFool"]},{"damage_healed":0,"gold_gain":0,"player_choice":"Obtained Relic","damage_taken":0,"relics_obtained":["Anchor"],"max_hp_gain":0,"max_hp_loss":0,"event_name":"Addict","floor":19,"gold_loss":85},{"damage_healed":0,"gold_gain":0,"player_choice":"Shed Blood","damage_taken":18,"max_hp_gain":5,"max_hp_loss":0,"event_name":"Forgotten Altar","floor":20,"gold_loss":0}],"is_beta":false,"boss_relics":[{"not_picked":["Ectoplasm","Empty Cage","Runic Pyramid"]}],"items_purged_floors":[],"is_endless":false,"potions_floor_spawned":[12,14],"killed_by":"Gremlin Leader","ascension_level":0}}