{"host":"3xls0xm49ftugio7","time":1610900804,"event":{"mods":["2.2 Compatiblity","AchievementEnabler","Act Like it!","BaseMod","Colored Powertips","GifTheSpireLib","Minty Spire (QoL Compilation)","Quick Restart","Relic Stats","StSLib"],"gold_per_floor":[114,114,264,281,281,281,297,297,369,383,383,15,49,49,49,127,127,137,52,69,69,69,101,101,132,204,204,222,240,98,133,133,133,133],"floor_reached":33,"language":"ENG","playtime":1408,"items_purged":["Strike_B","Strike_B"],"score":602,"play_id":"643fc777-a711-4299-967c-46e81e0f85ee","local_time":"20210117182644","is_ascension_mode":true,"campfire_choices":[{"data":"Dualcast","floor":6,"key":"SMITH"},{"data":"Biased Cognition","floor":8,"key":"SMITH"},{"floor":11,"key":"REST"},{"data":"Coolheaded","floor":15,"key":"SMITH"},{"floor":24,"key":"REST"},{"data":"Fission","floor":27,"key":"SMITH"},{"floor":32,"key":"REST"}],"circlet_count":0,"master_deck":["AscendersBane","Strike_B","Defend_B","Defend_B","Defend_B+1","Defend_B","Zap+1","Dualcast+1","Biased Cognition+1","Compile Driver","Darkness","Glacier","Coolheaded+1","Ball Lightning","Conserve Battery","Fission+1","Coolheaded","White Noise","Hologram","Fission","Defragment","Blizzard","Sweeping Beam+1"],"relics":["Cracked Core","Cables","Bottled Tornado","Orichalcum","Runic Pyramid","Sundial","Dead Branch","Vajra","MealTicket","Question Card","Molten Egg 2"],"acts_visited":["Exordium","TheCity"],"potions_floor_usage":[16,16,33],"damage_taken":[{"damage":12,"enemies":"Small Slimes","floor":1,"turns":3},{"damage":4,"enemies":"2 Louse","floor":4,"turns":2},{"damage":12,"enemies":"Cultist","floor":7,"turns":4},{"damage":0,"enemies":"Blue Slaver","floor":10,"turns":3},{"damage":16,"enemies":"3 Sentries","floor":13,"turns":7},{"damage":3,"enemies":"Hexaghost","floor":16,"turns":9},{"damage":0,"enemies":"Chosen","floor":18,"turns":3},{"damage":2,"enemies":"3 Byrds","floor":20,"turns":4},{"damage":41,"enemies":"Slavers","floor":23,"turns":5},{"damage":9,"enemies":"Book of Stabbing","floor":25,"turns":5},{"damage":0,"enemies":"Cultist and Chosen","floor":28,"turns":5},{"damage":13,"enemies":"Snake Plant","floor":29,"turns":3},{"damage":21,"enemies":"Slavers","floor":31,"turns":5},{"damage":55,"enemies":"Collector","floor":33,"turns":9}],"seed_played":"-1152591461837875097","potions_obtained":[{"floor":1,"key":"LiquidMemories"},{"floor":7,"key":"Explosive Potion"},{"floor":18,"key":"BlessingOfTheForge"},{"floor":31,"key":"SkillPotion"}],"is_trial":false,"path_per_floor":["M","?","?","M","?","R","M","R","T","M","R","$","E","?","R","B",null,"M","?","M","$","?","E","R","E","T","R","M","M","$","E","R","B"],"character_chosen":"DEFECT","items_purchased":["Bottled Tornado","Ball Lightning","Blizzard"],"campfire_rested":3,"item_purchase_floors":[12,12,30],"current_hp_per_floor":[52,45,45,41,41,41,29,29,29,29,50,50,34,13,13,10,56,56,56,54,54,54,13,34,25,25,25,25,12,27,6,27,0,0],"gold":133,"neow_bonus":"ONE_RANDOM_RARE_CARD","is_daily":false,"chose_seed":false,"campfire_upgraded":4,"win_rate":0.0,"timestamp":1610900804,"path_taken":["M","?","?","M","?","R","?","R","T","M","R","$","E","?","R","BOSS","M","?","M","$","?","E","R","E","T","R","M","?","$","E","R","BOSS"],"items_purchased_type":["Relic","Card","Card"],"build_version":"2020-12-22","purchased_purges":2,"victory":false,"max_hp_per_floor":[71,71,71,71,71,71,71,71,71,71,71,71,71,71,71,71,71,71,71,71,71,71,71,71,71,71,71,71,71,71,71,71,71,71],"relic_stats":{"counters":[14,67],"Sundial":[4],"Dead Branch":[27],"MealTicket":15,"Orichalcum":[42],"Question Card":3,"obtain_stats":[{"Sundial":19,"Dead Branch":22,"Vajra":23,"MealTicket":25,"Molten Egg 2":31,"Bottled Tornado":12,"Orichalcum":13,"Cracked Core":0,"Question Card":26,"Cables":9,"Runic Pyramid":17},{"Sundial":7,"Dead Branch":8,"Vajra":9,"MealTicket":10,"Molten Egg 2":13,"Bottled Tornado":4,"Orichalcum":5,"Cracked Core":0,"Question Card":10,"Cables":3,"Runic Pyramid":6},{"Sundial":31,"Dead Branch":35,"Vajra":40,"MealTicket":45,"Molten Egg 2":58,"Bottled Tornado":12,"Orichalcum":19,"Cracked Core":0,"Question Card":45,"Cables":9,"Runic Pyramid":28}],"Cables":[50,24,20,6,0]},"card_choices":[{"not_picked":["Rebound","Beam Cell"],"picked":"Compile Driver","floor":1},{"not_picked":["Melter","White Noise"],"picked":"Darkness","floor":4},{"not_picked":["Redo","Gash"],"picked":"Glacier","floor":7},{"not_picked":["Streamline","Force Field"],"picked":"Coolheaded","floor":10},{"not_picked":["Gash","Self Repair"],"picked":"Conserve Battery","floor":13},{"not_picked":["Machine Learning","Reboot"],"picked":"Fission","floor":16},{"not_picked":["Aggregate","Rebound"],"picked":"Coolheaded","floor":18},{"not_picked":["Barrage","Storm","Ball Lightning"],"picked":"SKIP","floor":20},{"not_picked":["Barrage","Storm","Ball Lightning"],"picked":"SKIP","floor":20},{"not_picked":["Double Energy","Cold Snap"],"picked":"White Noise","floor":23},{"not_picked":["Storm","Beam Cell"],"picked":"Hologram","floor":25},{"not_picked":["Turbo","Sweeping Beam","Ball Lightning"],"picked":"Fission","floor":28},{"not_picked":["Gash","Barrage+1","Cold Snap"],"picked":"Defragment","floor":29},{"not_picked":["Fission","Stack","Consume"],"picked":"Sweeping Beam+1","floor":31}],"player_experience":702098,"relics_obtained":[{"floor":9,"key":"Cables"},{"floor":13,"key":"Orichalcum"},{"floor":23,"key":"Vajra"},{"floor":25,"key":"MealTicket"},{"floor":26,"key":"Question Card"},{"floor":31,"key":"Molten Egg 2"}],"event_choices":[{"cards_removed":["Strike_B"],"damage_healed":0,"gold_gain":0,"player_choice":"Card Removal","damage_taken":7,"max_hp_gain":0,"max_hp_loss":0,"event_name":"Golden Wing","floor":2,"gold_loss":0},{"damage_healed":0,"gold_gain":150,"player_choice":"AGREE","damage_taken":0,"max_hp_gain":0,"max_hp_loss":0,"event_name":"Liars Game","floor":3,"gold_loss":0,"cards_obtained":["Doubt"]},{"cards_removed":["Doubt"],"damage_healed":0,"gold_gain":0,"player_choice":"Purged","damage_taken":0,"max_hp_gain":0,"max_hp_loss":0,"event_name":"Purifier","floor":5,"gold_loss":0},{"damage_healed":0,"gold_gain":0,"player_choice":"Entered Light","damage_taken":21,"max_hp_gain":0,"max_hp_loss":0,"event_name":"Shining Light","floor":14,"gold_loss":0,"cards_upgraded":["Zap","Defend_B"]},{"damage_healed":0,"gold_gain":0,"player_choice":"Obtained Relic","damage_taken":0,"relics_obtained":["Sundial"],"max_hp_gain":0,"max_hp_loss":0,"event_name":"Addict","floor":19,"gold_loss":85},{"damage_healed":0,"gold_gain":0,"player_choice":"Gave Potion","damage_taken":0,"relics_obtained":["Dead Branch"],"max_hp_gain":0,"max_hp_loss":0,"event_name":"WeMeetAgain","floor":22,"gold_loss":0}],"is_beta":false,"boss_relics":[{"not_picked":["Empty Cage","Busted Crown"],"picked":"Runic Pyramid"}],"items_purged_floors":[12,30],"is_endless":false,"potions_floor_spawned":[1,7,18,31],"killed_by":"Collector","ascension_level":20}}