{"host":"xnlvqftufi8t6vnl","time":1610900960,"event":{"mods":["BaseMod","Downfall","Minty Spire (QoL Compilation)","StSLib"],"gold_per_floor":[116,129,229,249,249,249,275,275,299,374,387,387,406,371,371,475,475,488,498,120,120,39,39,39,39,39,39,39,49,75,95,95,195,195,214,229,242,255,255,255,255,255],"floor_reached":40,"language":"ENG","playtime":4902,"items_purged":[],"score":431,"play_id":"750750a2-698e-43de-a087-b6df6e0e6552","local_time":"20210117102920","is_ascension_mode":false,"campfire_choices":[{"floor":6.0,"key":"REST"},{"floor":8,"key":"REST"},{"data":"champ:Parry","floor":12,"key":"SMITH"},{"data":"champ:SwordThrow","floor":15,"key":"SMITH"},{"data":"champ:ShieldWall","floor":23,"key":"SMITH"},{"data":"champ:HoldFirm","floor":25,"key":"SMITH"},{"data":"champ:AdrenalArmor","floor":27,"key":"SMITH"},{"floor":32,"key":"REST"}],"circlet_count":0,"master_deck":["champ:Defend","champ:Defend","champ:Defend","champ:Defend","champ:Execute","champ:Taunt+1","champ:AdrenalArmor+1","champ:PreciseThrust","champ:GutPunch","champ:HeartStrike","champ:Parry+1","champ:SwordThrow+1","champ:FancyFootwork","champ:HoldFirm+1","champ:CalledShot","champ:SetATrap","Trip","champ:ShieldWall+1","Bite","Bite","Bite","Bite","Bite","champ:FocusedBerserking","champ:FocusedBerserking+1","champ:BringItOn+1","champ:StrikeOfGenius","champ:ShieldWall","champ:ShieldWall+1","Madness","Madness"],"relics":["champ:ChampionCrown","WristBlade","Potion Belt","Vajra","Philosopher\u0027s Stone","Calipers","champ:BerserkersGuideToSlaughter","Letter Opener","Strawberry","Sozu"],"acts_visited":["Exordium","TheCity","TheBeyond"],"potions_floor_usage":[33],"damage_taken":[{"damage":11.0,"enemies":"Small Slimes","floor":1.0,"turns":5.0},{"damage":10.0,"enemies":"Cultist","floor":2.0,"turns":5.0},{"damage":84.0,"enemies":"Cultist","floor":3.0,"turns":7.0},{"damage":0.0,"enemies":"2 Louse","floor":4.0,"turns":2.0},{"damage":56.0,"enemies":"3 Sentries","floor":7.0,"turns":8.0},{"damage":14,"enemies":"Exordium Wildlife","floor":11,"turns":6},{"damage":9,"enemies":"Blue Slaver","floor":13,"turns":3},{"damage":75,"enemies":"Hexaghost","floor":16,"turns":7},{"damage":10,"enemies":"Spheric Guardian","floor":18,"turns":3},{"damage":23,"enemies":"Chosen","floor":19,"turns":5},{"damage":20,"enemies":"Snecko","floor":29,"turns":4},{"damage":67,"enemies":"Gremlin Leader","floor":30,"turns":9},{"damage":0,"enemies":"Snake Plant","floor":31,"turns":2},{"damage":95,"enemies":"Collector","floor":33,"turns":10},{"damage":6,"enemies":"Orb Walker","floor":35,"turns":2},{"damage":15,"enemies":"3 Shapes","floor":36,"turns":3},{"damage":37,"enemies":"Maw","floor":37,"turns":8},{"damage":53,"enemies":"Jaw Worm Horde","floor":38,"turns":4},{"damage":54,"enemies":"Nemesis","floor":40,"turns":4}],"seed_played":"4434421469481416230","potions_obtained":[{"floor":2.0,"key":"sneckomod:MuddlingPotion"},{"floor":3.0,"key":"Energy Potion"},{"floor":13,"key":"Strength Potion"},{"floor":16,"key":"bronze:BurnAndBuffPotion"},{"floor":19,"key":"EssenceOfSteel"},{"floor":29,"key":"EntropicBrew"},{"floor":31,"key":"Dexterity Potion"},{"floor":33,"key":"DistilledChaos"}],"is_trial":false,"path_per_floor":["M","M","?","M","?","R","E","R","T","?","M","R","M","?","R","B",null,"M","M","$","?","$","R","?","R","T","R","$","M","E","M","R","B",null,"M","M","M","M","?","E"],"character_chosen":"THE_CHAMP","items_purchased":["Trip","Calipers","champ:ShieldWall"],"campfire_rested":3,"item_purchase_floors":[20,20,22],"current_hp_per_floor":[98,98,54,54,54,83,57,86,86,77,73,73,64,88,88,43,99,99,96,96,96,96,96,69,69,69,69,69,59,45,52,74,21,76,70,66,69,35,25,0,0,0],"gold":255,"neow_bonus":"TEN_PERCENT_HP_BONUS","is_daily":false,"chose_seed":false,"campfire_upgraded":5,"win_rate":0.0,"timestamp":1610900960,"path_taken":["M","M","?","M","?","R","E","R","T","?","?","R","M","?","R","BOSS","M","M","$","?","$","R","?","R","T","R","?","?","E","M","R","BOSS","M","M","?","?","?","E"],"items_purchased_type":["Card","Relic","Card"],"build_version":"2020-12-22","purchased_purges":0,"victory":false,"max_hp_per_floor":[99,99,99,99,99,99,99,99,99,99,99,99,99,99,99,99,99,99,99,99,99,99,99,69,69,69,69,69,69,76,76,76,76,76,76,76,76,76,76,76,76,76],"card_choices":[{"not_picked":["champ:Parry","champ:ShieldSlam"],"picked":"champ:AdrenalArmor","floor":1.0},{"not_picked":["champ:EnragedBash","champ:BerserkersShout"],"picked":"champ:PreciseThrust","floor":2.0},{"not_picked":["champ:GladiatorStyle","champ:CrownThrow"],"picked":"champ:GutPunch","floor":3.0},{"not_picked":["champ:BerserkersShout","champ:BladeFlurry"],"picked":"champ:HeartStrike","floor":4.0},{"not_picked":["champ:IronFortress","champ:RisingSlash"],"picked":"champ:Parry","floor":7.0},{"not_picked":["champ:SetATrap","champ:GutPunch"],"picked":"champ:SwordThrow","floor":11},{"not_picked":["champ:EnragedBash","champ:BerserkersShout"],"picked":"champ:FancyFootwork","floor":13},{"not_picked":["champ:LastStand","champ:Improvising"],"picked":"champ:HoldFirm","floor":16},{"not_picked":["champ:Haymaker","champ:FlashCut"],"picked":"champ:CalledShot","floor":18},{"not_picked":["champ:FlashCut","champ:TornadoPunch+1"],"picked":"champ:SetATrap","floor":19},{"not_picked":["champ:BringItOn","champ:IronFortress"],"picked":"champ:FocusedBerserking","floor":29},{"not_picked":["champ:DefensiveShout","champ:AdrenalArmor"],"picked":"champ:FocusedBerserking+1","floor":30},{"not_picked":["champ:EnGarde","champ:TornadoPunch"],"picked":"champ:BringItOn+1","floor":31},{"not_picked":["champ:TripleStrike","champ:SwordThrow"],"picked":"champ:StrikeOfGenius","floor":33},{"not_picked":["champ:EnragedBash","champ:TornadoPunch+1","champ:EndlessRage"],"picked":"SKIP","floor":35},{"not_picked":["champ:CrownThrow+1","champ:FancyFootwork","champ:GladiatorStyle"],"picked":"SKIP","floor":36},{"not_picked":["champ:PreciseThrust","champ:Shatter"],"picked":"champ:ShieldWall","floor":37},{"not_picked":["champ:PerfectedStrike+1","champ:DefensiveShout+1"],"picked":"champ:ShieldWall+1","floor":38}],"player_experience":100009,"relics_obtained":[{"floor":3.0,"key":"WristBlade"},{"floor":7.0,"key":"Potion Belt"},{"floor":9,"key":"Vajra"},{"floor":26,"key":"Letter Opener"},{"floor":30,"key":"Strawberry"}],"event_choices":[{"damage_healed":0.0,"max_hp_gain":0.0,"max_hp_loss":0.0,"gold_gain":0.0,"event_name":"Living Wall","player_choice":"Grow","floor":5.0,"gold_loss":0.0,"damage_taken":0.0,"cards_upgraded":["champ:Taunt"]},{"damage_healed":0,"gold_gain":75,"player_choice":"Touch","damage_taken":9,"max_hp_gain":0,"max_hp_loss":0,"event_name":"FaceTrader","floor":10,"gold_loss":0},{"damage_healed":24,"gold_gain":0,"player_choice":"Healed","damage_taken":0,"max_hp_gain":0,"max_hp_loss":0,"event_name":"The Cleric","floor":14,"gold_loss":35},{"damage_healed":0,"gold_gain":0,"player_choice":"Became a vampire","damage_taken":0,"max_hp_gain":0,"max_hp_loss":30,"event_name":"Vampires","floor":24,"gold_loss":0,"cards_obtained":["Bite","Bite","Bite","Bite","Bite"]},{"damage_healed":0,"gold_gain":0,"player_choice":"Embrace Madness","damage_taken":10,"max_hp_gain":0,"max_hp_loss":0,"event_name":"Winding Halls","floor":39,"gold_loss":0,"cards_obtained":["Madness","Madness"]}],"is_beta":false,"boss_relics":[{"not_picked":["Empty Cage","Cursed Key"],"picked":"Philosopher\u0027s Stone"},{"not_picked":["Runic Pyramid","Snecko Eye"],"picked":"Sozu"}],"items_purged_floors":[],"is_endless":false,"potions_floor_spawned":[2,3,13,16,19,29,31,33,37,38],"killed_by":"Nemesis","ascension_level":0}}