{"host":"b7j598ve05halrwk","time":1610907688,"event":{"mods":["2.2 Compatiblity","BaseMod","Block Reminder","DeckTracker","Minty Spire (QoL Compilation)","Relic Stats","Slay the Relics Exporter","StSLib","ojb\u0027s Better Paths Mod","ojb\u0027s Info Mod"],"gold_per_floor":[364,34,87,102,129,129,157,157,157,157,58,97,130,148,148,220,220,255,255,18,38,38,73,73,105,105,105,105,122,151,171,171,171,171],"floor_reached":33,"language":"ENG","playtime":2003,"items_purged":["Strike_B","Strike_B"],"score":626,"play_id":"41fdd228-8e39-4728-b770-5b3c8368b3a2","local_time":"20210117132128","is_ascension_mode":true,"campfire_choices":[{"data":"Lockon","floor":6,"key":"SMITH"},{"data":"Genetic Algorithm","floor":8,"key":"SMITH"},{"data":"Hologram","floor":15,"key":"SMITH"},{"data":"Hologram","floor":24,"key":"SMITH"},{"floor":32,"key":"REST"}],"circlet_count":0,"master_deck":["AscendersBane","Defend_B","Defend_B","Defend_B","Defend_B","Zap","Dualcast","Ball Lightning","Lockon+1","Ball Lightning","Genetic Algorithm+1","Barrage","Leap","Hologram+1","Turbo","Defragment+1","Ghostly","Ghostly","Ghostly","Static Discharge+1","Hologram+1","Stack","Defragment+1","Conserve Battery","Cold Snap","Force Field","Gash","Seek","Double Energy+1"],"relics":["Cracked Core","Toolbox","Vajra","Blood Vial","Frozen Egg 2","Letter Opener","Emotion Chip","Sozu","Sundial","Orichalcum","Ancient Tea Set","Kunai"],"acts_visited":["Exordium","TheCity"],"potions_floor_usage":[7,25,30],"damage_taken":[{"damage":0,"enemies":"Cultist","floor":1,"turns":3},{"damage":4,"enemies":"2 Louse","floor":3,"turns":3},{"damage":1,"enemies":"Jaw Worm","floor":4,"turns":2},{"damage":20,"enemies":"Lagavulin","floor":7,"turns":6},{"damage":5,"enemies":"Large Slime","floor":12,"turns":4},{"damage":12,"enemies":"3 Sentries","floor":13,"turns":5},{"damage":2,"enemies":"2 Fungi Beasts","floor":14,"turns":3},{"damage":17,"enemies":"The Guardian","floor":16,"turns":9},{"damage":8,"enemies":"2 Thieves","floor":18,"turns":3},{"damage":0,"enemies":"3 Byrds","floor":21,"turns":4},{"damage":8,"enemies":"Gremlin Leader","floor":23,"turns":6},{"damage":2,"enemies":"Slavers","floor":25,"turns":4},{"damage":9,"enemies":"Snake Plant","floor":29,"turns":3},{"damage":35,"enemies":"Book of Stabbing","floor":30,"turns":4},{"damage":0,"enemies":"3 Cultists","floor":31,"turns":5},{"damage":30,"enemies":"Automaton","floor":33,"turns":8}],"seed_played":"8452275471920401681","potions_obtained":[{"floor":3,"key":"Weak Potion"},{"floor":4,"key":"SneckoOil"},{"floor":12,"key":"FearPotion"}],"is_trial":false,"path_per_floor":["M","$","M","M","T","R","E","R","T","?","$","M","E","M","R","B",null,"M","?","$","M","?","E","R","E","T","?","?","M","E","M","R","B"],"character_chosen":"DEFECT","items_purchased":["Toolbox","Vajra","Barrage","Static Discharge+1","Hologram"],"campfire_rested":1,"item_purchase_floors":[2,2,11,20,20],"current_hp_per_floor":[64,64,60,59,59,59,41,41,41,41,41,38,28,28,28,13,57,51,35,35,35,35,27,27,27,27,27,45,36,3,5,18,0,0],"gold":171,"neow_bonus":"TWO_FIFTY_GOLD","is_daily":false,"chose_seed":false,"campfire_upgraded":4,"win_rate":0.0,"timestamp":1610907688,"path_taken":["M","$","M","M","?","R","E","R","T","?","?","M","E","M","R","BOSS","M","?","$","M","?","E","R","E","T","?","?","M","E","M","R","BOSS"],"items_purchased_type":["Relic","Relic","Card","Card","Card"],"build_version":"2020-12-22","purchased_purges":2,"victory":false,"max_hp_per_floor":[71,71,71,71,71,71,71,71,71,71,71,71,71,71,71,71,71,71,35,35,35,35,35,35,35,35,35,45,45,45,45,45,45,45],"relic_stats":{"Blood Vial":20,"Sozu":3,"Emotion Chip":[28,25,3,0,0],"counters":[16,72],"Sundial":[2],"Letter Opener":[226],"Kunai":[1],"Orichalcum":[6],"obtain_stats":[{"Blood Vial":5,"Sozu":17,"Emotion Chip":13,"Sundial":23,"Toolbox":2,"Vajra":2,"Letter Opener":9,"Kunai":30,"Frozen Egg 2":7,"Orichalcum":25,"Cracked Core":0,"Ancient Tea Set":26},{"Blood Vial":3,"Sozu":8,"Emotion Chip":6,"Sundial":11,"Toolbox":1,"Vajra":1,"Letter Opener":4,"Kunai":14,"Frozen Egg 2":4,"Orichalcum":12,"Cracked Core":0,"Ancient Tea Set":12},{"Blood Vial":8,"Sozu":35,"Emotion Chip":23,"Sundial":48,"Toolbox":3,"Vajra":3,"Letter Opener":14,"Kunai":59,"Frozen Egg 2":14,"Orichalcum":52,"Cracked Core":0,"Ancient Tea Set":52}]},"card_choices":[{"not_picked":["Defragment","Steam"],"picked":"Ball Lightning","floor":1},{"not_picked":["Coolheaded","Rebound"],"picked":"Lockon","floor":3},{"not_picked":["Consume","Compile Driver"],"picked":"Ball Lightning","floor":4},{"not_picked":["Stack","Recycle"],"picked":"Genetic Algorithm","floor":7},{"not_picked":["Turbo","Hologram"],"picked":"Leap","floor":12},{"not_picked":["Sunder","Darkness"],"picked":"Hologram","floor":13},{"not_picked":["Storm+1","Ball Lightning"],"picked":"Turbo","floor":14},{"not_picked":["Thunder Strike","Creative AI+1"],"picked":"Machine Learning+1","floor":16},{"not_picked":["Gash","Stack"],"picked":"Defragment+1","floor":18},{"not_picked":["Gash","White Noise"],"picked":"Stack","floor":21},{"not_picked":["Streamline","Go for the Eyes+1"],"picked":"Conserve Battery","floor":23},{"not_picked":["Reprogram","BootSequence"],"picked":"Cold Snap","floor":25},{"not_picked":["Blizzard","Sunder","Streamline"],"picked":"SKIP","floor":29},{"not_picked":["Turbo","Gash"],"picked":"Seek","floor":30},{"not_picked":["Fusion","Beam Cell"],"picked":"Double Energy+1","floor":31}],"player_experience":998901,"relics_obtained":[{"floor":5,"key":"Blood Vial"},{"floor":7,"key":"Frozen Egg 2"},{"floor":9,"key":"Letter Opener"},{"floor":13,"key":"Emotion Chip"},{"floor":23,"key":"Sundial"},{"floor":25,"key":"Orichalcum"},{"floor":26,"key":"Ancient Tea Set"},{"floor":30,"key":"Kunai"}],"event_choices":[{"cards_removed":["Clumsy"],"damage_healed":0,"gold_gain":0,"player_choice":"Forget","damage_taken":0,"max_hp_gain":0,"max_hp_loss":0,"event_name":"Living Wall","floor":10,"gold_loss":0},{"damage_healed":0,"gold_gain":0,"player_choice":"Became a Ghost","damage_taken":0,"max_hp_gain":0,"max_hp_loss":36,"event_name":"Ghosts","floor":19,"gold_loss":0,"cards_obtained":["Ghostly","Ghostly","Ghostly"]},{"damage_healed":0,"gold_gain":0,"player_choice":"Read","damage_taken":0,"max_hp_gain":0,"max_hp_loss":0,"event_name":"The Library","floor":22,"gold_loss":0,"cards_obtained":["Defragment"]},{"damage_healed":0,"gold_gain":0,"cards_transformed":["Strike_B","Strike_B"],"player_choice":"Became Test Subject","damage_taken":0,"max_hp_gain":0,"max_hp_loss":0,"event_name":"Drug Dealer","floor":27,"gold_loss":0,"cards_obtained":["Force Field","Gash"]},{"cards_removed":["Machine Learning"],"damage_healed":8,"gold_gain":0,"player_choice":"Offered Rare","damage_taken":0,"max_hp_gain":10,"max_hp_loss":0,"event_name":"Bonfire Elementals","floor":28,"gold_loss":0}],"is_beta":false,"boss_relics":[{"not_picked":["Inserter","Ectoplasm"],"picked":"Sozu"}],"items_purged_floors":[11,20],"is_endless":false,"potions_floor_spawned":[3,4,12,18,23,31],"killed_by":"Automaton","ascension_level":20}}