{"host":"lzzv50t0ea3gz1kk","time":1610877077,"event":{"mods":["ATMod(°¢èªMod)","Act Like it!","BaseMod","Gensokyo","Hallownest","Hermit","Marisa£¨ìFÓê¡¡Ä§ÀíÉ³£©","Minty Spire (QoL Compilation)","Replay The Spire","Robot Space Explorer","StSLib","The Animator"],"gold_per_floor":[111,126,126,136,61,61,85,85,137,137,59,88,155,207,207,257,257],"floor_reached":16,"language":"ZHS","playtime":701,"items_purged":["Strike_B"],"score":124,"play_id":"a48cc621-f501-4378-a40c-5f2e443d1c73","local_time":"20210117175117","is_ascension_mode":true,"campfire_choices":[{"data":"FIFO Queue","floor":6,"key":"SMITH"},{"data":"AT_FamilyPortrait","floor":8,"key":"SMITH"},{"data":"AT_StudyProgram","floor":10,"key":"SMITH"},{"floor":15,"key":"REST"}],"circlet_count":0,"master_deck":["Strike_B","Strike_B","Strike_B","Defend_B","Defend_B","Defend_B","Defend_B","Zap","Dualcast","AT_FamilyPortrait+1","Coolheaded","FIFO Queue+1","AT_StudyProgram+1","Chill","Conserve Battery","Capacitor","Loop"],"relics":["Cracked Core","AT_ATBox","Nunchaku","Replay:Antivirus Software","AT_MibuBalloonWealth","AT_ForceNature"],"acts_visited":["Exordium"],"potions_floor_usage":[12,12,12,14],"damage_taken":[{"damage":4,"enemies":"Cultist","floor":1,"turns":3},{"damage":4,"enemies":"Jaw Worm","floor":2,"turns":3},{"damage":18,"enemies":"2 Louse","floor":4,"turns":3},{"damage":6,"enemies":"Gremlin Nob","floor":12,"turns":4},{"damage":3,"enemies":"Large Slime","floor":13,"turns":7},{"damage":13,"enemies":"Lagavulin","floor":14,"turns":6},{"damage":66,"enemies":"Fading Forest","floor":16,"turns":7}],"seed_played":"7393366315846662358","potions_obtained":[{"floor":3,"key":"Block Potion"},{"floor":3,"key":"Reflective Coating"},{"floor":3,"key":"GamblersBrew"},{"floor":4,"key":"EssenceOfSteel"},{"floor":13,"key":"EssenceOfDarkness"}],"is_trial":false,"path_per_floor":["M","M","?","M","$","R","T","R","T","R","$","E","M","E","R","B"],"character_chosen":"DEFECT","items_purchased":["Chill"],"campfire_rested":1,"item_purchase_floors":[11],"current_hp_per_floor":[78,74,74,56,56,56,56,56,56,56,56,50,47,34,58,0,0],"gold":257,"neow_bonus":"TEN_PERCENT_HP_BONUS","is_daily":false,"chose_seed":false,"campfire_upgraded":3,"win_rate":0.0,"timestamp":1610877077,"path_taken":["M","?","?","?","$","R","?","R","T","R","$","E","M","E","R","BOSS"],"items_purchased_type":["Card"],"build_version":"2020-12-22","purchased_purges":1,"victory":false,"max_hp_per_floor":[82,82,82,82,82,82,82,82,82,82,82,82,82,82,82,82,82],"card_choices":[{"not_picked":["Gash","Panic Button"],"picked":"Coolheaded","floor":1},{"not_picked":["Streamline","Melter"],"picked":"FIFO Queue","floor":2},{"not_picked":["Darkness","ReplaySolidLightProjector"],"picked":"AT_StudyProgram","floor":4},{"not_picked":["Reboot","Sweeping Beam"],"picked":"Conserve Battery","floor":12},{"not_picked":["AT_WarpDrive","Streamline"],"picked":"Capacitor","floor":13},{"not_picked":["Rebound","Capacitor"],"picked":"Loop","floor":14}],"player_experience":341800,"relics_obtained":[{"floor":7,"key":"Nunchaku"},{"floor":9,"key":"Replay:Antivirus Software"},{"floor":12,"key":"AT_MibuBalloonWealth"},{"floor":14,"key":"AT_ForceNature"}],"event_choices":[{"damage_healed":0,"gold_gain":0,"player_choice":"Got Potions","damage_taken":0,"max_hp_gain":0,"max_hp_loss":0,"event_name":"Lab","floor":3,"gold_loss":0}],"is_beta":false,"boss_relics":[],"items_purged_floors":[5],"is_endless":false,"potions_floor_spawned":[4,13],"killed_by":"Fading Forest","ascension_level":3}}