{"host":"bb5r3ba2ig485dr2","time":1610886099,"event":{"mods":["Act Like it!","BaseMod","CapriCore","Chen","Curses Come First","Gensokyo","Hallownest","Koishi","Lobotomy","LobotomyExtend","Marisa（霧雨　魔理沙）","Minty Spire (QoL Compilation)","Random Character Button","Rare Cards Sparkle","Reimu（博??梦）","StSLib","Td1madao Mod","The Administrix","The Bug Knight","The Immortal","The Servant 0.9.4","The Wild Card"],"gold_per_floor":[219,21,21,33,53,84,84,84,84,84,104,135,135,135,135,135,135],"floor_reached":16,"language":"ENG","playtime":1376,"items_purged":[],"score":110,"play_id":"36c0a920-8f4d-458f-919e-517b515fdc13","local_time":"20210117132139","is_ascension_mode":false,"campfire_choices":[{"data":"HollowMod:BlackTendrils","floor":8,"key":"SMITH"},{"floor":13,"key":"REST"},{"data":"HollowMod:HornetsHelp","floor":15,"key":"SMITH"}],"circlet_count":1,"master_deck":["HollowMod:NailStrikeStart+1","HollowMod:NailStrikeStart","HollowMod:NailStrikeStart+1","HollowMod:NailStrikeStart","HollowMod:QuickDashStart","HollowMod:QuickDashStart","HollowMod:QuickDashStart","HollowMod:QuickDashStart","HollowMod:FocusHealStart","HollowMod:PogoStrike","HollowMod:LuriensSpire","HollowMod:NewJinnsSoul","HollowMod:HornetsHelp+1","HollowMod:BlackTendrils+1","HollowMod:ShadowDash","HollowMod:DreamGate"],"relics":["HollowMod:VesselMask","HandDrill","Hallownest:DreamNailRelic","Regal Pillow","Circlet","The Courier"],"acts_visited":["Hallownest:Greenpath"],"potions_floor_usage":[11,12,14,16],"damage_taken":[{"damage":0,"enemies":"Hallownest:monsterHuskGuard","floor":1,"turns":4},{"damage":0,"enemies":"Hallownest:monsterHuskWarrior","floor":4,"turns":2},{"damage":5,"enemies":"Hallownest:2_Baldur","floor":5,"turns":5},{"damage":7,"enemies":"Hallownest:eliteMossKnight","floor":6,"turns":9},{"damage":0,"enemies":"Hallownest:monsterFoolEater","floor":11,"turns":5},{"damage":46,"enemies":"Hallownest:eliteCrystalGuardian","floor":12,"turns":9},{"damage":5,"enemies":"Hallownest:1_Baldur_1_Crawlid_1_Warrior","floor":14,"turns":4},{"damage":77,"enemies":"Hallownest:BossBrokenVessel","floor":16,"turns":12}],"seed_played":"-4793227072929894365","potions_obtained":[{"floor":1,"key":"Block Potion"},{"floor":6,"key":"FearPotion"},{"floor":11,"key":"SmokeBomb"}],"is_trial":false,"path_per_floor":["M","$","?","M","M","E","?","R","T","?","M","E","R","M","R","B"],"character_chosen":"THE_BUGKNIGHT","items_purchased":["HandDrill","SkillPotion"],"campfire_rested":1,"item_purchase_floors":[2,2],"current_hp_per_floor":[75,75,75,75,72,68,68,68,68,68,71,28,65,63,63,0,0],"gold":135,"neow_bonus":"HUNDRED_GOLD","is_daily":false,"chose_seed":false,"campfire_upgraded":2,"win_rate":0.0,"timestamp":1610886099,"path_taken":["M","$","?","M","M","E","?","R","T","?","M","E","R","M","R","BOSS"],"items_purchased_type":["Relic","Potion"],"build_version":"2020-12-22","purchased_purges":0,"victory":false,"max_hp_per_floor":[75,75,75,75,75,75,75,75,75,75,75,75,75,75,75,75,75],"card_choices":[{"not_picked":["HollowMod:SoulEater","HollowMod:SoulStrike"],"picked":"HollowMod:LuriensSpire","floor":1},{"not_picked":["HollowMod:SoulEater","HollowMod:CloakDash"],"picked":"HollowMod:NewJinnsSoul","floor":4},{"not_picked":["HollowMod:CrystalDash","HollowMod:PureNailStrike"],"picked":"HollowMod:HornetsHelp","floor":5},{"not_picked":["HollowMod:GreatSlash","HollowMod:SharpenedNail"],"picked":"HollowMod:BlackTendrils","floor":6},{"not_picked":["HollowMod:SharpenedNail","HollowMod:CloakDash"],"picked":"HollowMod:ShadowDash","floor":11},{"not_picked":["HollowMod:NewJinnsSoul","HollowMod:DescendingDark"],"picked":"HollowMod:DreamGate","floor":12}],"player_experience":245509,"relics_obtained":[{"floor":6,"key":"Regal Pillow"},{"floor":12,"key":"The Courier"}],"event_choices":[],"is_beta":false,"boss_relics":[],"items_purged_floors":[],"is_endless":false,"potions_floor_spawned":[1,6,11],"killed_by":"Hallownest:BossBrokenVessel","ascension_level":0}}