{"host":"8d3fefv2347kqkpz","time":1610868344,"event":{"mods":["100% Spire Juice","BaseMod","Better Vampires","Colored Map","Minty Spire (QoL Compilation)","Quick Restart","Replay The Spire","StSLib","The Gatherer","Waifu the Spire"],"gold_per_floor":[116,129,54,54,54,54,80,90,90,101,101,1,63,82,82,181,181,201,201,201,76,76,76,91,91,139,155,169,169,169,201,201,201,201],"floor_reached":33,"language":"ZHS","playtime":1197,"items_purged":["Strike_B","Defend_B","Deadly Poison"],"score":263,"play_id":"a1959a6a-f86d-4882-9728-41f6be5cf5e4","local_time":"20210117152544","is_ascension_mode":false,"campfire_choices":[{"floor":11,"key":"REST"},{"floor":15,"key":"REST"},{"floor":23,"key":"REST"},{"floor":25,"key":"REST"},{"floor":29,"key":"REST"},{"floor":32,"key":"REST"}],"circlet_count":0,"master_deck":["Strike_B","Strike_B","Defend_B","Defend_B","Defend_B","Rebound+1","Conserve Battery","Genetic Algorithm","Streamline","Skim","Rebound","Gash","Reprogram","Leap"],"relics":["Ring of the Snake","Replay:Kaleidoscope","Garlic","Ginger","Nuclear Battery","Prayer Wheel","Nilry\u0027s Codex","Tiny Chest","Mummified Hand"],"acts_visited":["Exordium","TheCity"],"potions_floor_usage":[18,31,33],"damage_taken":[{"damage":1,"enemies":"Cultist","floor":1,"turns":3},{"damage":2,"enemies":"2 Louse","floor":2,"turns":4},{"damage":39,"enemies":"3 Sentries","floor":7,"turns":10},{"damage":8,"enemies":"Small Slimes","floor":8,"turns":3},{"damage":0,"enemies":"Blue Slaver","floor":10,"turns":4},{"damage":9,"enemies":"Gremlin Nob","floor":13,"turns":4},{"damage":2,"enemies":"3 Louse","floor":14,"turns":3},{"damage":31,"enemies":"Fading Forest","floor":16,"turns":11},{"damage":28,"enemies":"Chosen","floor":18,"turns":6},{"damage":7,"enemies":"2 Thieves","floor":24,"turns":4},{"damage":7,"enemies":"Shelled Parasite and Fungi","floor":27,"turns":5},{"damage":27,"enemies":"Snecko","floor":28,"turns":5},{"damage":43,"enemies":"Book of Stabbing","floor":31,"turns":6},{"damage":38,"enemies":"Pondfish","floor":33,"turns":6}],"seed_played":"-1803721659595571892","potions_obtained":[{"floor":7,"key":"Energy Potion"},{"floor":8,"key":"EssenceOfSteel"},{"floor":14,"key":"Strength Potion"},{"floor":18,"key":"ColorlessPotion"}],"is_trial":false,"path_per_floor":["M","M","$","?","?","?","E","M","T","M","R","$","?","M","R","B",null,"M","?","?","$","?","R","M","R","T","M","M","R","?","E","R","B"],"character_chosen":"DEFECT","items_purchased":[],"campfire_rested":6,"item_purchase_floors":[],"current_hp_per_floor":[74,72,72,72,72,72,33,25,25,25,47,47,38,36,58,27,75,47,47,47,47,31,53,46,68,68,61,34,56,56,13,35,0,0],"gold":201,"neow_bonus":"REMOVE_CARD","is_daily":false,"chose_seed":false,"campfire_upgraded":0,"win_rate":0.0,"timestamp":1610868344,"path_taken":["M","M","$","?","?","?","E","M","T","M","R","?","?","M","R","BOSS","M","?","?","$","?","R","M","R","T","M","M","R","?","E","R","BOSS"],"items_purchased_type":[],"build_version":"2020-12-22","purchased_purges":3,"victory":false,"max_hp_per_floor":[75,75,75,75,75,75,75,75,75,75,75,75,75,75,75,75,75,75,75,75,75,75,75,75,75,75,75,75,75,75,75,75,75,75],"card_choices":[{"not_picked":["BasicCrystalCard","Steam","Blizzard"],"picked":"SKIP","floor":1},{"not_picked":["Skim","Consume"],"picked":"Rebound","floor":2},{"not_picked":["Redo","Loop"],"picked":"Conserve Battery","floor":7},{"not_picked":["Force Field","Ball Lightning"],"picked":"Genetic Algorithm","floor":8},{"not_picked":["Chaos","Force Field"],"picked":"Streamline","floor":10},{"not_picked":["Steam","ReplayTheSpireMod:GoodbyeWorld"],"picked":"Skim","floor":13},{"not_picked":["Scrape","Hologram","Cold Snap"],"picked":"SKIP","floor":14},{"not_picked":["Multi-Cast","Amplify"],"picked":"ReplayTheSpireMod:Fabricate Wheel","floor":16},{"not_picked":["Time Bomb+1","Steam+1"],"picked":"Rebound","floor":18},{"not_picked":["ReplayTheSpireMod:Calculation Training","Barrage","Panic Button"],"picked":"SKIP","floor":18},{"not_picked":["Streamline","Beam Cell+1"],"picked":"Reprogram","floor":24},{"not_picked":["Rip and Tear+1","Chill","Barrage"],"picked":"SKIP","floor":24},{"not_picked":["Compile Driver","Static Discharge+1","Barrage"],"picked":"SKIP","floor":27},{"not_picked":["Heatsinks","Cold Snap","Double Energy"],"picked":"SKIP","floor":27},{"not_picked":["Ball Lightning","Cold Snap"],"picked":"Leap","floor":28},{"not_picked":["Chaos","Streamline","Undo"],"picked":"SKIP","floor":28},{"not_picked":["Coolheaded","Storm","Reprogram"],"picked":"SKIP","floor":31}],"player_experience":76133,"relics_obtained":[{"floor":7,"key":"Replay:Kaleidoscope"},{"floor":9,"key":"Garlic"},{"floor":13,"key":"Ginger"},{"floor":22,"key":"Nilry\u0027s Codex"},{"floor":26,"key":"Tiny Chest"},{"floor":31,"key":"Mummified Hand"}],"event_choices":[{"cards_removed":["Strike_B"],"damage_healed":0,"gold_gain":0,"player_choice":"Forget","damage_taken":0,"max_hp_gain":0,"max_hp_loss":0,"event_name":"Living Wall","floor":6,"gold_loss":0},{"damage_healed":0,"gold_gain":0,"player_choice":"Searched \u00271\u0027 times","damage_taken":0,"max_hp_gain":0,"max_hp_loss":0,"event_name":"Dead Adventurer","floor":13,"gold_loss":0},{"damage_healed":0,"gold_gain":0,"player_choice":"Read","damage_taken":0,"max_hp_gain":0,"max_hp_loss":0,"event_name":"The Library","floor":19,"gold_loss":0,"cards_obtained":["Gash"]},{"damage_healed":0,"gold_gain":0,"player_choice":"Obtained Book","damage_taken":16,"max_hp_gain":0,"max_hp_loss":0,"event_name":"Cursed Tome","floor":22,"gold_loss":0},{"damage_healed":0,"gold_gain":0,"player_choice":"Ignored","damage_taken":0,"max_hp_gain":0,"max_hp_loss":0,"event_name":"Ghosts","floor":30,"gold_loss":0}],"is_beta":false,"boss_relics":[{"not_picked":["Runic Dome","Cursed Key"],"picked":"Nuclear Battery"}],"items_purged_floors":[3,12,21],"is_endless":false,"potions_floor_spawned":[7,8,14,18,24,27],"killed_by":"Pondfish","ascension_level":0}}