{"host":"6w37wf36x1q352g5","time":1610878919,"event":{"mods":["2.2 Compatiblity","Act Like it!","Aspiration","BaseMod","Block Reminder","Card Filter","Colored Powertips","Curses Come First","Dark Map","DeckTracker","Elementarium","Energized Spire","Gensokyo","Halation","Highlight Path","Hubris","Infinite Spire","Jedi Mod","Menagerie","Mimic Mod","Minty Spire (QoL Compilation)","Relic Filter","RumiaBox-????????","Spicy Shops","Spikes Relics","StSLib","Swap Starting Deck Mod","The Factory","The Jungle","Unceasing Turn Reminder","Wandering Minibosses","vexMod"],"gold_per_floor":[116,131,106,126,126,126,143,153,178,206,206,31,31,50,50,152,152,170,170,8,18,34,34,46,46,81,98,98,30,30,30,30,30,30,30,30,30,30,30,30,33,33,33,33,33,33,46,264,264,264,264,264,38,67,67],"floor_reached":56,"language":"ENG","playtime":3345,"items_purged":["Strike_G","Defend_G","Pain","Strike_G","Strike_G"],"score":1027,"play_id":"cd3c86bb-c40b-4287-b942-7dfeef1c78a9","local_time":"20210117032159","is_ascension_mode":false,"campfire_choices":[{"data":"Neutralize","floor":6,"key":"SMITH"},{"floor":13,"key":"REST"},{"floor":15,"key":"REST"},{"data":"Infinite Blades","floor":23,"key":"SMITH"},{"floor":25,"key":"REST"},{"floor":28,"key":"REST"},{"floor":30,"key":"REST"},{"floor":32,"key":"REST"},{"floor":40,"key":"REST"},{"floor":44,"key":"REST"},{"data":"Accuracy","floor":46,"key":"SMITH"},{"floor":49,"key":"RECALL"},{"data":"Storm of Steel","floor":52,"key":"SMITH"}],"circlet_count":0,"master_deck":["Strike_G","Defend_G","Defend_G","Defend_G","Defend_G","Survivor","Neutralize+1","Quick Slash","Sucker Punch","Flying Knee","Blur","Infinite Blades+1","Flechettes","Phantasmal Killer","Poisoned Stab","Leg Sweep","Consecrate","Accuracy+1","Slice","Storm of Steel+1","hubris:Insight","hubris:Fate","FollowUp","Prostrate","Blade Dance+1","Flash of Steel","Finesse","Consecrate","PiercingWail","Backstab","Adrenaline"],"relics":["Ring of the Snake","aspiration:Nostalgia","Cracked Core","FaceOfCleric","Du-Vu Doll","aspiration:SecretTechniqueScroll","WarpedTongs","hubris:DisguiseKit","jedi:ominousloannote","jedi:fakemustache","SoulBox","wanderingMiniBosses:OtherGremlinHorn","jedi:angrymask","theFactory:ChargeChargeCharge","vexMod:RedPlottingStone","PreservedInsect","HandDrill","Pantograph"],"acts_visited":["Exordium","theJungle:Jungle","theFactory:Factory","TheEnding"],"potions_floor_usage":[14,24,41,50,54,55],"damage_taken":[{"damage":6,"enemies":"2 Louse","floor":1,"turns":3},{"damage":0,"enemies":"Cultist","floor":2,"turns":3},{"damage":3,"enemies":"Jaw Worm","floor":4,"turns":3},{"damage":2,"enemies":"Red Slaver","floor":7,"turns":4},{"damage":2,"enemies":"Blue Slaver","floor":8,"turns":4},{"damage":15,"enemies":"Gremlin Nob","floor":10,"turns":4},{"damage":17,"enemies":"Gremlin Gang","floor":14,"turns":5},{"damage":60,"enemies":"Hexaghost","floor":16,"turns":14},{"damage":12,"enemies":"theJungle:MUSHROOMGANG","floor":18,"turns":4},{"damage":7,"enemies":"theJungle:Flameango_and_Byrd","floor":21,"turns":5},{"damage":8,"enemies":"theJungle:SlimyTreeVines","floor":22,"turns":3},{"damage":22,"enemies":"Snake Plant","floor":24,"turns":3},{"damage":10,"enemies":"theJungle:2_Flameangoes","floor":26,"turns":5},{"damage":33,"enemies":"theJungle:2_Flameangoes","floor":27,"turns":6},{"damage":29,"enemies":"theJungle:2_Snecko_Cultists","floor":31,"turns":4},{"damage":15,"enemies":"theJungle:FunGuy","floor":33,"turns":13},{"damage":17,"enemies":"theFactory:4_Mini-Bots","floor":35,"turns":6},{"damage":26,"enemies":"theFactory:BigBot","floor":39,"turns":8},{"damage":10,"enemies":"theFactory:DrinkBrewer","floor":41,"turns":4},{"damage":4,"enemies":"theFactory:ShrapnelTosser","floor":47,"turns":3},{"damage":14,"enemies":"theFactory:6_Mini-Bots","floor":48,"turns":2},{"damage":13,"enemies":"theFactory:SPIDER","floor":50,"turns":7},{"damage":11,"enemies":"Shield and Spear","floor":54,"turns":3},{"damage":0,"enemies":"The Heart","floor":55,"turns":1}],"seed_played":"-2358883578672312445","potions_obtained":[{"floor":2,"key":"jedi:hoardpotion"},{"floor":4,"key":"LiquidBronze"},{"floor":21,"key":"Poison Potion"},{"floor":24,"key":"SpeedPotion"},{"floor":27,"key":"SmokeBomb"},{"floor":39,"key":"SteroidPotion"},{"floor":41,"key":"Energy Potion"},{"floor":48,"key":"Fire Potion"},{"floor":54,"key":"SkillPotion"}],"is_trial":false,"path_per_floor":["M","M","?","M","?","R","M","M","T","E","?","$","R","M","R","B",null,"M","?","$","M","M","R","M","R","MIM","M","R","$","R","M","R","B",null,"M","?","?","AVR","M","R","E","?","T","R","$","R","M","M","R","B",null,"R","$","E","B",null],"character_chosen":"THE_SILENT","items_purchased":["Leg Sweep","jedi:ominousloannote","Accuracy","jedi:fakemustache","Slice","jedi:tentaclejuice","HandDrill"],"campfire_rested":8,"item_purchase_floors":[20,29,29,29,29,53,53],"current_hp_per_floor":[64,64,64,61,61,61,60,59,59,45,45,45,66,50,72,13,75,64,64,64,58,51,51,30,53,44,12,36,56,80,52,76,62,83,67,67,67,67,42,67,58,58,58,83,83,83,80,84,84,72,99,99,99,89,101],"gold":67,"neow_bonus":"NOSTALGIA","is_daily":false,"chose_seed":false,"campfire_upgraded":4,"win_rate":0.0,"timestamp":1610878919,"path_taken":["M","M","?","M","?","R","?","M","T","E","?","$","R","?","R","BOSS","M","?","$","?","M","R","M","R","MIM","?","R","$","R","M","R","BOSS","M","?","?","AVR","M","R","E","?","T","R","?","R","M","M","R","BOSS","R","$","E","BOSS"],"items_purchased_type":["Card","Relic","Card","Relic","Card","Potion","Relic"],"build_version":"2020-12-22","purchased_purges":5,"victory":true,"max_hp_per_floor":[70,70,70,70,70,70,71,72,72,73,73,73,73,74,74,75,75,76,76,76,77,78,78,79,79,80,81,81,81,81,82,82,83,83,84,84,84,84,85,85,86,86,86,86,86,86,87,98,98,99,99,99,99,100,101],"card_choices":[{"not_picked":["Backflip","Prepared"],"picked":"Quick Slash","floor":1},{"not_picked":["Catalyst","Prepared"],"picked":"Sucker Punch","floor":2},{"not_picked":["Poisoned Stab","Backflip"],"picked":"Flying Knee","floor":4},{"not_picked":["Sucker Punch","Masterful Stab","Deflect"],"picked":"SKIP","floor":7},{"not_picked":["Poisoned Stab","Wraith Form v2"],"picked":"Blur","floor":8},{"not_picked":["Flying Knee","Acrobatics"],"picked":"Infinite Blades","floor":10},{"not_picked":["Flying Knee","Catalyst","Prepared"],"picked":"SKIP","floor":14},{"not_picked":["Bullet Time","Burst"],"picked":"Phantasmal Killer","floor":16},{"not_picked":["Calculated Gamble","Flying Knee"],"picked":"Poisoned Stab","floor":18},{"not_picked":["Dagger Throw","Backstab","Sucker Punch"],"picked":"SKIP","floor":21},{"not_picked":["Outmaneuver","Underhanded Strike","Poisoned Stab"],"picked":"SKIP","floor":22},{"not_picked":["Dodge and Roll","Acrobatics+1","Flying Knee"],"picked":"SKIP","floor":24},{"not_picked":["Deadly Poison","Choke+1","Sucker Punch"],"picked":"Consecrate","floor":27},{"not_picked":["Unload","Catalyst+1","Crippling Poison","Protect"],"picked":"SKIP","floor":31},{"not_picked":["A Thousand Cuts","Night Terror","ConjureBlade"],"picked":"Storm of Steel","floor":33},{"not_picked":["Endless Agony","Bouncing Flask","Concentrate+1","Protect"],"picked":"SKIP","floor":35},{"not_picked":["Hemokinesis","Evolve"],"picked":"hubris:Insight","floor":36},{"not_picked":["Quick Slash","PiercingWail+1","Sucker Punch"],"picked":"FollowUp","floor":39},{"not_picked":["Dagger Spray","Well Laid Plans+1","PiercingWail+1"],"picked":"Prostrate","floor":41},{"not_picked":["Predator","Outmaneuver","SashWhip"],"picked":"Blade Dance+1","floor":47},{"not_picked":["Sucker Punch+1","Poisoned Stab","PiercingWail","FollowUp"],"picked":"SKIP","floor":48}],"player_experience":536165,"relics_obtained":[{"floor":10,"key":"Du-Vu Doll"},{"floor":26,"key":"hubris:DisguiseKit"},{"floor":39,"key":"wanderingMiniBosses:OtherGremlinHorn"},{"floor":41,"key":"jedi:angrymask"},{"floor":43,"key":"vexMod:RedPlottingStone"},{"floor":54,"key":"Pantograph"}],"event_choices":[{"damage_healed":0,"gold_gain":0,"player_choice":"Trade","damage_taken":0,"relics_obtained":["FaceOfCleric"],"max_hp_gain":0,"max_hp_loss":0,"event_name":"FaceTrader","floor":5,"gold_loss":0},{"damage_healed":0,"gold_gain":0,"cards_transformed":["Strike_G"],"player_choice":"Transformed","damage_taken":0,"max_hp_gain":0,"max_hp_loss":0,"event_name":"Transmorgrifier","floor":11,"gold_loss":0,"cards_obtained":["Flechettes"]},{"damage_healed":0,"gold_gain":0,"player_choice":"Rummage","damage_taken":0,"relics_obtained":["WarpedTongs"],"max_hp_gain":0,"max_hp_loss":0,"event_name":"Accursed Blacksmith","floor":19,"gold_loss":0,"cards_obtained":["Pain"]}],"is_beta":false,"boss_relics":[{"not_picked":["halation:ForbiddenBikini","hubris:TerracottaHorce"],"picked":"aspiration:SecretTechniqueScroll"},{"not_picked":["energizedSpire:NeverEndingSparkler","infinitespire:Cupcake"],"picked":"SoulBox"}],"items_purged_floors":[12,12,20,29,38],"is_endless":false,"potions_floor_spawned":[2,4,21,24,27,39,41,47,48,54],"ascension_level":0}}