{"host":"ndpbn7fqb3wjbd7p","time":1610842254,"event":{"mods":["AchievementEnabler","Act Like it!","AlwaysNeverKeys","BaseMod","Better Vampires","Block Reminder","Colored Powertips","DeckTracker","Defuse TimeMaze Blight","Friendly Minions","Hallownest","Hermit","Highlight Path","MarisaÅiñ∂âJÅ@ñÇóùçπÅj","Minty Spire (QoL Compilation)","Permanent Neow","Shade Mod","StSLib","SuperFastMode","Synergy Search","The Mystic","Unceasing Turn Reminder","Wandering Minibosses","egg"],"gold_per_floor":[114,39,51,51,51,51,79,79,79,79,99,15,42,73,85,97,97],"floor_reached":16,"language":"ENG","playtime":954,"items_purged":["Defend_G"],"score":174,"play_id":"77c0507b-e397-4328-a8fd-e7853037b804","local_time":"20210117011054","is_ascension_mode":true,"campfire_choices":[{"data":"Trip","floor":6,"key":"SMITH"},{"data":"Finisher","floor":8,"key":"SMITH"},{"data":"Impatience","floor":15,"key":"SMITH"}],"circlet_count":1,"master_deck":["AscendersBane","Strike_G","Strike_G","Strike_G","Strike_G","Strike_G","Defend_G","Defend_G","Defend_G","Defend_G","Survivor","Neutralize","Trip+1","Finisher+1","Deflect","Escape Plan","Impatience+1","Slice","Masterful Stab"],"relics":["Ring of the Snake","Hallownest:DreamNailRelic","Akabeko","Toy Ornithopter","Circlet","MawBank"],"acts_visited":["Exordium"],"potions_floor_usage":[3,3,3,16,16],"damage_taken":[{"damage":0,"enemies":"Hallownest:monsterHuskGuard","floor":1,"turns":3},{"damage":0,"enemies":"Hallownest:2_Tiktiks_and_1_Crawlid","floor":3,"turns":3},{"damage":34,"enemies":"Hallownest:eliteMossKnight","floor":7,"turns":17},{"damage":5,"enemies":"Hallownest:monsterHuskWarrior","floor":11,"turns":6},{"damage":9,"enemies":"Hallownest:eliteVengeflyKing","floor":13,"turns":5},{"damage":1,"enemies":"Hallownest:MossCreep_and_Mosskin","floor":14,"turns":5},{"damage":23,"enemies":"Hallownest:BossBrokenVessel","floor":16,"turns":6}],"seed_played":"292789494687455745","potions_obtained":[{"floor":1,"key":"EntropicBrew"},{"floor":13,"key":"DuplicationPotion"},{"floor":14,"key":"SteroidPotion"}],"is_trial":false,"path_per_floor":["M","$","M","?","?","R","E","R","T","?","M","$","E","M","R","B"],"character_chosen":"THE_SILENT","items_purchased":["Impatience"],"campfire_rested":0,"item_purchase_floors":[12],"current_hp_per_floor":[59,59,59,59,59,59,25,25,25,25,20,20,11,10,10,0,0],"gold":97,"neow_bonus":"RANDOM_COLORLESS","is_daily":false,"chose_seed":false,"campfire_upgraded":3,"win_rate":0.0,"timestamp":1610842254,"path_taken":["M","$","M","?","?","R","E","R","T","?","M","$","E","?","R","BOSS"],"items_purchased_type":["Card"],"build_version":"2020-12-22","purchased_purges":1,"victory":false,"max_hp_per_floor":[66,66,66,66,66,66,66,66,66,66,66,66,66,66,66,66,66],"card_choices":[{"not_picked":["Jack Of All Trades","Flash of Steel"],"picked":"Trip","floor":0},{"not_picked":["Caltrops","Footwork"],"picked":"Finisher","floor":1},{"not_picked":["Poisoned Stab","Dodge and Roll","Dagger Throw"],"picked":"SKIP","floor":3},{"not_picked":["Quick Slash","Poisoned Stab"],"picked":"Deflect","floor":7},{"not_picked":["Prepared","PiercingWail"],"picked":"Escape Plan","floor":11},{"not_picked":["Predator","Acrobatics"],"picked":"Slice","floor":13},{"not_picked":["Skewer","Bouncing Flask"],"picked":"Masterful Stab","floor":14}],"player_experience":1138058,"relics_obtained":[{"floor":7,"key":"Akabeko"},{"floor":9,"key":"Toy Ornithopter"},{"floor":13,"key":"MawBank"}],"event_choices":[],"is_beta":false,"boss_relics":[],"items_purged_floors":[2],"is_endless":false,"potions_floor_spawned":[1,13,14],"killed_by":"Hallownest:BossBrokenVessel","ascension_level":15}}