{"host":"hmtuahrtrcu9fql1","time":1610859911,"event":{"mods":["AchievementEnabler","BaseMod","Colored Map","Minty Spire (QoL Compilation)","Rare Cards Sparkle","SuperFastMode"],"gold_per_floor":[114,114,114,134,134,134,152,167,167,238,238,265,275,285,285,388,388,405,415,330,341,356,385,484,484,507,507,533,551,551,73,73,178,178,196,196,0,0,0],"floor_reached":38,"language":"KOR","playtime":993,"items_purged":["Strike_G"],"score":439,"play_id":"0218000c-5012-4090-bddb-ceab6989606f","local_time":"20210117140511","is_ascension_mode":false,"campfire_choices":[{"data":"Neutralize","floor":6,"key":"SMITH"},{"data":"Noxious Fumes","floor":11,"key":"SMITH"},{"data":"Poisoned Stab","floor":15,"key":"SMITH"},{"floor":25,"key":"REST"},{"floor":27,"key":"REST"},{"floor":32,"key":"REST"}],"circlet_count":0,"master_deck":["Strike_G+1","Strike_G","Strike_G","Strike_G","Defend_G","Defend_G","Defend_G+1","Defend_G","Defend_G","Survivor","Neutralize+1","Backflip","Noxious Fumes+1","Poisoned Stab+1","Poisoned Stab","Prepared","Venomology","Caltrops+1","Deadly Poison","Deadly Poison+1","Catalyst+1","Madness","Madness"],"relics":["Ring of the Snake","NeowsBlessing","Sundial","Torii","Pantograph","Ice Cream","Dream Catcher","Ninja Scroll","Juzu Bracelet","Strawberry","Letter Opener","PrismaticShard","Mercury Hourglass","SacredBark","Red Mask"],"acts_visited":["Exordium","TheCity","TheBeyond"],"potions_floor_usage":[18,19,19,19,19,21,22,22,23,23,29,38,38],"damage_taken":[{"damage":0,"enemies":"2 Louse","floor":1,"turns":1},{"damage":0,"enemies":"Cultist","floor":4,"turns":1},{"damage":0,"enemies":"Jaw Worm","floor":7,"turns":1},{"damage":4,"enemies":"3 Louse","floor":8,"turns":4},{"damage":11,"enemies":"3 Sentries","floor":12,"turns":6},{"damage":0,"enemies":"Large Slime","floor":13,"turns":4},{"damage":22,"enemies":"Exordium Thugs","floor":14,"turns":5},{"damage":14,"enemies":"Hexaghost","floor":16,"turns":9},{"damage":1,"enemies":"Chosen","floor":18,"turns":4},{"damage":9,"enemies":"Spheric Guardian","floor":19,"turns":5},{"damage":23,"enemies":"Snake Plant","floor":21,"turns":4},{"damage":12,"enemies":"Snecko","floor":22,"turns":5},{"damage":26,"enemies":"Gremlin Leader","floor":23,"turns":6},{"damage":18,"enemies":"Book of Stabbing","floor":28,"turns":5},{"damage":30,"enemies":"3 Cultists","floor":29,"turns":6},{"damage":35,"enemies":"Collector","floor":33,"turns":6},{"damage":33,"enemies":"3 Darklings","floor":35,"turns":5},{"damage":34,"enemies":"2 Orb Walkers","floor":38,"turns":3}],"seed_played":"4736240625735635841","potions_obtained":[{"floor":1,"key":"Regen Potion"},{"floor":12,"key":"FearPotion"},{"floor":13,"key":"AttackPotion"},{"floor":14,"key":"EssenceOfSteel"},{"floor":22,"key":"Swift Potion"},{"floor":29,"key":"SkillPotion"}],"is_trial":false,"path_per_floor":["M","?","?","M","?","R","M","M","T","T","R","E","M","M","R","B",null,"M","M","?","M","M","E","?","R","T","R","E","M","?","$","R","B",null,"M","?","?","?"],"character_chosen":"THE_SILENT","items_purchased":["PrismaticShard","Mercury Hourglass"],"campfire_rested":3,"item_purchase_floors":[31,31],"current_hp_per_floor":[70,75,60,60,53,53,53,49,49,49,49,38,38,16,16,27,75,74,74,74,51,39,13,13,35,35,57,46,16,16,16,40,30,82,49,39,39,5,5],"gold":0,"neow_bonus":"THREE_ENEMY_KILL","is_daily":false,"chose_seed":false,"campfire_upgraded":3,"win_rate":0.0,"timestamp":1610859911,"path_taken":["M","?","?","M","?","R","M","M","T","?","R","E","M","M","R","BOSS","M","?","?","M","M","E","?","R","T","R","E","M","?","$","R","BOSS","M","?","?","?"],"items_purchased_type":["Relic","Relic"],"build_version":"2020-12-22","purchased_purges":1,"victory":false,"max_hp_per_floor":[70,75,75,75,75,75,75,75,75,75,75,75,75,75,75,75,75,75,75,75,75,75,75,75,75,75,75,82,82,82,82,82,82,82,82,82,82,82,82],"card_choices":[{"not_picked":["Leg Sweep","Dodge and Roll"],"picked":"Backflip","floor":1},{"not_picked":["Predator","Crippling Poison"],"picked":"Poisoned Stab","floor":4},{"not_picked":["Crippling Poison","Endless Agony"],"picked":"Noxious Fumes","floor":7},{"not_picked":["Underhanded Strike","Leg Sweep"],"picked":"Poisoned Stab","floor":8},{"not_picked":["Dodge and Roll","Deflect"],"picked":"Poisoned Stab","floor":12},{"not_picked":["Bane","Dodge and Roll","Quick Slash"],"picked":"SKIP","floor":13},{"not_picked":["Poisoned Stab","Flying Knee"],"picked":"Prepared","floor":14},{"not_picked":["Malaise","Doppelganger"],"picked":"Venomology","floor":16},{"not_picked":["Well Laid Plans","Bane"],"picked":"Caltrops+1","floor":18},{"not_picked":["Predator","Quick Slash+1","Backflip"],"picked":"SKIP","floor":19},{"not_picked":["Prepared","Sucker Punch"],"picked":"Deadly Poison","floor":21},{"not_picked":["Predator","Reflex"],"picked":"Deadly Poison+1","floor":22},{"not_picked":["Dagger Throw+1","Noxious Fumes","Eviscerate"],"picked":"SKIP","floor":23},{"not_picked":["Dagger Throw","Tools of the Trade","Acrobatics"],"picked":"SKIP","floor":28},{"not_picked":["Blade Dance","Bane"],"picked":"Catalyst+1","floor":29},{"not_picked":["Blade Dance+1","Dagger Spray+1","Auto Shields"],"picked":"SKIP","floor":35}],"player_experience":7597,"relics_obtained":[{"floor":9,"key":"Torii"},{"floor":10,"key":"Pantograph"},{"floor":12,"key":"Ice Cream"},{"floor":23,"key":"Ninja Scroll"},{"floor":26,"key":"Juzu Bracelet"},{"floor":28,"key":"Strawberry"}],"event_choices":[{"damage_healed":0,"gold_gain":0,"player_choice":"Donut","damage_taken":0,"max_hp_gain":5,"max_hp_loss":0,"event_name":"Big Fish","floor":2,"gold_loss":0},{"damage_healed":0,"gold_gain":0,"player_choice":"Entered Light","damage_taken":15,"max_hp_gain":0,"max_hp_loss":0,"event_name":"Shining Light","floor":3,"gold_loss":0,"cards_upgraded":["Defend_G","Strike_G"]},{"damage_healed":0,"gold_gain":0,"player_choice":"Success","damage_taken":7,"relics_obtained":["Sundial"],"max_hp_gain":0,"max_hp_loss":0,"event_name":"Scrap Ooze","floor":5,"gold_loss":0},{"damage_healed":0,"gold_gain":0,"player_choice":"Obtained Relic","damage_taken":0,"relics_obtained":["Dream Catcher"],"max_hp_gain":0,"max_hp_loss":0,"event_name":"Addict","floor":20,"gold_loss":85},{"damage_healed":0,"gold_gain":99,"player_choice":"Stole From Cult","damage_taken":0,"max_hp_gain":0,"max_hp_loss":0,"event_name":"Nest","floor":24,"gold_loss":0},{"cards_removed":["Poisoned Stab"],"damage_healed":0,"gold_gain":0,"player_choice":"Gave Card","damage_taken":0,"relics_obtained":["Letter Opener"],"max_hp_gain":0,"max_hp_loss":0,"event_name":"WeMeetAgain","floor":30,"gold_loss":0},{"damage_healed":0,"gold_gain":0,"player_choice":"Embrace Madness","damage_taken":10,"max_hp_gain":0,"max_hp_loss":0,"event_name":"Winding Halls","floor":36,"gold_loss":0,"cards_obtained":["Madness","Madness"]},{"damage_healed":0,"gold_gain":0,"player_choice":"Paid","damage_taken":0,"relics_obtained":["Red Mask"],"max_hp_gain":0,"max_hp_loss":0,"event_name":"Tomb of Lord Red Mask","floor":37,"gold_loss":196},{"damage_healed":0,"gold_gain":0,"player_choice":"Fight","damage_taken":0,"max_hp_gain":0,"max_hp_loss":0,"event_name":"Mysterious Sphere","floor":38,"gold_loss":0}],"is_beta":false,"boss_relics":[{"not_picked":["Sozu","Snecko Eye","HoveringKite"]},{"not_picked":["Ring of the Serpent","SlaversCollar"],"picked":"SacredBark"}],"items_purged_floors":[31],"is_endless":false,"potions_floor_spawned":[1,12,13,14,16,19,22,29],"killed_by":"2 Orb Walkers","ascension_level":0}}