{"host":"eqvfcipf8hzzjeaq","time":1610915022,"event":{"mods":["BaseMod","Colored Map","Colored Powertips","Friendly Minions","Minty Spire (QoL Compilation)","Random Character Button","Relic Sorter","Shop Mod","StSLib","SuperFastMode","The Hierophant"],"gold_per_floor":[118,293,293,320,320,348,348,376,403,403,417,417,446,460,460,500,500],"floor_reached":16,"language":"ENG","playtime":1020,"items_purged":[],"score":116,"play_id":"cf89be73-1e75-482d-9386-29b99019cda7","local_time":"20210117152342","is_ascension_mode":false,"campfire_choices":[{"data":"hierophant:Punish","floor":7,"key":"SMITH"},{"data":"hierophant:ChurchCoffers","floor":10,"key":"SMITH"},{"floor":12,"key":"DIG"},{"data":"hierophant:PristineSoul","floor":15,"key":"SMITH"}],"circlet_count":0,"master_deck":["hierophant:Strike_Hierophant","hierophant:Strike_Hierophant","hierophant:Strike_Hierophant","hierophant:Punish+1","hierophant:Defend_Hierophant","hierophant:Defend_Hierophant","hierophant:Defend_Hierophant","hierophant:Defend_Hierophant","hierophant:ChurchCoffers+1","hierophant:Zeal","hierophant:Embezzle","hierophant:PristineSoul+1","hierophant:Shelter","hierophant:Encroach"],"relics":["Coffee Dripper","Pen Nib","Shovel","Happy Flower","Bag of Marbles","Blood Vial","Art of War"],"acts_visited":["Exordium"],"potions_floor_usage":[8],"damage_taken":[{"damage":0,"enemies":"2 Louse","floor":1,"turns":2},{"damage":19,"enemies":"3 Sentries","floor":6,"turns":11},{"damage":11,"enemies":"Gremlin Nob","floor":8,"turns":3},{"damage":0,"enemies":"Jaw Worm","floor":11,"turns":1},{"damage":8,"enemies":"Lagavulin","floor":13,"turns":5},{"damage":0,"enemies":"Small Slimes","floor":14,"turns":1},{"damage":36,"enemies":"Hexaghost","floor":16,"turns":12}],"seed_played":"-6556452242134947680","potions_obtained":[{"floor":6,"key":"Strength Potion"},{"floor":13,"key":"Energy Potion"},{"floor":14,"key":"Strength Potion"}],"is_trial":false,"path_per_floor":["M","?","?","T","?","E","R","E","T","R","M","R","E","M","R","B"],"character_chosen":"HIEROPHANT","items_purchased":[],"campfire_rested":0,"item_purchase_floors":[],"current_hp_per_floor":[75,75,75,75,68,49,49,38,38,38,38,38,32,34,34,0,0],"gold":500,"neow_bonus":"BOSS_RELIC","is_daily":false,"chose_seed":false,"campfire_upgraded":3,"win_rate":0.0,"timestamp":1610915022,"path_taken":["M","?","?","?","?","E","R","E","T","R","M","R","E","M","R","BOSS"],"items_purchased_type":[],"build_version":"2020-12-22","purchased_purges":0,"victory":false,"max_hp_per_floor":[75,75,75,75,75,75,75,75,75,75,75,75,75,75,75,75,75],"card_choices":[{"not_picked":["hierophant:FieryStrike","hierophant:SecretStash"],"picked":"hierophant:Zeal","floor":1},{"not_picked":["hierophant:MirrorShield","hierophant:FieryStrike"],"picked":"hierophant:Embezzle","floor":6},{"not_picked":["hierophant:OrnateBuckler","hierophant:Martyrdom","hierophant:Mercenaries"],"picked":"SKIP","floor":8},{"not_picked":["hierophant:ThreeLashes","hierophant:Shelter"],"picked":"hierophant:PristineSoul","floor":11},{"not_picked":["hierophant:Upheaval","hierophant:RustyCrate"],"picked":"hierophant:Shelter","floor":13},{"not_picked":["hierophant:Martyrdom","hierophant:DisplayOfPower"],"picked":"hierophant:Encroach","floor":14}],"player_experience":1187727,"relics_obtained":[{"floor":4,"key":"Pen Nib"},{"floor":6,"key":"Shovel"},{"floor":8,"key":"Happy Flower"},{"floor":9,"key":"Bag of Marbles"},{"floor":12,"key":"Blood Vial"},{"floor":13,"key":"Art of War"}],"event_choices":[{"damage_healed":0,"gold_gain":175,"player_choice":"AGREE","damage_taken":0,"max_hp_gain":0,"max_hp_loss":0,"event_name":"Liars Game","floor":2,"gold_loss":0,"cards_obtained":["Doubt"]},{"cards_removed":["Doubt"],"damage_healed":0,"gold_gain":0,"player_choice":"Forget","damage_taken":0,"max_hp_gain":0,"max_hp_loss":0,"event_name":"Living Wall","floor":3,"gold_loss":0},{"cards_removed":["hierophant:Strike_Hierophant"],"damage_healed":0,"gold_gain":0,"player_choice":"Card Removal","damage_taken":7,"max_hp_gain":0,"max_hp_loss":0,"event_name":"Golden Wing","floor":5,"gold_loss":0}],"is_beta":false,"boss_relics":[],"items_purged_floors":[],"is_endless":false,"potions_floor_spawned":[6,13,14],"killed_by":"Hexaghost","ascension_level":0}}