{"host":"tjjuwi3liievx0vu","time":1610872851,"event":{"mods":["BaseMod","Colored Map","Downfall","Minty Spire (QoL Compilation)","StSLib"],"gold_per_floor":[99,109,209,46,66,83,108,122,122,122,7,457,457,632,652,755,755,755,755,290,120,133,153,179,179,179,179],"floor_reached":26,"language":"ENG","playtime":1833,"items_purged":["bronze:Strike","Regret","bronze:Strike"],"score":294,"play_id":"9232d04e-b8c0-4d3d-a2ff-ff11ded2f07c","local_time":"20210117094051","is_ascension_mode":false,"campfire_choices":[{"data":"bronze:Goto","floor":1,"key":"SMITH"},{"data":"bronze:DigitalCarnage","floor":10,"key":"SMITH"},{"data":"bronze:Repulsor","floor":13,"key":"SMITH"},{"floor":18,"key":"RECALL"}],"circlet_count":0,"master_deck":["bronze:Strike","bronze:Strike","bronze:Defend","bronze:Defend","bronze:Defend","bronze:Defend","bronze:Replicate","bronze:Goto+1","bronze:FineTuning","bronze:DigitalCarnage+1","bronze:Flail","bronze:BitShift","bronze:DigitalCarnage","bronze:Repulsor+1","bronze:Format","downfall:Icky","downfall:Icky","downfall:Icky","Doubt","bronze:Iterate","bronze:Assembly","CurseOfTheBell","bronze:Repulsor+1","bronze:ChildClass","bronze:ClassDefault","bronze:CutThrough","bronze:Return+1","bronze:ChosenStrike"],"relics":["bronze:BronzeCore","Dream Catcher","Ornamental Fan","Calling Bell","Unceasing Top","Mummified Hand","Bottled Tornado","Omamori","Smiling Mask","downfall:RedIOU"],"acts_visited":["Exordium","TheCity"],"potions_floor_usage":[11,11,16,16],"damage_taken":[{"damage":1,"enemies":"Jaw Worm","floor":2,"turns":3},{"damage":0,"enemies":"downfall:FleeingMerchant","floor":4,"turns":4},{"damage":0,"enemies":"Cultist","floor":5,"turns":3},{"damage":2,"enemies":"2 Louse","floor":6,"turns":2},{"damage":23,"enemies":"Exordium Thugs","floor":8,"turns":3},{"damage":14,"enemies":"downfall:FleeingMerchant","floor":11,"turns":4},{"damage":13,"enemies":"Lots of Slimes","floor":15,"turns":2},{"damage":22,"enemies":"SI_SHIV_ARCHETYPE","floor":16,"turns":7},{"damage":20,"enemies":"downfall:FleeingMerchant","floor":20,"turns":4},{"damage":3,"enemies":"downfall:FleeingMerchant","floor":21,"turns":4},{"damage":5,"enemies":"Chosen","floor":22,"turns":3},{"damage":31,"enemies":"Shell Parasite","floor":23,"turns":4},{"damage":22,"enemies":"Sentry and Sphere","floor":26,"turns":3}],"seed_played":"-4646949764038064207","potions_obtained":[{"floor":2,"key":"DuplicationPotion"},{"floor":6,"key":"Energy Potion"},{"floor":8,"key":"BlessingOfTheForge"},{"floor":15,"key":"FearPotion"},{"floor":16,"key":"ColorlessPotion"},{"floor":22,"key":"sneckomod:MuddlingPotion"},{"floor":23,"key":"AttackPotion"}],"is_trial":false,"path_per_floor":["R","M","?","$","M","M","T","M","?","R","$","?","R","?","M","B",null,"R","?","$","$","M","M","T","?","M"],"character_chosen":"THE_AUTOMATON","items_purchased":["bronze:Flail","bronze:ClassDefault","Bottled Tornado","Omamori"],"campfire_rested":0,"item_purchase_floors":[4,20,20,21],"current_hp_per_floor":[77,76,76,76,76,74,74,51,51,51,37,37,37,37,24,2,77,77,77,57,54,49,18,18,18,0,0],"gold":179,"neow_bonus":"TEN_PERCENT_HP_BONUS","is_daily":false,"chose_seed":false,"campfire_upgraded":3,"win_rate":0.0,"timestamp":1610872851,"path_taken":["R","M","?","$","?","M","T","M","?","R","$","?","R","?","M","BOSS","R","?","?","$","?","M","T","?","M"],"items_purchased_type":["Card","Card","Relic","Relic"],"build_version":"2020-12-22","purchased_purges":3,"victory":false,"max_hp_per_floor":[77,77,77,77,77,77,77,77,77,77,77,77,77,77,77,77,77,77,77,77,77,77,77,77,77,77,77],"card_choices":[{"not_picked":["bronze:BitShift","bronze:Deprecate"],"picked":"bronze:FineTuning","floor":2},{"not_picked":["bronze:BronzeArmor","bronze:Safeguard"],"picked":"bronze:DigitalCarnage","floor":4},{"not_picked":["bronze:MaxOutput","bronze:Overheat"],"picked":"bronze:BitShift","floor":5},{"not_picked":["bronze:MaxOutput","bronze:OilSpill"],"picked":"bronze:DigitalCarnage","floor":6},{"not_picked":["bronze:Shell","bronze:DarkDash"],"picked":"bronze:Repulsor","floor":8},{"not_picked":["bronze:NullPointer","bronze:BuggyMess"],"picked":"bronze:Format","floor":11},{"not_picked":["bronze:Safeguard","bronze:WildBeam"],"picked":"bronze:Iterate","floor":15},{"not_picked":["bronze:Break","bronze:Mutator"],"picked":"bronze:Assembly","floor":16},{"not_picked":["bronze:DelayedSlice+1","bronze:Frontload"],"picked":"bronze:ChildClass","floor":20},{"not_picked":["bronze:WildBeam","bronze:Repulsor"],"picked":"bronze:CutThrough","floor":21},{"not_picked":["bronze:Boost","bronze:BitShift"],"picked":"bronze:Return+1","floor":22},{"not_picked":["bronze:WhirlingStrike","bronze:BugBarrage"],"picked":"bronze:ChosenStrike","floor":23}],"player_experience":817870,"relics_obtained":[{"floor":7,"key":"Dream Catcher"},{"floor":17,"key":"Unceasing Top"},{"floor":17,"key":"Mummified Hand"},{"floor":17,"key":"bronze:SilverBullet"},{"floor":24,"key":"Smiling Mask"}],"event_choices":[{"damage_healed":0,"gold_gain":0,"player_choice":"Box","damage_taken":0,"relics_obtained":["Ornamental Fan"],"max_hp_gain":0,"max_hp_loss":0,"event_name":"Big Fish","floor":9,"gold_loss":0,"cards_obtained":["Regret"]}],"is_beta":false,"boss_relics":[{"not_picked":["sneckomod:SneckoTalon","Pandora\u0027s Box"],"picked":"Calling Bell"}],"items_purged_floors":[4,11,20],"is_endless":false,"potions_floor_spawned":[2,6,8,15,16,22,23],"killed_by":"Sentry and Sphere","ascension_level":0}}