{"host":"4rvk26w7t08d5zdj","time":1610845777,"event":{"mods":["AchievementEnabler","BaseMod","Colored Powertips","Conspire","Energized Spire","GifTheSpireLib","Minty Spire (QoL Compilation)","Rare Cards Sparkle","StSLib","The Animator","The Blue Laboratory"],"gold_per_floor":[130,130,76,113,188,188,188,209,234,255,102,102,122,157,157,287,287,308,72,72,72,104,161,188,188,188,36,36,67,94,135,135,271,271,291,217,237,237,262,262,262,41,68,127,75,98,198,270,270,280,280],"floor_reached":50,"language":"ENG","playtime":3775,"items_purged":["Injury"],"score":583,"play_id":"a8bec694-20d6-495d-b54c-8aff00a6c964","local_time":"20210116170937","is_ascension_mode":false,"campfire_choices":[{"data":"animator:Aqua","floor":6.0,"key":"SMITH"},{"data":"animator:Vesta","floor":12.0,"key":"SMITH"},{"data":"animator:Darkness","floor":15.0,"key":"SMITH"},{"data":"animator:Wiz","floor":25,"key":"SMITH"},{"data":"animator:Vanir","floor":32,"key":"SMITH"},{"data":"animator:Tet","floor":40,"key":"SMITH"},{"floor":49,"key":"REST"}],"circlet_count":0,"master_deck":["animator:Strike_Konosuba","animator:Defend_Konosuba","animator:Strike","animator:Strike","animator:Strike","animator:Defend","animator:Defend","animator:Defend","animator:Kazuma","animator:Aqua+1","animator:MisaKurobane","animator:Mitsurugi","animator:Priestess","animator:Vesta+1","animator:Shuna","animator:Verdia","animator:Darkness+1","animator:Layla","animator:IzunaHatsuse","animator:ChaikaTrabant","animator:Jibril+1","animator:Chris","animator:Wiz+1","animator:Rimuru","animator:YunYun+1","animator:Aqua","animator:DolaCouronne","animator:Tet+1","animator:Vanir+1","animator:GoblinSlayer","animator:LizardPriest","animator:Darkness","animator:Chris+1","animator:LimeBell","animator:CowGirl","animator:ChaikaTrabant","animator:Chris","animator:DwarfShaman","animator:Aqua","animator:Fredrika"],"relics":["animator:LivingPicture","animator:TheMissingPiece","Golden Idol","Bronze Scales","Bird Faced Urn","Black Star","HandDrill","InkBottle","Orichalcum","Juzu Bracelet","animator:WornHelmet","conspire:Dentures","Lantern","Omamori","animator:CursedBlade","Sling","PreservedInsect","TungstenRod","Vajra","animator:AlchemistGlove"],"acts_visited":["Exordium","TheCity","TheBeyond"],"potions_floor_usage":[18,18,22,30,33,39,46,46,50,50],"damage_taken":[{"damage":1.0,"enemies":"Jaw Worm","floor":1.0,"turns":5.0},{"damage":0.0,"enemies":"conspire:RoseBush","floor":4.0,"turns":4.0},{"damage":0.0,"enemies":"2 Louse","floor":8.0,"turns":3.0},{"damage":0.0,"enemies":"Blue Slaver","floor":10.0,"turns":2.0},{"damage":0.0,"enemies":"Red Slaver","floor":13.0,"turns":3.0},{"damage":0.0,"enemies":"Lagavulin","floor":14.0,"turns":9.0},{"damage":19,"enemies":"The Guardian","floor":16,"turns":9},{"damage":8,"enemies":"conspire:FuzzyDice","floor":18,"turns":7},{"damage":2,"enemies":"2 Thieves","floor":22,"turns":3},{"damage":6,"enemies":"Book of Stabbing","floor":23,"turns":5},{"damage":7,"enemies":"Shelled Parasite and Fungi","floor":24,"turns":3},{"damage":0,"enemies":"Chosen and Byrds","floor":29,"turns":6},{"damage":0,"enemies":"Snake Plant","floor":30,"turns":4},{"damage":1,"enemies":"conspire:Head Lice","floor":31,"turns":6},{"damage":4,"enemies":"conspire:MysteriousRune","floor":33,"turns":7},{"damage":23,"enemies":"3 Darklings","floor":35,"turns":3},{"damage":0,"enemies":"3 Shapes","floor":37,"turns":4},{"damage":3,"enemies":"Spire Growth","floor":39,"turns":4},{"damage":13,"enemies":"Giant Head","floor":44,"turns":10},{"damage":9,"enemies":"Maw","floor":46,"turns":10},{"damage":57,"enemies":"2 Orb Walkers","floor":48,"turns":6},{"damage":51,"enemies":"Time Eater","floor":50,"turns":6}],"seed_played":"-6509318028346140595","potions_obtained":[{"floor":8.0,"key":"EntropicBrew"},{"floor":10.0,"key":"blueLaboratory:AbyssPotion"},{"floor":14.0,"key":"Energy Potion"},{"floor":16,"key":"blueLaboratory:HummingbirdPotion"},{"floor":21,"key":"blueLaboratory:StoneskinPotion"},{"floor":21,"key":"DistilledChaos"},{"floor":23,"key":"blueLaboratory:BottleOfRum"},{"floor":33,"key":"blueLaboratory:StoneskinPotion"},{"floor":35,"key":"blueLaboratory:HummingbirdPotion"},{"floor":46,"key":"blueLaboratory:SavagePotion"},{"floor":48,"key":"Energy Potion"}],"is_trial":false,"path_per_floor":["M","?","$","M","?","R","?","M","T","M","$","R","M","E","R","B",null,"M","$","?","?","M","E","M","R","T","$","T","M","M","E","R","B",null,"M","$","M","?","M","R","?","$","T","E","$","M","?","?","R","B"],"character_chosen":"THE_ANIMATOR","items_purchased":["animator:Priestess","animator:Darkness","animator:Chris","HandDrill","animator:WornHelmet","animator:Darkness","Sling","animator:ChaikaTrabant","animator:DwarfShaman"],"campfire_rested":1,"item_purchase_floors":[3,11,19,19,27,36,42,42,45],"current_hp_per_floor":[66,66,66,66,55,55,55,59,59,63,63,63,66,68,68,52,68,65,65,65,65,66,65,63,63,63,63,63,68,68,69,69,65,69,46,46,55,55,61,61,61,61,61,58,58,60,60,18,38,0,0],"gold":280,"neow_bonus":"RANDOM_COLORLESS","is_daily":false,"chose_seed":false,"campfire_upgraded":6,"win_rate":0.0,"timestamp":1610845777,"path_taken":["M","?","$","M","?","R","?","M","T","M","?","R","M","E","R","BOSS","M","$","?","?","M","E","?","R","T","$","?","M","M","E","R","BOSS","M","$","M","?","M","R","?","$","T","E","?","M","?","?","R","BOSS"],"items_purchased_type":["Card","Card","Card","Relic","Relic","Card","Relic","Card","Card"],"build_version":"2020-12-22","purchased_purges":1,"victory":false,"max_hp_per_floor":[66,66,66,66,66,66,66,67,67,68,68,68,68,68,68,68,68,68,68,68,68,68,68,68,68,68,68,68,68,68,69,69,69,69,69,69,69,69,69,69,69,69,69,69,69,69,69,69,69,69,69],"card_choices":[{"not_picked":["animator:QuestionMark","animator:IchigoKurosaki"],"picked":"animator:MisaKurobane","floor":0.0},{"not_picked":["animator:Guy","animator:Viivi"],"picked":"animator:Mitsurugi","floor":1.0},{"not_picked":["animator:Hakurou","animator:ChlammyZell"],"picked":"animator:Vesta","floor":4.0},{"not_picked":["animator:DolaRiku","animator:DolaStephanie"],"picked":"animator:Shuna","floor":8.0},{"not_picked":["animator:YunYun","animator:Mitsurugi"],"picked":"animator:Verdia","floor":10.0},{"not_picked":["animator:Kuribayashi","animator:Elsword"],"picked":"animator:Layla","floor":13.0},{"not_picked":["animator:DolaRiku","animator:TukaLunaMarceau"],"picked":"animator:IzunaHatsuse","floor":14.0},{"not_picked":["animator:Elesis","animator:AcuraShin"],"picked":"animator:ChaikaTrabant","floor":16},{"not_picked":["animator:Chung","animator:Gillette"],"picked":"animator:Jibril+1","floor":18},{"not_picked":["animator:Vesta","animator:Benimaru"],"picked":"animator:Rimuru","floor":22},{"not_picked":["animator:ChlammyZell+1","animator:Ara"],"picked":"animator:YunYun+1","floor":23},{"not_picked":["animator:RoryMercury+1","animator:YunYun"],"picked":"animator:Aqua","floor":24},{"not_picked":["animator:TukaLunaMarceau","animator:Elsword"],"picked":"animator:DolaCouronne","floor":29},{"not_picked":["animator:ChlammyZell","animator:DolaCouronne"],"picked":"animator:Tet","floor":30},{"not_picked":["animator:LeleiLaLalena","animator:IzunaHatsuse"],"picked":"animator:Vanir","floor":31},{"not_picked":["animator:Hans","animator:Sora"],"picked":"animator:GoblinSlayer","floor":33},{"not_picked":["animator:Souei+1","animator:Viivi+1"],"picked":"animator:LizardPriest","floor":35},{"not_picked":["animator:CowGirl","animator:Guy+1"],"picked":"animator:Chris+1","floor":37},{"not_picked":["animator:NononJakuzure","animator:TanyaDegurechaff"],"picked":"animator:LimeBell","floor":38},{"not_picked":["animator:LizardPriest","animator:Spearman"],"picked":"animator:CowGirl","floor":39},{"not_picked":["animator:Tet","animator:Vanir"],"picked":"animator:Chris","floor":44},{"not_picked":["animator:Darkness+1","animator:Spearman"],"picked":"animator:Aqua","floor":46},{"not_picked":["animator:Tyuule+1","animator:Ciel"],"picked":"animator:Fredrika","floor":48}],"player_experience":1045987,"relics_obtained":[{"floor":9.0,"key":"Bronze Scales"},{"floor":14.0,"key":"Bird Faced Urn"},{"floor":23,"key":"InkBottle"},{"floor":23,"key":"Orichalcum"},{"floor":26,"key":"Juzu Bracelet"},{"floor":28,"key":"conspire:Dentures"},{"floor":31,"key":"Lantern"},{"floor":31,"key":"Omamori"},{"floor":43,"key":"PreservedInsect"},{"floor":44,"key":"TungstenRod"},{"floor":44,"key":"Vajra"},{"floor":48,"key":"animator:AlchemistGlove"}],"event_choices":[{"damage_healed":0.0,"max_hp_gain":0.0,"max_hp_loss":0.0,"gold_gain":0.0,"event_name":"Golden Idol","player_choice":"Take Wound","floor":2.0,"gold_loss":0.0,"damage_taken":0.0,"relics_obtained":["Golden Idol"],"cards_obtained":["Injury"]},{"damage_healed":0.0,"max_hp_gain":0.0,"max_hp_loss":0.0,"gold_gain":75.0,"event_name":"World of Goop","player_choice":"Gather Gold","floor":5.0,"gold_loss":0.0,"damage_taken":11.0},{"damage_healed":0,"gold_gain":0,"player_choice":"Read","damage_taken":0,"max_hp_gain":0,"max_hp_loss":0,"event_name":"The Library","floor":20,"gold_loss":0,"cards_obtained":["animator:Wiz"]},{"damage_healed":0,"gold_gain":0,"player_choice":"Got Potions","damage_taken":0,"max_hp_gain":0,"max_hp_loss":0,"event_name":"Lab","floor":21,"gold_loss":0},{"damage_healed":0,"gold_gain":0,"player_choice":"Memory 1","damage_taken":0,"max_hp_gain":0,"max_hp_loss":0,"event_name":"SensoryStone","floor":38,"gold_loss":0},{"damage_healed":0,"gold_gain":0,"player_choice":"Leave","damage_taken":0,"max_hp_gain":0,"max_hp_loss":0,"event_name":"conspire:Investor","floor":41,"gold_loss":0},{"damage_healed":0,"gold_gain":100,"player_choice":"Pray","damage_taken":0,"max_hp_gain":0,"max_hp_loss":0,"event_name":"Golden Shrine","floor":47,"gold_loss":0},{"damage_healed":0,"gold_gain":0,"player_choice":"Fight","damage_taken":0,"max_hp_gain":0,"max_hp_loss":0,"event_name":"Mysterious Sphere","floor":48,"gold_loss":0}],"is_beta":false,"boss_relics":[{"not_picked":["Fusion Hammer","energizedSpire:CursedPentagram"],"picked":"Black Star"},{"not_picked":["conspire:RoyalGoblet","Runic Dome"],"picked":"animator:CursedBlade"}],"items_purged_floors":[11],"is_endless":false,"potions_floor_spawned":[8,10,14,16,23,33,35,46,48],"killed_by":"Time Eater","ascension_level":0}}