{"host":"i0xrm7p89v8es8ob","time":1610882190,"event":{"mods":["ATMod(°¢èªMod)","AchievementEnabler","Act Like it!","Aspiration","BaseMod","Conspire","Dota2Spire","Minty Spire (QoL Compilation)","MostiFishMod","Pale of the Ancients","Permanent Neow","Quick Restart","Relic Stats","Replay The Spire","Spicy Shops","StSLib","The Gatherer","The IronCluck","The Marked","The Runesmith","[IsaacMod]ÒÔÈö¼âËþ","vexMod","¡¾ÒÅÎï¿¨ÅÆ¡¿REMEMod"],"gold_per_floor":[215,32,49,49,49,49,82,82,82,82,115,115,127,127,127,228,228,245,256,30,30,103,128,128,143,143,143,143,158,158,171,171,276,276,294,41,41,53,53,81,81,98,98,98,98,110,165,183,183,183,202,220,251,251,251,271,271,146,146,146],"floor_reached":61,"language":"ZHS","playtime":2539,"items_purged":["theMarked:Defend","theMarked:Defy","theMarked:Strike"],"score":1152,"play_id":"06066692-c597-47a3-b12c-d8d4f97f45d7","local_time":"20210117191630","is_ascension_mode":false,"campfire_choices":[{"data":"theMarked:Static","floor":6.0,"key":"SMITH"},{"data":"AT_ShrugMaster","floor":8.0,"key":"SMITH"},{"data":"theMarked:GodGivenPower","floor":10.0,"key":"SMITH"},{"data":"theMarked:MagicAdept","floor":15.0,"key":"SMITH"},{"data":"theMarked:RogueSparks","floor":24.0,"key":"SMITH"},{"data":"theMarked:Static","floor":28.0,"key":"SMITH"},{"data":"theMarked:Static","floor":30.0,"key":"SMITH"},{"data":"MostiFishMod:SpreadingSpore","floor":32.0,"key":"SMITH"},{"data":"theMarked:Static","floor":41.0,"key":"SMITH"},{"floor":45.0,"key":"RECALL"},{"data":"AT_EmpoweredMortalDraw","floor":49.0,"key":"SMITH"},{"data":"theMarked:Static","floor":55.0,"key":"SMITH"},{"data":"theMarked:Aftermath","floor":57.0,"key":"SMITH"}],"circlet_count":0,"master_deck":["theMarked:Strike","theMarked:Strike","theMarked:Strike","theMarked:Strike","theMarked:Defend","theMarked:Defend","AT_ShrugMaster+1","MostiFishMod:SpreadingSpore+1","theMarked:GodGivenPower+1","theMarked:GodGivenPower+1","theMarked:Static+1","theMarked:Static+1","theMarked:MagicAdept+1","AT_EmpoweredMortalDraw+1","theMarked:Aftermath+1","ReplayTheSpireMod:Splinters","theMarked:Electrify","theMarked:RogueSparks+1","theMarked:Electrify","theMarked:Static+1","theMarked:Static+1","theMarked:Static+1"],"relics":["theMarked:ArtifactOfAir","REME_ComplimentaryCards","AT_ATBox","HushsDoor","DaveBox","FeatherPendant","GuppysTail","SynthV:TestCard","Civilization","ReplayFunnel","conspire:GiftBox","AT_ChloranthyRing","AT_MortalBlade","Dodecahedron","Dota2Spire:EtherealBlade","Matryoshka","aspiration:RandomNobGenerator","BrkXgEgg","Dota2Spire:EyeOfSkadi","ReplayTheSpireMod:Ninjato","StoneCalendar","paleoftheancients:Timepiece","paleoftheancients:KeyRelic","Anchor","paleoftheancients:SoulOfTheShowman","BelialBook","conspire:TopHat","Shuriken"],"acts_visited":["Exordium","TheCity","TheBeyond","TheBeyond"],"potions_floor_usage":[60],"damage_taken":[{"damage":0.0,"enemies":"Small Slimes","floor":1.0,"turns":2.0},{"damage":0.0,"enemies":"Cultist","floor":3.0,"turns":2.0},{"damage":6.0,"enemies":"Lagavulin","floor":7.0,"turns":3.0},{"damage":0.0,"enemies":"Gremlin Nob","floor":11.0,"turns":3.0},{"damage":0.0,"enemies":"2 Louse","floor":13.0,"turns":2.0},{"damage":0.0,"enemies":"Fading Forest","floor":16.0,"turns":6.0},{"damage":0.0,"enemies":"Spheric Guardian","floor":18.0,"turns":2.0},{"damage":10.0,"enemies":"Chosen","floor":19.0,"turns":2.0},{"damage":27.0,"enemies":"Slavers","floor":23.0,"turns":3.0},{"damage":7.0,"enemies":"Shelled Parasite and Fungi","floor":25.0,"turns":4.0},{"damage":6.0,"enemies":"Chosen and Byrds","floor":29.0,"turns":3.0},{"damage":0.0,"enemies":"Snecko","floor":31.0,"turns":3.0},{"damage":9.0,"enemies":"Pondfish","floor":33.0,"turns":4.0},{"damage":0.0,"enemies":"3 Shapes","floor":35.0,"turns":2.0},{"damage":0.0,"enemies":"Orb Walker","floor":38.0,"turns":2.0},{"damage":0.0,"enemies":"R_Hoarder","floor":40.0,"turns":3.0},{"damage":0.0,"enemies":"4 Shapes","floor":42.0,"turns":2.0},{"damage":0.0,"enemies":"Maw","floor":46.0,"turns":3.0},{"damage":0.0,"enemies":"2 Orb Walkers","floor":47.0,"turns":2.0},{"damage":0.0,"enemies":"Writhing Mass","floor":48.0,"turns":2.0},{"damage":12.0,"enemies":"Replay:Hell Engine","floor":50.0,"turns":3.0},{"damage":0.0,"enemies":"Replay:Hell Engine","floor":51.0,"turns":3.0},{"damage":0.0,"enemies":"Replay:Hell Engine","floor":52.0,"turns":2.0},{"damage":0.0,"enemies":"conspire:MimicChest","floor":53.0,"turns":2.0},{"damage":0.0,"enemies":"conspire:MimicChest","floor":56.0,"turns":2.0},{"damage":175,"enemies":"Delirium","floor":60,"turns":8}],"seed_played":"-463253185522069853","potions_obtained":[{"floor":4.0,"key":"Flashbang"},{"floor":4.0,"key":"AttackPotion"},{"floor":4.0,"key":"Fire Potion"},{"floor":16.0,"key":"Dota2Spire:Clarity"},{"floor":19.0,"key":"LiquidMemories"},{"floor":23.0,"key":"Adrenaline Potion"},{"floor":47.0,"key":"Weak Potion"}],"is_trial":false,"path_per_floor":["M","$","M","?","$","R","E","R","T","R","E","?","M","?","R","B",null,"M","M","$","?","?","E","R","M","T","?","R","M","R","M","R","B",null,"M","$","?","M","?","E","R","M","T","?","R","M","?","M","R","B","M","M","?","T","R","M","R","$","?","B",null],"character_chosen":"THE_DEFAULT","items_purchased":["theMarked:GodGivenPower","Civilization","Dodecahedron","BrkXgEgg"],"campfire_rested":0,"item_purchase_floors":[2,2,20,36],"current_hp_per_floor":[70,70,71,71,71,71,67,67,67,67,76,76,81,81,81,86,86,91,86,86,86,86,68,68,70,70,70,70,69,69,78,78,80,121,126,126,126,131,131,141,141,146,146,139,139,144,149,154,154,166,171,176,181,181,181,186,186,186,186,26],"gold":146,"neow_bonus":"HUNDRED_GOLD","is_daily":false,"chose_seed":false,"campfire_upgraded":12,"win_rate":0.0,"timestamp":1610882190,"path_taken":["M","$","M","?","?","R","E","R","T","R","E","?","?","?","R","BOSS","M","M","$","?","?","E","R","M","T","?","R","M","R","M","R","BOSS","M","$","?","M","?","E","R","?","T","?","R","M","?","M","R","BOSS","M","M","?","T","R","M","R","$","?","BOSS"],"items_purchased_type":["Card","Relic","Relic","Relic"],"build_version":"2020-12-22","purchased_purges":3,"victory":true,"max_hp_per_floor":[70,70,71,71,71,71,73,73,73,73,76,76,81,81,81,86,86,91,96,96,96,96,101,101,106,106,106,106,111,111,116,116,121,121,126,126,126,131,131,141,141,146,146,139,139,144,149,154,154,166,171,176,181,181,181,186,186,186,186,191],"relic_stats":{"counters":[26,75],"Shuriken":[31],"StoneCalendar":[31],"obtain_stats":[{"ReplayFunnel":7,"GuppysTail":0,"AT_ATBox":0,"DaveBox":0,"StoneCalendar":47,"Dota2Spire:EtherealBlade":23,"conspire:TopHat":54,"Civilization":2,"Matryoshka":26,"Dota2Spire:EyeOfSkadi":40,"KeepersGift":0,"AT_ChloranthyRing":11,"paleoftheancients:KeyRelic":50,"ReplayTheSpireMod:Ninjato":43,"Dodecahedron":20,"AT_MortalBlade":17,"BelialBook":53,"BrkXgEgg":36,"aspiration:RandomNobGenerator":34,"paleoftheancients:Timepiece":50,"theMarked:ArtifactOfAir":0,"conspire:GiftBox":9,"Anchor":50,"SynthV:TestCard":1,"FeatherPendant":0,"Shuriken":54,"HushsDoor":0,"paleoftheancients:SoulOfTheShowman":52,"REME_ComplimentaryCards":0},{"ReplayFunnel":3,"GuppysTail":0,"AT_ATBox":0,"DaveBox":0,"StoneCalendar":19,"Dota2Spire:EtherealBlade":9,"conspire:TopHat":24,"Civilization":1,"Matryoshka":10,"Dota2Spire:EyeOfSkadi":16,"KeepersGift":0,"AT_ChloranthyRing":4,"paleoftheancients:KeyRelic":21,"ReplayTheSpireMod:Ninjato":17,"Dodecahedron":8,"AT_MortalBlade":6,"BelialBook":24,"BrkXgEgg":14,"aspiration:RandomNobGenerator":13,"paleoftheancients:Timepiece":21,"theMarked:ArtifactOfAir":0,"conspire:GiftBox":3,"Anchor":21,"SynthV:TestCard":1,"FeatherPendant":0,"Shuriken":24,"HushsDoor":0,"paleoftheancients:SoulOfTheShowman":23,"REME_ComplimentaryCards":0},{"ReplayFunnel":7,"GuppysTail":0,"AT_ATBox":0,"DaveBox":0,"StoneCalendar":53,"Dota2Spire:EtherealBlade":25,"conspire:TopHat":65,"Civilization":2,"Matryoshka":29,"Dota2Spire:EyeOfSkadi":46,"KeepersGift":0,"AT_ChloranthyRing":10,"paleoftheancients:KeyRelic":58,"ReplayTheSpireMod:Ninjato":48,"Dodecahedron":22,"AT_MortalBlade":18,"BelialBook":65,"BrkXgEgg":41,"aspiration:RandomNobGenerator":39,"paleoftheancients:Timepiece":58,"theMarked:ArtifactOfAir":0,"conspire:GiftBox":7,"Anchor":58,"SynthV:TestCard":2,"FeatherPendant":0,"Shuriken":65,"HushsDoor":0,"paleoftheancients:SoulOfTheShowman":63,"REME_ComplimentaryCards":0}]},"card_choices":[{"not_picked":["theMarked:ElectricStrings","theMarked:TwofoldDefense"],"picked":"theMarked:GodGivenPower","floor":1.0},{"not_picked":["theMarked:ElectricStrings","theMarked:Reabsorb","theMarked:Improvise","theMarked:Seal"],"picked":"theMarked:Static","floor":3.0},{"not_picked":["theMarked:WastefulDefense","theMarked:ElectricStrings","theMarked:CreepingChasm","theMarked:Improvise","theMarked:TakeCover"],"picked":"SKIP","floor":7.0},{"not_picked":["theMarked:BanishingStrike","theMarked:Frustration","theMarked:StartUp","theMarked:TwofoldDefense"],"picked":"theMarked:Static","floor":11.0},{"not_picked":["theMarked:Parkour","theMarked:WastefulDefense","theMarked:EmpowerWeapon","theMarked:BanishingWave"],"picked":"theMarked:MagicAdept","floor":13.0},{"not_picked":["theMarked:Parkour","theMarked:ElementalBlade","theMarked:Convert","theMarked:SwordAndMagic","theMarked:Aftermath"],"picked":"SKIP","floor":18.0},{"not_picked":["theMarked:WastefulDefense+1","theMarked:WardOff+1","theMarked:BanishingStrike+1","theMarked:ResourceFulStrike"],"picked":"theMarked:Aftermath","floor":19.0},{"not_picked":["theMarked:SwordAndMagic+1","theMarked:RogueSparks","theMarked:MaelstromOfLightning+1","theMarked:HeightenedSenses"],"picked":"theMarked:Electrify","floor":22.0},{"not_picked":["theMarked:ResourceFulStrike+1","theMarked:TakeOffHeels","theMarked:Improvise","theMarked:WardOff+1"],"picked":"theMarked:RogueSparks","floor":23.0},{"not_picked":["theMarked:Reabsorb+1","theMarked:DeterminationOfTheMarked","theMarked:HeightenedSenses","theMarked:BanishingStrike","theMarked:ResourceFulStrike"],"picked":"SKIP","floor":25.0},{"not_picked":["theMarked:BanishingStrike+1","theMarked:RepellingDischarge","theMarked:ContemptForTheProud+1","theMarked:Frustration+1"],"picked":"theMarked:Static","floor":29.0},{"not_picked":["theMarked:RogueSparks","theMarked:Improvise+1","theMarked:BanishingStrike","theMarked:ElectricStrings+1","theMarked:SwordAndMagic+1"],"picked":"SKIP","floor":31.0},{"not_picked":["theMarked:KeepCalmAndFightOn","theMarked:Frustration","theMarked:WastefulAttack+1","theMarked:ElectricStrings+1","theMarked:WardOff+1"],"picked":"SKIP","floor":35.0},{"not_picked":["theMarked:HeightenedSenses+1","theMarked:KeepCalmAndFightOn","theMarked:Convert+1","theMarked:ChainLightning+1","theMarked:ResourceFulStrike"],"picked":"SKIP","floor":38.0},{"not_picked":["theMarked:EnhanceMovement+1","theMarked:WastefulDefense","theMarked:ElectricStrings+1","theMarked:Reabsorb+1"],"picked":"theMarked:Static","floor":40.0},{"not_picked":["theMarked:HeightenedSenses+1","theMarked:Static","theMarked:WastefulAttack+1","theMarked:TwofoldDefense+1","theMarked:TakeCover+1"],"picked":"SKIP","floor":42.0},{"not_picked":["theMarked:Improvise+1","theMarked:ResourceFulStrike","theMarked:MysticalArsenal+1","theMarked:WardOff+1","theMarked:MaelstromOfLightning+1"],"picked":"SKIP","floor":46.0},{"not_picked":["theMarked:EnhanceMovement+1","theMarked:AttractMetal","theMarked:ElectricStrings+1","theMarked:BanishingStrike","theMarked:Seal+1"],"picked":"SKIP","floor":48.0},{"not_picked":["theMarked:Overthink","theMarked:ResourceFulStrike","theMarked:ReduceFriction+1","theMarked:Frustration","theMarked:RepellingDischarge"],"picked":"SKIP","floor":51.0},{"not_picked":["theMarked:EmpowerWeapon","theMarked:Overthink","theMarked:SwordAndMagic","theMarked:CreepingChasm+1","theMarked:WardOff+1"],"picked":"SKIP","floor":52.0},{"not_picked":["theMarked:ResourceFulStrike","theMarked:Parkour+1","theMarked:WastefulDefense","theMarked:WardOff+1"],"picked":"theMarked:Static","floor":53.0},{"not_picked":["theMarked:WardOff+1","theMarked:RepellingDischarge+1","theMarked:ContemptForTheProud","theMarked:Improvise+1","theMarked:Electrocute"],"picked":"SKIP","floor":56.0}],"player_experience":69102,"relics_obtained":[{"floor":1.0,"key":"SynthV:TestCard"},{"floor":7.0,"key":"ReplayFunnel"},{"floor":9.0,"key":"conspire:GiftBox"},{"floor":11.0,"key":"AT_ChloranthyRing"},{"floor":23.0,"key":"Dota2Spire:EtherealBlade"},{"floor":26.0,"key":"Matryoshka"},{"floor":40.0,"key":"Dota2Spire:EyeOfSkadi"},{"floor":43.0,"key":"ReplayTheSpireMod:Ninjato"},{"floor":47.0,"key":"StoneCalendar"},{"floor":52.0,"key":"paleoftheancients:SoulOfTheShowman"},{"floor":53.0,"key":"BelialBook"},{"floor":54.0,"key":"conspire:TopHat"},{"floor":54.0,"key":"Shuriken"}],"event_choices":[{"damage_healed":0.0,"max_hp_gain":0.0,"max_hp_loss":0.0,"gold_gain":0.0,"event_name":"Lab","player_choice":"Got Potions","floor":4.0,"gold_loss":0.0,"damage_taken":0.0},{"damage_healed":0.0,"max_hp_gain":0.0,"max_hp_loss":0.0,"gold_gain":0.0,"event_name":"Living Wall","player_choice":"Grow","floor":12.0,"gold_loss":0.0,"damage_taken":0.0,"cards_upgraded":["theMarked:GodGivenPower"]},{"damage_healed":0.0,"max_hp_gain":0.0,"max_hp_loss":0.0,"gold_gain":0.0,"event_name":"Liars Game","player_choice":"Ignored","floor":14.0,"gold_loss":0.0,"damage_taken":0.0},{"damage_healed":0.0,"max_hp_gain":0.0,"max_hp_loss":0.0,"gold_gain":0.0,"cards_transformed":["theMarked:Defend","theMarked:SoldierOfQuellstein"],"event_name":"Drug Dealer","player_choice":"Became Test Subject","floor":27.0,"gold_loss":0.0,"damage_taken":0.0,"cards_obtained":["theMarked:Electrify","theMarked:Defy"]},{"damage_healed":0.0,"max_hp_gain":0.0,"max_hp_loss":0.0,"gold_gain":0.0,"event_name":"conspire:Investor","player_choice":"Leave","floor":39.0,"gold_loss":0.0,"damage_taken":0.0},{"damage_healed":0.0,"max_hp_gain":0.0,"max_hp_loss":7.0,"gold_gain":0.0,"event_name":"Winding Halls","player_choice":"Max HP","floor":44.0,"gold_loss":0.0,"damage_taken":0.0},{"damage_healed":0.0,"max_hp_gain":0.0,"max_hp_loss":0.0,"gold_gain":0.0,"event_name":"Mysterious Sphere","player_choice":"Fight","floor":47.0,"gold_loss":0.0,"damage_taken":0.0}],"is_beta":false,"boss_relics":[{"not_picked":["conspire:SeveredTorchhead","vexMod:ImprovementManual"],"picked":"AT_MortalBlade"},{"not_picked":[]},{"not_picked":["conspire:SpecialSausage","theMarked:BronzeBlade"],"picked":"aspiration:RandomNobGenerator"},{"not_picked":[]}],"items_purged_floors":[20,36,58],"is_endless":false,"potions_floor_spawned":[11,16,19,23,29,33,40,46,47,48,51],"ascension_level":0}}