{"host":"87fdiiwflhrwsj8a","time":1610918961,"event":{"mods":["Aspiration","BaseMod","Better Match","Better Third Choice","BetterRewards","Colored Map","Conspire","GifTheSpireLib","Infinite Spire","Minty Spire (QoL Compilation)","Quick Restart","Relic Sorter","Replay The Spire","StSLib","Stuff the Spire","thorton"],"gold_per_floor":[122,122,150,167,167,204,204,61,61,61,61,86,86,86,86,96,96,96],"floor_reached":16,"language":"ENG","playtime":447,"items_purged":["Normality"],"score":148,"play_id":"735f5094-813e-41f3-8107-3dc0feaa3ca7","local_time":"20210117162921","is_ascension_mode":false,"campfire_choices":[{"data":"thethorton:PowerUp","floor":7.0,"key":"SMITH"},{"data":"thethorton:PowerUp","floor":10.0,"key":"SMITH"},{"data":"thethorton:GemGun","floor":15,"key":"SMITH"}],"circlet_count":0,"master_deck":["thethorton:Strike","thethorton:Strike","thethorton:Strike","thethorton:Strike","thethorton:Defend","thethorton:Defend","thethorton:Defend","thethorton:Defend","thethorton:Heckle","thethorton:CreditCard","thethorton:PowerUp+1","thethorton:FearfulRun","thethorton:PowerUp+1","thethorton:BusinessBash","thethorton:GemGun+1"],"relics":["thethorton:CouragePotion","StuffTheSpire:BottledEssence","conspire:Flyswatter","Boot"],"acts_visited":["Exordium"],"potions_floor_usage":[16,16,16],"damage_taken":[{"damage":7.0,"enemies":"Jaw Worm","floor":1.0,"turns":8.0},{"damage":13.0,"enemies":"Cultist","floor":3.0,"turns":6.0},{"damage":0.0,"enemies":"Small Slimes","floor":4.0,"turns":3.0},{"damage":14.0,"enemies":"Lagavulin","floor":6.0,"turns":6.0},{"damage":0.0,"enemies":"2 Fungi Beasts","floor":12.0,"turns":3.0},{"damage":26,"enemies":"The Guardian","floor":16,"turns":8}],"seed_played":"-9124502819723621840","potions_obtained":[{"floor":2.0,"key":"Weak Potion"},{"floor":2.0,"key":"ColorlessPotion"},{"floor":2.0,"key":"Death Potion"},{"floor":6.0,"key":"Weak Potion"}],"is_trial":false,"path_per_floor":["M","?","M","M","T","E","R","$","T","R","$","M","?","?","R","B"],"character_chosen":"THE_THORT","items_purchased":["StuffTheSpire:BottledEssence","thethorton:BusinessBash"],"campfire_rested":0,"item_purchase_floors":[0,8],"current_hp_per_floor":[53,53,40,40,40,26,26,26,26,26,26,26,26,26,26,0,0,0],"gold":96,"neow_bonus":"","is_daily":false,"chose_seed":false,"campfire_upgraded":3,"win_rate":0.0,"timestamp":1610918961,"path_taken":["M","?","M","?","?","E","R","$","T","R","$","?","?","?","R","BOSS"],"items_purchased_type":["Relic","Card"],"build_version":"2020-12-22","purchased_purges":1,"victory":false,"max_hp_per_floor":[68,68,68,68,68,68,68,68,68,68,68,68,68,68,68,68,68,68],"card_choices":[{"not_picked":["thethorton:LongTermPayoff","thethorton:RunningKick","thethorton:Investment"],"picked":"SKIP","floor":1.0},{"not_picked":["thethorton:LongTermPayoff","thethorton:ChartProject"],"picked":"thethorton:PowerUp","floor":3.0},{"not_picked":["thethorton:ElbowSmash","thethorton:Distance"],"picked":"thethorton:FearfulRun","floor":4.0},{"not_picked":["thethorton:TakeAccounts","thethorton:Crash"],"picked":"thethorton:PowerUp","floor":6.0},{"not_picked":["thethorton:Distance","thethorton:TakeAccounts"],"picked":"thethorton:GemGun","floor":12.0}],"player_experience":2527249,"relics_obtained":[{"floor":5.0,"key":"conspire:Flyswatter"},{"floor":6.0,"key":"Boot"}],"event_choices":[{"damage_healed":0.0,"max_hp_gain":0.0,"max_hp_loss":0.0,"gold_gain":0.0,"event_name":"Lab","player_choice":"Got Potions","floor":2.0,"gold_loss":0.0,"damage_taken":0.0},{"damage_healed":0.0,"max_hp_gain":0.0,"max_hp_loss":0.0,"gold_gain":0.0,"event_name":"conspire:LoneGhost","player_choice":"Disagree","floor":13.0,"gold_loss":0.0,"damage_taken":0.0},{"damage_healed":0,"gold_gain":0,"player_choice":"LEAVE","damage_taken":0,"max_hp_gain":0,"max_hp_loss":0,"event_name":"betterThird:BetterScrap","floor":14,"gold_loss":0,"cards_obtained":["ReplayTheSpireMod:LeadingStrike"]}],"is_beta":false,"boss_relics":[],"items_purged_floors":[8],"is_endless":false,"potions_floor_spawned":[6],"killed_by":"The Guardian","ascension_level":0}}