{"host":"9h1qbmp5h1ch7u4r","time":1610851075,"event":{"mods":["BaseMod","Lobotomy","Minty Spire (QoL Compilation)","StSLib"],"gold_per_floor":[109,123,139,139,154,154,81,91,170,170,170,170],"floor_reached":11,"language":"ENG","playtime":707,"items_purged":[],"score":65,"play_id":"11d609e5-1a3e-468c-80be-c825b83022b2","local_time":"20210116213755","is_ascension_mode":false,"campfire_choices":[{"data":"Disarm","floor":6,"key":"SMITH"},{"data":"Disarm","floor":10,"key":"SMITH"}],"circlet_count":0,"master_deck":["Strike_R","Strike_R","Strike_R","Strike_R","Strike_R","Defend_R","Defend_R","Defend_R","Bash","Wellcheers","Disarm+1","HappyTeddy","Shrug It Off","ShyLook","Disarm+1","BeautyBeast","Rampage","Dark Embrace","MeatLantern","True Grit"],"relics":["Burning Blood","CogitoBucket","Bottled Tornado"],"acts_visited":["Exordium"],"potions_floor_usage":[],"damage_taken":[{"damage":1,"enemies":"2 Louse","floor":1,"turns":2},{"damage":2,"enemies":"Cultist","floor":2,"turns":4},{"damage":4,"enemies":"Jaw Worm","floor":3,"turns":4},{"damage":8,"enemies":"Blue Slaver","floor":5,"turns":5},{"damage":33,"enemies":"Large Slime","floor":8,"turns":11},{"damage":27,"enemies":"3 Sentries","floor":11,"turns":16}],"seed_played":"5224634550790711731","potions_obtained":[{"floor":2,"key":"SteroidPotion"},{"floor":8,"key":"Ancient Potion"}],"is_trial":false,"path_per_floor":["M","M","M","?","M","R","$","M","T","R","E"],"character_chosen":"IRONCLAD","items_purchased":["Dark Embrace"],"campfire_rested":0,"item_purchase_floors":[7],"current_hp_per_floor":[80,80,80,80,78,78,78,51,51,51,48,48],"gold":170,"neow_bonus":"","is_daily":false,"chose_seed":false,"campfire_upgraded":2,"win_rate":0.0,"timestamp":1610851075,"path_taken":["M","M","M","?","?","R","$","M","T","R","E"],"items_purchased_type":["Card"],"build_version":"2020-12-22","purchased_purges":0,"victory":false,"max_hp_per_floor":[80,80,80,80,80,80,80,80,80,80,80,80],"card_choices":[{"not_picked":["Rudolta","RedShoes"],"picked":"Wellcheers","floor":1},{"not_picked":["Pommel Strike","Sentinel"],"picked":"Disarm","floor":1},{"not_picked":["Murderer","OldLady"],"picked":"HappyTeddy","floor":2},{"not_picked":["Armaments","Flex"],"picked":"Shrug It Off","floor":2},{"not_picked":["SingingMachine","Laetitia"],"picked":"ShyLook","floor":3},{"not_picked":["Iron Wave","Heavy Blade"],"picked":"Disarm","floor":3},{"not_picked":["LongBird","CherryBlossoms"],"picked":"BeautyBeast","floor":5},{"not_picked":["Twin Strike","Armaments"],"picked":"Rampage","floor":5},{"not_picked":["GreedKing","Murderer"],"picked":"MeatLantern","floor":8},{"not_picked":["Searing Blow","Headbutt"],"picked":"True Grit","floor":8}],"player_experience":881585,"relics_obtained":[{"floor":9,"key":"Bottled Tornado"}],"event_choices":[{"cards_removed":["Defend_R"],"damage_healed":0,"gold_gain":0,"player_choice":"Card Removal","damage_taken":0,"max_hp_gain":0,"max_hp_loss":0,"event_name":"Wheel of Change","floor":4,"gold_loss":0}],"is_beta":false,"boss_relics":[],"items_purged_floors":[],"is_endless":false,"potions_floor_spawned":[2,8],"killed_by":"3 Sentries","ascension_level":0}}