{"host":"61xbmbtf5zrn7rzc","time":1610866616,"event":{"mods":["BaseMod","Challenge The Spire","Hubris","Infinite Spire","Minty Spire (QoL Compilation)","Replay The Spire","StSLib","SuperFastMode"],"gold_per_floor":[111,121,121,121,133,133,162,162,162,188,206,224,258,258,258,360,360,370,388,388,399,412,439,439,465,465,479,479,479],"floor_reached":28,"language":"ENG","playtime":1401,"items_purged":["Zap+1"],"score":336,"play_id":"7acf7950-d68f-4525-b378-d74d749f76c8","local_time":"20210117015656","is_ascension_mode":true,"campfire_choices":[{"data":"Dualcast","floor":6,"key":"SMITH"},{"data":"Hyperbeam","floor":8,"key":"SMITH"},{"floor":15,"key":"REST"},{"data":"Conserve Battery","floor":24,"key":"SMITH"}],"circlet_count":0,"master_deck":["Strike_B","Strike_B","Strike_B","Strike_B","Defend_B+1","Defend_B+1","Defend_B+1","Defend_B+1","Dualcast+1","Conserve Battery+1","Leap","Doubt","Hyperbeam+1","Panic Button","Turbo","Panic Button","Conserve Battery","Leap","infinitespire:UltimateForm","Pot Of Greed","Pot Of Greed","Fusion+1"],"relics":["Cracked Core","Ring of Fury","Ring of Peace","Replay:Bottled Eggs","Replay:Antivirus Software","Snack Pack","hubris:BundleOfHerbs","infinitespire:WardingShard","hubris:Backtick","Medical Kit","Replay:PocketPolymizer","Frozen Egg 2","Grinning Jar","Peace Pipe"],"acts_visited":["Exordium","TheCity"],"potions_floor_usage":[7,12,16,22,27,28],"damage_taken":[{"damage":1,"enemies":"Jaw Worm","floor":1,"turns":4},{"damage":0,"enemies":"2 Louse","floor":2,"turns":4},{"damage":0,"enemies":"Cultist","floor":5,"turns":4},{"damage":0,"enemies":"Gremlin Nob","floor":7,"turns":4},{"damage":5,"enemies":"3 Sentries","floor":10,"turns":5},{"damage":0,"enemies":"2 Fungi Beasts","floor":11,"turns":3},{"damage":0,"enemies":"Red Slaver","floor":12,"turns":2},{"damage":46,"enemies":"Gremlin Nob","floor":13,"turns":5},{"damage":5,"enemies":"Slime Boss","floor":16,"turns":7},{"damage":5,"enemies":"Shell Parasite","floor":18,"turns":9},{"damage":0,"enemies":"2 Thieves","floor":19,"turns":4},{"damage":10,"enemies":"Snecko","floor":21,"turns":7},{"damage":3,"enemies":"Centurion and Healer","floor":22,"turns":15},{"damage":30,"enemies":"Gremlin Leader","floor":23,"turns":9},{"damage":25,"enemies":"Nightmare","floor":25,"turns":18},{"damage":0,"enemies":"3 Cultists","floor":27,"turns":4},{"damage":18,"enemies":"Cultist and Chosen","floor":28,"turns":7}],"seed_played":"4644996067052382587","potions_obtained":[{"floor":5,"key":"Adrenaline Potion"},{"floor":7,"key":"BlessingOfTheForge"},{"floor":12,"key":"Energy Potion"},{"floor":13,"key":"Explosive Potion"},{"floor":21,"key":"Swift Potion"},{"floor":25,"key":"Adrenaline Potion"},{"floor":27,"key":"DistilledChaos"}],"is_trial":false,"path_per_floor":["M","M","?","?","M","R","E","R","T","E","M","M","E","?","R","B",null,"M","M","AVR","M","M","E","R","NM","T","M","M"],"character_chosen":"DEFECT","items_purchased":[],"campfire_rested":1,"item_purchase_floors":[],"current_hp_per_floor":[74,74,74,44,44,44,44,44,44,39,39,41,3,3,25,20,75,70,72,72,62,59,29,29,4,4,4,0,0],"gold":479,"neow_bonus":"UPGRADE_CARD","is_daily":false,"chose_seed":false,"campfire_upgraded":3,"win_rate":0.0,"timestamp":1610866616,"path_taken":["M","M","?","?","M","R","E","R","T","E","M","M","E","?","R","BOSS","M","M","AVR","M","M","E","R","NM","T","M","M"],"items_purchased_type":[],"build_version":"2020-12-22","purchased_purges":1,"victory":false,"max_hp_per_floor":[75,75,75,75,75,75,75,75,75,75,75,75,75,75,75,75,75,75,75,75,75,75,75,75,75,75,75,75,75],"card_choices":[{"not_picked":["Recycle","FIFO Queue"],"picked":"Conserve Battery","floor":1},{"not_picked":["Scrape","Coolheaded"],"picked":"Leap","floor":2},{"not_picked":["Rebound","Hologram","Sweeping Beam"],"picked":"SKIP","floor":5},{"not_picked":["Turbo","Conserve Battery"],"picked":"Hyperbeam","floor":7},{"not_picked":["Stack","Compile Driver"],"picked":"Panic Button","floor":10},{"not_picked":["Leap","Consume"],"picked":"Turbo","floor":11},{"not_picked":["Blizzard","Chaos"],"picked":"Panic Button","floor":12},{"not_picked":["hubris:SpecializedCircuitry","Steam"],"picked":"Conserve Battery","floor":13},{"not_picked":["Gash","ReplaySort","FIFO Queue"],"picked":"SKIP","floor":18},{"not_picked":["Cold Snap","Doom and Gloom"],"picked":"Leap","floor":19},{"not_picked":["ReplaySolidLightProjector","Stack","Sweeping Beam+1"],"picked":"SKIP","floor":21},{"not_picked":["Barrage","Biased Cognition","Coolheaded"],"picked":"SKIP","floor":22},{"not_picked":["Ball Lightning","ReplayGash","Redo"],"picked":"SKIP","floor":23},{"not_picked":["Darkness","Sweeping Beam","Compile Driver"],"picked":"SKIP","floor":25},{"not_picked":["hubris:Ukulele+1","Rebound"],"picked":"Fusion+1","floor":27}],"player_experience":126852,"relics_obtained":[{"floor":3,"key":"Ring of Fury"},{"floor":3,"key":"Ring of Peace"},{"floor":4,"key":"Replay:Bottled Eggs"},{"floor":7,"key":"Replay:Antivirus Software"},{"floor":9,"key":"Snack Pack"},{"floor":10,"key":"hubris:BundleOfHerbs"},{"floor":13,"key":"infinitespire:WardingShard"},{"floor":23,"key":"Frozen Egg 2"},{"floor":25,"key":"Grinning Jar"},{"floor":26,"key":"Peace Pipe"}],"event_choices":[{"damage_healed":0,"gold_gain":0,"player_choice":"Fled","damage_taken":0,"max_hp_gain":0,"max_hp_loss":0,"event_name":"Scrap Ooze","floor":14,"gold_loss":0}],"is_beta":false,"boss_relics":[{"not_picked":["Busted Crown","Black Star"],"picked":"hubris:Backtick"}],"items_purged_floors":[20],"is_endless":false,"potions_floor_spawned":[5,7,12,13,21,25,27],"killed_by":"Cultist and Chosen","ascension_level":2}}