{"host":"d8hh7rr4yzitjeuj","time":1610883501,"event":{"mods":["2.2 Compatiblity","AchievementEnabler","Act Like it!","BaseMod","Colored Map","Colored Powertips","Highlight Path","Keyboard Shortcuts","Minty Spire (QoL Compilation)","Permanent Neow","Quick Restart","StSLib","SuperFastMode"],"gold_per_floor":[112,130,146,221,238,272,272,272,341,341,137,137,149,183,183,255,255,275,285,285,285,285,285],"floor_reached":22,"language":"KOR","playtime":789,"items_purged":["Strike_R"],"score":388,"play_id":"d01de035-7c50-47e4-a6e0-164d117fd476","local_time":"20210117203821","is_ascension_mode":true,"campfire_choices":[{"data":"Pommel Strike","floor":8.0,"key":"SMITH"},{"data":"Body Slam","floor":10.0,"key":"SMITH"},{"data":"True Grit","floor":12.0,"key":"SMITH"},{"floor":15.0,"key":"REST"}],"circlet_count":0,"master_deck":["AscendersBane","Strike_R+1","Strike_R+1","Strike_R+1","Strike_R+1","Defend_R+1","Defend_R+1","Defend_R+1","Defend_R+1","Bash","Spot Weakness","Wild Strike","Pommel Strike+1","Body Slam+1","Reaper","Evolve","Pommel Strike","True Grit+1","Sentinel","Wild Strike","Exhume","Flame Barrier+1","Perfected Strike"],"relics":["Burning Blood","Orichalcum","Pocketwatch","Smiling Mask","Matryoshka","Omamori","Fusion Hammer","MutagenicStrength"],"acts_visited":["Exordium","TheCity"],"potions_floor_usage":[22],"damage_taken":[{"damage":4.0,"enemies":"Small Slimes","floor":1.0,"turns":4.0},{"damage":7.0,"enemies":"Jaw Worm","floor":2.0,"turns":3.0},{"damage":0.0,"enemies":"2 Louse","floor":3.0,"turns":3.0},{"damage":17.0,"enemies":"Large Slime","floor":5.0,"turns":5.0},{"damage":16.0,"enemies":"3 Sentries","floor":6.0,"turns":7.0},{"damage":0.0,"enemies":"2 Fungi Beasts","floor":13.0,"turns":3.0},{"damage":38.0,"enemies":"Gremlin Nob","floor":14.0,"turns":5.0},{"damage":48.0,"enemies":"The Guardian","floor":16.0,"turns":11.0},{"damage":49.0,"enemies":"Shell Parasite","floor":18.0,"turns":6.0},{"damage":17.0,"enemies":"Spheric Guardian","floor":19.0,"turns":5.0},{"damage":31,"enemies":"Shelled Parasite and Fungi","floor":22,"turns":3}],"seed_played":"-680453203849915609","potions_obtained":[{"floor":1.0,"key":"Fruit Juice"},{"floor":2.0,"key":"Fruit Juice"},{"floor":14.0,"key":"GamblersBrew"},{"floor":16.0,"key":"CultistPotion"}],"is_trial":false,"path_per_floor":["M","M","M","?","M","E","?","R","T","R","$","R","M","E","R","B",null,"M","M","?","?","M"],"character_chosen":"IRONCLAD","items_purchased":["Evolve","Pommel Strike","True Grit"],"campfire_rested":1,"item_purchase_floors":[11,11,11],"current_hp_per_floor":[70,69,75,64,53,43,25,25,25,25,25,25,41,20,44,20,69,35,24,24,24,0,0],"gold":285,"neow_bonus":"RANDOM_COMMON_RELIC","is_daily":false,"chose_seed":false,"campfire_upgraded":3,"win_rate":0.0,"timestamp":1610883501,"path_taken":["M","M","M","?","M","E","?","R","T","R","$","R","M","E","R","BOSS","M","M","?","?","M"],"items_purchased_type":["Card","Card","Card"],"build_version":"2020-12-22","purchased_purges":1,"victory":false,"max_hp_per_floor":[75,75,75,75,75,75,75,75,75,75,75,75,75,80,80,85,85,85,85,85,85,85,85],"card_choices":[{"not_picked":["Clash","Headbutt"],"picked":"Spot Weakness","floor":1.0},{"not_picked":["Heavy Blade","True Grit"],"picked":"Wild Strike","floor":2.0},{"not_picked":["Searing Blow","Disarm"],"picked":"Pommel Strike","floor":3.0},{"not_picked":["Blood for Blood","True Grit"],"picked":"Body Slam","floor":5.0},{"not_picked":["Bloodletting","Blood for Blood"],"picked":"Reaper","floor":6.0},{"not_picked":["Havoc","Seeing Red"],"picked":"Sentinel","floor":13.0},{"not_picked":["Spot Weakness","Flex"],"picked":"Wild Strike","floor":14.0},{"not_picked":["Double Tap","Corruption"],"picked":"Exhume","floor":16.0},{"not_picked":["Clash","Iron Wave"],"picked":"Flame Barrier+1","floor":18.0},{"not_picked":["Flex+1","Warcry"],"picked":"Perfected Strike","floor":19}],"player_experience":1442142,"relics_obtained":[{"floor":6.0,"key":"Pocketwatch"},{"floor":9.0,"key":"Matryoshka"},{"floor":14.0,"key":"Omamori"}],"event_choices":[{"damage_healed":0.0,"max_hp_gain":0.0,"max_hp_loss":0.0,"gold_gain":75.0,"event_name":"World of Goop","player_choice":"Gather Gold","floor":4.0,"gold_loss":0.0,"damage_taken":11.0},{"damage_healed":0.0,"max_hp_gain":0.0,"max_hp_loss":0.0,"gold_gain":0.0,"event_name":"Scrap Ooze","player_choice":"Success","floor":7.0,"gold_loss":0.0,"damage_taken":18.0,"relics_obtained":["Smiling Mask"]},{"damage_healed":0,"gold_gain":0,"player_choice":"Inject Mutagens","damage_taken":0,"relics_obtained":["MutagenicStrength"],"max_hp_gain":0,"max_hp_loss":0,"event_name":"Drug Dealer","floor":20,"gold_loss":0},{"damage_healed":0,"gold_gain":0,"player_choice":"Simplicity","damage_taken":0,"max_hp_gain":0,"max_hp_loss":0,"event_name":"Back to Basics","floor":21,"gold_loss":0,"cards_upgraded":["Strike_R","Strike_R","Strike_R","Strike_R","Defend_R","Defend_R","Defend_R","Defend_R"]}],"is_beta":false,"boss_relics":[{"not_picked":["Empty Cage","Velvet Choker"],"picked":"Fusion Hammer"}],"items_purged_floors":[11],"is_endless":false,"potions_floor_spawned":[1,2,14,16,19],"killed_by":"Shelled Parasite and Fungi","ascension_level":20}}