{"host":"g8ufh7m4frdlkxwv","time":1610904914,"event":{"mods":["AchievementEnabler","BaseMod","Colored Map","Dark Map","Minty Spire (QoL Compilation)","Relic Stats","StSLib","ojb\u0027s Info Mod"],"gold_per_floor":[359,409,423,441,60,91,91,122,171,200,215,225,68,87,87,159,159,169,94,114,132,152,181,181,209,209,243,256,256,256,256,256,256,256],"floor_reached":33,"language":"ENG","playtime":1809,"items_purged":["Strike_G"],"score":879,"play_id":"ab8ebcba-e039-4648-9aa5-8ff939909d43","local_time":"20210117183514","is_ascension_mode":true,"campfire_choices":[{"data":"Finisher","floor":7.0,"key":"SMITH"},{"data":"Cloak And Dagger","floor":15.0,"key":"SMITH"},{"data":"Phantasmal Killer","floor":24.0,"key":"SMITH"},{"data":"Tools of the Trade","floor":29,"key":"SMITH"},{"data":"Strike_G","floor":32,"key":"PURGE"}],"circlet_count":0,"master_deck":["AscendersBane","Strike_G","Strike_G","Defend_G","Defend_G","Defend_G","Defend_G","Survivor","Neutralize","Infinite Blades","Finisher+1","Dagger Throw","All Out Attack+1","Backflip","Poisoned Stab+1","Sucker Punch+1","Cloak And Dagger+1","Backstab+1","Backflip","Phantasmal Killer+1","Cloak And Dagger+1","Slice+1","Noxious Fumes","Outmaneuver+1","Cloak And Dagger+1","Slice+1","Blade Dance+1","Tools of the Trade+1","Prepared+1","Cloak And Dagger+1"],"relics":["Ring of the Snake","Kunai","Molten Egg 2","Regal Pillow","Omamori","Oddly Smooth Stone","Calling Bell","Bronze Scales","Toxic Egg 2","Thread and Needle","Centennial Puzzle","Peace Pipe","Matryoshka","InkBottle","Prayer Wheel","MutagenicStrength"],"acts_visited":["Exordium","TheCity"],"potions_floor_usage":[27],"damage_taken":[{"damage":4.0,"enemies":"2 Louse","floor":1.0,"turns":4.0},{"damage":3.0,"enemies":"Cultist","floor":3.0,"turns":5.0},{"damage":0.0,"enemies":"Small Slimes","floor":4.0,"turns":4.0},{"damage":15.0,"enemies":"Lagavulin","floor":6.0,"turns":8.0},{"damage":0.0,"enemies":"Gremlin Nob","floor":8.0,"turns":2.0},{"damage":18.0,"enemies":"Lagavulin","floor":10.0,"turns":5.0},{"damage":0.0,"enemies":"3 Louse","floor":11.0,"turns":3.0},{"damage":8.0,"enemies":"Exordium Wildlife","floor":12.0,"turns":6.0},{"damage":0.0,"enemies":"2 Fungi Beasts","floor":14.0,"turns":1.0},{"damage":0.0,"enemies":"Hexaghost","floor":16.0,"turns":9.0},{"damage":10.0,"enemies":"Spheric Guardian","floor":18.0,"turns":5.0},{"damage":0.0,"enemies":"Chosen","floor":20.0,"turns":3.0},{"damage":7.0,"enemies":"Shelled Parasite and Fungi","floor":21.0,"turns":4.0},{"damage":0.0,"enemies":"3 Cultists","floor":22.0,"turns":4.0},{"damage":1.0,"enemies":"Book of Stabbing","floor":23.0,"turns":6.0},{"damage":0.0,"enemies":"Gremlin Leader","floor":25.0,"turns":7.0},{"damage":2,"enemies":"Book of Stabbing","floor":27,"turns":3},{"damage":12,"enemies":"Snake Plant","floor":28,"turns":3},{"damage":18,"enemies":"Collector","floor":33,"turns":6}],"seed_played":"-3573296514140361272","potions_obtained":[{"floor":1.0,"key":"DuplicationPotion"},{"floor":3.0,"key":"SteroidPotion"},{"floor":10.0,"key":"Swift Potion"},{"floor":14.0,"key":"SkillPotion"},{"floor":16.0,"key":"SmokeBomb"},{"floor":20.0,"key":"Ancient Potion"},{"floor":21.0,"key":"Swift Potion"},{"floor":25.0,"key":"FearPotion"}],"is_trial":false,"path_per_floor":["M","?","M","M","$","E","R","E","T","E","M","M","$","M","R","B",null,"M","?","M","M","M","E","R","E","T","E","M","R","?","?","R","B"],"character_chosen":"THE_SILENT","items_purchased":["Kunai","Dagger Throw","Backstab+1","EssenceOfSteel"],"campfire_rested":0,"item_purchase_floors":[5,5,13,13],"current_hp_per_floor":[55,49,46,46,46,31,31,31,31,13,13,5,5,5,5,5,46,36,36,36,29,29,28,28,28,28,26,14,14,14,14,14,0,0],"gold":256,"neow_bonus":"TWO_FIFTY_GOLD","is_daily":false,"chose_seed":false,"campfire_upgraded":4,"win_rate":0.0,"timestamp":1610904914,"path_taken":["M","?","M","M","$","E","R","E","T","E","M","M","$","M","R","BOSS","M","?","M","M","?","E","R","E","T","E","M","R","?","?","R","BOSS"],"items_purchased_type":["Relic","Card","Card","Potion"],"build_version":"2020-12-22","purchased_purges":1,"victory":false,"max_hp_per_floor":[60,60,60,60,60,60,60,60,60,60,60,60,60,60,60,60,60,60,60,60,60,60,60,60,60,60,60,60,60,60,60,60,60,60],"relic_stats":{"Peace Pipe":1,"Regal Pillow":0,"Centennial Puzzle":[9],"counters":[19,88],"Bronze Scales":[114],"Prayer Wheel":0,"Kunai":[59],"obtain_stats":[{"Regal Pillow":8,"Oddly Smooth Stone":10,"Thread and Needle":17,"Omamori":9,"Calling Bell":17,"Peace Pipe":25,"Centennial Puzzle":23,"Matryoshka":26,"Bronze Scales":17,"MutagenicStrength":31,"Molten Egg 2":6,"Prayer Wheel":30,"Kunai":5,"Toxic Egg 2":17,"InkBottle":27,"Ring of the Snake":0},{"Regal Pillow":5,"Oddly Smooth Stone":6,"Thread and Needle":10,"Omamori":5,"Calling Bell":10,"Peace Pipe":16,"Centennial Puzzle":15,"Matryoshka":16,"Bronze Scales":10,"MutagenicStrength":18,"Molten Egg 2":4,"Prayer Wheel":18,"Kunai":3,"Toxic Egg 2":10,"InkBottle":17,"Ring of the Snake":0},{"Regal Pillow":23,"Oddly Smooth Stone":28,"Thread and Needle":47,"Omamori":23,"Calling Bell":47,"Peace Pipe":76,"Centennial Puzzle":69,"Matryoshka":76,"Bronze Scales":47,"MutagenicStrength":82,"Molten Egg 2":21,"Prayer Wheel":82,"Kunai":13,"Toxic Egg 2":47,"InkBottle":79,"Ring of the Snake":0}],"InkBottle":[7],"Ring of the Snake":[38]},"card_choices":[{"not_picked":["Flechettes","Accuracy","Dodge and Roll"],"picked":"SKIP","floor":1.0},{"not_picked":["Outmaneuver","PiercingWail"],"picked":"Infinite Blades","floor":3.0},{"not_picked":["Deadly Poison","Masterful Stab"],"picked":"Finisher","floor":4.0},{"not_picked":["Bane+1","All Out Attack+1","Outmaneuver"],"picked":"SKIP","floor":6.0},{"not_picked":["Bane+1","Outmaneuver"],"picked":"All Out Attack+1","floor":6.0},{"not_picked":["Bane+1","Setup"],"picked":"Backflip","floor":8.0},{"not_picked":["All Out Attack+1","Deflect"],"picked":"Poisoned Stab+1","floor":10.0},{"not_picked":["Dodge and Roll","Glass Knife+1"],"picked":"Sucker Punch+1","floor":11.0},{"not_picked":["Dodge and Roll","Flying Knee+1"],"picked":"Cloak And Dagger","floor":12.0},{"not_picked":["Underhanded Strike+1","Bouncing Flask"],"picked":"Backflip","floor":14.0},{"not_picked":["Glass Knife+1","Envenom"],"picked":"Phantasmal Killer","floor":16.0},{"not_picked":["Slice+1","Poisoned Stab+1"],"picked":"Cloak And Dagger+1","floor":18.0},{"not_picked":["Deflect+1","Quick Slash+1"],"picked":"Outmaneuver+1","floor":20.0},{"not_picked":["Predator+1","Calculated Gamble+1"],"picked":"Cloak And Dagger+1","floor":21.0},{"not_picked":["Bane+1","Dash+1"],"picked":"Slice+1","floor":22.0},{"not_picked":["Footwork","Underhanded Strike+1"],"picked":"Blade Dance+1","floor":23.0},{"not_picked":["Flying Knee+1","Dash+1"],"picked":"Tools of the Trade","floor":25.0},{"not_picked":["Catalyst+1","Flechettes+1"],"picked":"Prepared+1","floor":27},{"not_picked":["Outmaneuver+1","Eviscerate+1"],"picked":"Cloak And Dagger+1","floor":28}],"player_experience":1036859,"relics_obtained":[{"floor":6.0,"key":"Molten Egg 2"},{"floor":8.0,"key":"Regal Pillow"},{"floor":9.0,"key":"Omamori"},{"floor":10.0,"key":"Oddly Smooth Stone"},{"floor":17.0,"key":"Bronze Scales"},{"floor":17.0,"key":"Toxic Egg 2"},{"floor":17.0,"key":"Thread and Needle"},{"floor":23.0,"key":"Centennial Puzzle"},{"floor":25.0,"key":"Peace Pipe"},{"floor":26.0,"key":"Matryoshka"},{"floor":27,"key":"InkBottle"}],"event_choices":[{"damage_healed":0.0,"max_hp_gain":0.0,"max_hp_loss":0.0,"gold_gain":50.0,"event_name":"FaceTrader","player_choice":"Touch","floor":2.0,"gold_loss":0.0,"damage_taken":6.0},{"damage_healed":0.0,"max_hp_gain":0.0,"max_hp_loss":0.0,"gold_gain":0.0,"cards_transformed":["Defend_G","Strike_G"],"event_name":"Designer","player_choice":"Transformed Cards","floor":19.0,"gold_loss":75.0,"damage_taken":0.0,"cards_obtained":["Slice","Noxious Fumes"]},{"damage_healed":0,"gold_gain":0,"player_choice":"Opened","damage_taken":0,"relics_obtained":["Prayer Wheel"],"max_hp_gain":0,"max_hp_loss":0,"event_name":"The Mausoleum","floor":30,"gold_loss":0,"cards_obtained":["Writhe"]},{"damage_healed":0,"gold_gain":0,"player_choice":"Inject Mutagens","damage_taken":0,"relics_obtained":["MutagenicStrength"],"max_hp_gain":0,"max_hp_loss":0,"event_name":"Drug Dealer","floor":31,"gold_loss":0}],"is_beta":false,"boss_relics":[{"not_picked":["Ectoplasm","Sozu"],"picked":"Calling Bell"}],"items_purged_floors":[5],"is_endless":false,"potions_floor_spawned":[1,3,10,14,16,20,21,25],"killed_by":"Collector","ascension_level":20}}