{"host":"81vb4cbob60wa1na","time":1610913195,"event":{"mods":["BaseMod","Downfall","GifTheSpireLib","Hermit","Highlight Path","Minty Spire (QoL Compilation)","StSLib","The Cursed","The Disciple"],"gold_per_floor":[99,116,116,126,126,91,114,214,161,174,174,41,41,54,54,157,157,157,175,185,195,211,211,211,224,324,341,341,341],"floor_reached":28,"language":"ENG","playtime":1332,"items_purged":[],"score":237,"play_id":"64f2eae1-8cdf-414f-b9c0-ff90fa06e782","local_time":"20210117145315","is_ascension_mode":false,"campfire_choices":[{"data":"bronze:Goto","floor":1,"key":"SMITH"},{"floor":11,"key":"REST"},{"floor":13,"key":"REST"},{"data":"bronze:SpaghettiCode","floor":18,"key":"SMITH"},{"floor":23,"key":"REST"}],"circlet_count":0,"master_deck":["bronze:Strike","bronze:Strike","bronze:Strike","bronze:Strike","bronze:Defend","bronze:Defend","bronze:Defend","bronze:Defend","bronze:Replicate","bronze:Goto+1","bronze:OilSpill+1","bronze:DelayedGuard","bronze:OilSpill","bronze:Frontload","bronze:ChosenStrike","bronze:Overheat","bronze:OilSpill","bronze:DelayedSlice","bronze:Optimize","bronze:SpaghettiCode+1","bronze:Turbo+1","bronze:Branch","bronze:DigitalCarnage","bronze:Frontload+1","bronze:DelayedSlice+1","bronze:OilSpill","bronze:Optimize"],"relics":["bronze:BronzeCore","bronze:BottledCode","The Courier","Omamori","Cauldron","Calling Bell","Dream Catcher","Toxic Egg 2","Calipers","Meat on the Bone"],"acts_visited":["Exordium","TheCity"],"potions_floor_usage":[15,16,21,27,27],"damage_taken":[{"damage":0,"enemies":"Small Slimes","floor":2,"turns":4},{"damage":0,"enemies":"2 Louse","floor":4,"turns":2},{"damage":11,"enemies":"downfall:FleeingMerchant","floor":6,"turns":4},{"damage":38,"enemies":"downfall:Heads","floor":8,"turns":5},{"damage":5,"enemies":"downfall:FleeingMerchant","floor":9,"turns":4},{"damage":0,"enemies":"Jaw Worm","floor":10,"turns":1},{"damage":12,"enemies":"downfall:FleeingMerchant","floor":12,"turns":4},{"damage":0,"enemies":"Red Slaver","floor":14,"turns":1},{"damage":0,"enemies":"3 Louse","floor":15,"turns":1},{"damage":17,"enemies":"WA_ARCHETYPE_RETAIN","floor":16,"turns":4},{"damage":10,"enemies":"Chosen","floor":19,"turns":4},{"damage":1,"enemies":"Cultist and Chosen","floor":20,"turns":7},{"damage":39,"enemies":"Sentry and Sphere","floor":21,"turns":6},{"damage":14,"enemies":"Snake Plant","floor":22,"turns":3},{"damage":22,"enemies":"Cultist and Chosen","floor":25,"turns":4},{"damage":1,"enemies":"Centurion and Healer","floor":27,"turns":3},{"damage":24,"enemies":"Chosen and Byrds","floor":28,"turns":2}],"seed_played":"-4994435597952368707","potions_obtained":[{"floor":10,"key":"SpeedPotion"},{"floor":12,"key":"CultistPotion"},{"floor":14,"key":"SmokeBomb"},{"floor":16,"key":"LiquidMemories"},{"floor":19,"key":"SneckoOil"},{"floor":21,"key":"PowerPotion"},{"floor":22,"key":"Fire Potion"}],"is_trial":false,"path_per_floor":["R","M","?","M","?","$","T","?","$","M","R","$","R","M","M","B",null,"R","M","M","M","M","R","T","M","?","M","M"],"character_chosen":"THE_AUTOMATON","items_purchased":["bronze:Frontload","bronze:OilSpill","Cauldron"],"campfire_rested":3,"item_purchase_floors":[6,9,12],"current_hp_per_floor":[77,77,67,67,67,56,56,18,13,13,33,21,41,41,41,24,67,67,57,56,17,3,23,23,13,13,24,0,0],"gold":341,"neow_bonus":"TEN_PERCENT_HP_BONUS","is_daily":false,"chose_seed":false,"campfire_upgraded":2,"win_rate":0.0,"timestamp":1610913195,"path_taken":["R","M","?","M","?","$","T","?","$","M","R","?","R","?","M","BOSS","R","M","M","M","M","R","T","M","?","M","M"],"items_purchased_type":["Card","Card","Relic"],"build_version":"2020-12-22","purchased_purges":0,"victory":false,"max_hp_per_floor":[77,77,67,67,67,67,67,67,67,67,67,67,67,67,67,67,67,67,67,67,67,67,67,67,67,67,67,67,67],"card_choices":[{"not_picked":["bronze:BitShift","bronze:Invalidate"],"picked":"bronze:OilSpill","floor":2},{"not_picked":["bronze:WildBeam","bronze:Deprecate"],"picked":"bronze:DelayedGuard","floor":4},{"not_picked":["bronze:Overheat","bronze:ChosenStrike"],"picked":"bronze:OilSpill","floor":6},{"not_picked":["bronze:BuggyMess","bronze:DelayedGuard"],"picked":"bronze:ChosenStrike","floor":8},{"not_picked":["bronze:NullPointer","bronze:Frontload"],"picked":"bronze:Overheat","floor":9},{"not_picked":["bronze:BugBarrage","bronze:Deprecate"],"picked":"bronze:DelayedSlice","floor":10},{"not_picked":["bronze:RecursiveStrike","bronze:DelayedGuard"],"picked":"bronze:Optimize","floor":12},{"not_picked":["bronze:Safeguard","bronze:DarkDash","bronze:BitShift"],"picked":"SKIP","floor":14},{"not_picked":["bronze:CleanCode","bronze:HyperBeam"],"picked":"bronze:SpaghettiCode","floor":16},{"not_picked":["bronze:BuggyMess+1","bronze:Boost+1"],"picked":"bronze:Turbo+1","floor":19},{"not_picked":["bronze:BugBarrage","bronze:ClassDefault+1"],"picked":"bronze:Branch","floor":20},{"not_picked":["bronze:Virus","bronze:Flail"],"picked":"bronze:DigitalCarnage","floor":21},{"not_picked":["bronze:CutThrough","bronze:DarkDash"],"picked":"bronze:Frontload+1","floor":22},{"not_picked":["bronze:Shield+1","bronze:Backtrace"],"picked":"bronze:DelayedSlice+1","floor":23},{"not_picked":["bronze:DelayedGuard+1","bronze:MaxOutput"],"picked":"bronze:OilSpill","floor":25},{"not_picked":["bronze:DarkDash+1","bronze:Deprecate+1"],"picked":"bronze:Optimize","floor":27}],"player_experience":256064,"relics_obtained":[{"floor":7,"key":"Omamori"},{"floor":17,"key":"Dream Catcher"},{"floor":17,"key":"Toxic Egg 2"},{"floor":17,"key":"Calipers"},{"floor":24,"key":"Meat on the Bone"}],"event_choices":[{"damage_healed":0,"gold_gain":0,"player_choice":"Box","damage_taken":0,"relics_obtained":["The Courier"],"max_hp_gain":0,"max_hp_loss":0,"event_name":"Big Fish","floor":5,"gold_loss":0,"cards_obtained":["Regret"]}],"is_beta":false,"boss_relics":[{"not_picked":["Black Star","Sozu"],"picked":"Calling Bell"}],"items_purged_floors":[],"is_endless":false,"potions_floor_spawned":[10,14,15,16,19,21,22],"killed_by":"Chosen and Byrds","ascension_level":0}}