{"host":"6w37wf36x1q352g5","time":1610922587,"event":{"mods":["2.2 Compatiblity","Act Like it!","Aspiration","BaseMod","Block Reminder","Card Filter","Colored Powertips","Curses Come First","Dark Map","DeckTracker","Elementarium","Energized Spire","Gensokyo","Halation","Highlight Path","Hubris","Infinite Spire","Jedi Mod","Menagerie","Mimic Mod","Minty Spire (QoL Compilation)","Relic Filter","RumiaBox-????????","Spicy Shops","Spikes Relics","StSLib","Swap Starting Deck Mod","The Factory","The Jungle","Unceasing Turn Reminder","Wandering Minibosses","vexMod"],"gold_per_floor":[99,99,18,18,18,18,18,18,18,18,18,18,18,18,18,18,18,18,18,18,18,18,18,28,28,28,28,28],"floor_reached":27,"language":"ENG","playtime":2335,"items_purged":[],"score":241,"play_id":"82a5a639-186f-438a-a649-eeb4e4fa23ae","local_time":"20210117152947","is_ascension_mode":true,"campfire_choices":[{"data":"Eruption","floor":6,"key":"SMITH"},{"floor":8,"key":"REST"},{"floor":12,"key":"REST"},{"floor":15,"key":"REST"},{"data":"Fasting2","floor":23,"key":"SMITH"}],"circlet_count":0,"master_deck":["Strike_P","Strike_P","Strike_P","Strike_P","Defend_P","Defend_P","Defend_P+1","Defend_P+1","Eruption+1","Vigilance","FlyingSleeves","InnerPeace","Adaptation","Tantrum","Prostrate","Fasting2+1","Consecrate","ReachHeaven+1"],"relics":["Ectoplasm","Baka2","jedi:ominousloannote","Menagerie:MalignantTentacle","halation:PinkSoulGem","aspiration:ChemicalBlood","Potion Belt","GodSword5","halation:EternalFortune","Busted Crown","Torii","Black Blood","halation:PromiseList"],"acts_visited":["Menagerie:Menagerie","Elementarium:Elementarium"],"potions_floor_usage":[7,14,14,19],"damage_taken":[{"damage":0,"enemies":"Menagerie:WhisperingWraith","floor":1,"turns":4},{"damage":0,"enemies":"Menagerie:StygianBoar","floor":2,"turns":1},{"damage":26,"enemies":"Menagerie:MaskedSummoner","floor":7,"turns":10},{"damage":10,"enemies":"Menagerie:MonstrousExperiment","floor":9,"turns":5},{"damage":3,"enemies":"Menagerie:MonstrousExperiment","floor":10,"turns":3},{"damage":25,"enemies":"Menagerie:BEAST_MAGE_AND_PROWLING_AMALGAM","floor":11,"turns":11},{"damage":9,"enemies":"Menagerie:STYGIAN_BOAR_AND_WHISPERING_WRAITH","floor":14,"turns":2},{"damage":20,"enemies":"Menagerie:Chimera","floor":16,"turns":4},{"damage":2,"enemies":"Elementarium:Cyclone","floor":18,"turns":3},{"damage":0,"enemies":"Elementarium:VoidCorruption","floor":19,"turns":3},{"damage":6,"enemies":"Elementarium:VoidBeast","floor":21,"turns":3},{"damage":39,"enemies":"Elementarium:WarGolem","floor":24,"turns":3},{"damage":54,"enemies":"Elementarium:3_ELEMENTALS","floor":27,"turns":4}],"seed_played":"-5354459635687368974","potions_obtained":[{"floor":1,"key":"Block Potion"},{"floor":7,"key":"jedi:tentaclejuice"},{"floor":14,"key":"jedi:tentaclejuice"},{"floor":24,"key":"LiquidBronze"}],"is_trial":false,"path_per_floor":["M","M","$","?","?","R","E","R","MIM","M","M","R","?","M","R","B",null,"M","M","$","M","$","R","E","?","T","M"],"character_chosen":"WATCHER","items_purchased":["jedi:ominousloannote","Adaptation"],"campfire_rested":3,"item_purchase_floors":[3,3],"current_hp_per_floor":[72,72,72,72,72,72,46,67,57,54,29,55,58,49,75,55,75,73,75,75,69,69,69,33,33,33,0,0],"gold":28,"neow_bonus":"BOSS_RELIC","is_daily":false,"chose_seed":false,"campfire_upgraded":2,"win_rate":0.0,"timestamp":1610922587,"path_taken":["M","M","$","?","?","R","E","R","MIM","M","M","R","?","M","R","BOSS","M","M","$","M","$","R","E","?","T","M"],"items_purchased_type":["Relic","Card"],"build_version":"2020-12-22","purchased_purges":0,"victory":false,"max_hp_per_floor":[72,72,72,72,72,72,72,72,72,72,72,72,75,75,75,75,75,75,75,75,75,75,75,78,59,59,59,59],"card_choices":[{"not_picked":["CrushJoints","EmptyFist"],"picked":"FlyingSleeves","floor":1},{"not_picked":["FlurryOfBlows","SandsOfTime"],"picked":"InnerPeace","floor":2},{"not_picked":["EmptyMind","CutThroughFate"],"picked":"Tantrum","floor":7},{"not_picked":["Weave","PathToVictory"],"picked":"Prostrate","floor":10},{"not_picked":["CrushJoints","ClearTheMind"],"picked":"Fasting2","floor":11},{"not_picked":["Evaluate","Adaptation","BowlingBash"],"picked":"SKIP","floor":14},{"not_picked":[],"picked":"Consecrate","floor":18},{"not_picked":["BowlingBash"],"picked":"SKIP","floor":19},{"not_picked":["Protect"],"picked":"SKIP","floor":21},{"not_picked":[],"picked":"ReachHeaven+1","floor":24}],"player_experience":539510,"relics_obtained":[{"floor":1,"key":"Baka"},{"floor":2,"key":"Baka2"},{"floor":7,"key":"aspiration:ChemicalBlood"},{"floor":9,"key":"Potion Belt"},{"floor":11,"key":"GodSword5"},{"floor":24,"key":"halation:EternalFortune"},{"floor":24,"key":"Torii"},{"floor":26,"key":"halation:PromiseList"}],"event_choices":[{"damage_healed":0,"gold_gain":0,"player_choice":"Enter","damage_taken":0,"relics_obtained":["Menagerie:MalignantTentacle"],"max_hp_gain":0,"max_hp_loss":0,"event_name":"Menagerie:CorruptingLight","floor":4,"gold_loss":0,"cards_upgraded":["Defend_P","Defend_P"]}],"is_beta":false,"boss_relics":[{"not_picked":["energizedSpire:HugeHouse","halation:CatFaceCupcake"],"picked":"Busted Crown"}],"items_purged_floors":[],"is_endless":false,"potions_floor_spawned":[1,7,14,16,24],"killed_by":"Elementarium:3_ELEMENTALS","ascension_level":1}}