{"host":"4rvakrj1idbgia3f","time":1610859398,"event":{"mods":["BaseMod","Colored Map","Colored Powertips","DeckTracker","Highlight Path","Minty Spire (QoL Compilation)","Random Character Button","StSLib"],"gold_per_floor":[117,169,184,201,38,38,70,86,113,113,132,151,94,106,106,106,106],"floor_reached":16,"language":"JPN","playtime":569,"items_purged":["Defend_R"],"score":208,"play_id":"0a155470-2b4c-449f-ae76-bc43e97877ae","local_time":"20210117135638","is_ascension_mode":true,"campfire_choices":[{"data":"Whirlwind","floor":6,"key":"SMITH"},{"data":"Second Wind","floor":10,"key":"SMITH"},{"data":"True Grit","floor":15,"key":"SMITH"}],"circlet_count":0,"master_deck":["AscendersBane","Strike_R","Strike_R","Strike_R","Strike_R","Strike_R","Defend_R","Defend_R+1","Defend_R+1","Bash","Burning Pact","Whirlwind+1","Second Wind+1","Power Through","Disarm","True Grit+1"],"relics":["Burning Blood","Charon\u0027s Ashes","War Paint","Singing Bowl","Bag of Marbles"],"acts_visited":["Exordium"],"potions_floor_usage":[7,7],"damage_taken":[{"damage":1,"enemies":"Cultist","floor":1,"turns":4},{"damage":4,"enemies":"Small Slimes","floor":3,"turns":3},{"damage":0,"enemies":"2 Louse","floor":4,"turns":2},{"damage":31,"enemies":"Lagavulin","floor":7,"turns":8},{"damage":17,"enemies":"Large Slime","floor":8,"turns":7},{"damage":24,"enemies":"Exordium Thugs","floor":11,"turns":5},{"damage":14,"enemies":"3 Louse","floor":12,"turns":2},{"damage":10,"enemies":"Looter","floor":14,"turns":4},{"damage":21,"enemies":"Slime Boss","floor":16,"turns":7}],"seed_played":"6916077206107250133","potions_obtained":[{"floor":1,"key":"Regen Potion"},{"floor":3,"key":"ColorlessPotion"},{"floor":4,"key":"BlessingOfTheForge"}],"is_trial":false,"path_per_floor":["M","T","M","M","$","R","E","M","T","R","M","M","?","M","R","B"],"character_chosen":"IRONCLAD","items_purchased":["Power Through"],"campfire_rested":0,"item_purchase_floors":[5],"current_hp_per_floor":[55,55,57,63,63,63,50,41,41,41,23,17,17,15,15,0,0],"gold":106,"neow_bonus":"ONE_RARE_RELIC","is_daily":false,"chose_seed":false,"campfire_upgraded":3,"win_rate":0.0,"timestamp":1610859398,"path_taken":["M","?","M","?","$","R","E","M","T","R","M","M","?","M","R","BOSS"],"items_purchased_type":["Card"],"build_version":"2020-12-22","purchased_purges":1,"victory":false,"max_hp_per_floor":[75,75,75,75,75,75,75,77,77,77,77,79,79,81,81,81,81],"card_choices":[{"not_picked":["Rupture","Havoc"],"picked":"Burning Pact","floor":1},{"not_picked":["Anger","Spot Weakness"],"picked":"Whirlwind","floor":3},{"not_picked":["Twin Strike","Clothesline"],"picked":"Second Wind","floor":4},{"not_picked":["Warcry","Heavy Blade"],"picked":"Disarm","floor":7},{"not_picked":["Body Slam","Clothesline","Rage"],"picked":"Singing Bowl","floor":8},{"not_picked":["Pommel Strike","Thunderclap"],"picked":"True Grit","floor":11},{"not_picked":["Spot Weakness","Rampage","Heavy Blade"],"picked":"Singing Bowl","floor":12},{"not_picked":["Headbutt","Body Slam","Anger"],"picked":"Singing Bowl","floor":14}],"player_experience":2046377,"relics_obtained":[{"floor":2,"key":"War Paint"},{"floor":7,"key":"Singing Bowl"},{"floor":9,"key":"Bag of Marbles"}],"event_choices":[{"damage_healed":0,"gold_gain":0,"player_choice":"Left Gold","damage_taken":0,"max_hp_gain":0,"max_hp_loss":0,"event_name":"World of Goop","floor":13,"gold_loss":57}],"is_beta":false,"boss_relics":[],"items_purged_floors":[5],"is_endless":false,"potions_floor_spawned":[1,3,4],"killed_by":"Slime Boss","ascension_level":20}}