{"host":"l4kdldlios54gl54","time":1610858310,"event":{"mods":["AchievementEnabler","BaseMod","Colored Map","Colored Powertips","Minty Spire (QoL Compilation)","Random Character Button"],"gold_per_floor":[112,127,52,52,52,52,52,52,52,52,52,27,48,92,92,190,190,211,211,195,195,209,209,209,209],"floor_reached":24,"language":"ENG","playtime":740,"items_purged":["Strike_R"],"score":384,"play_id":"4d9009bb-3674-4531-bfe0-062011f2a0c4","local_time":"20210117053830","is_ascension_mode":true,"campfire_choices":[{"data":"Demon Form","floor":6,"key":"SMITH"},{"data":"Bash","floor":8,"key":"SMITH"},{"data":"Defend_R","floor":10,"key":"SMITH"},{"floor":15,"key":"REST"},{"floor":23,"key":"REST"}],"circlet_count":0,"master_deck":["AscendersBane","Strike_R","Strike_R","Defend_R+1","Defend_R","Defend_R","Defend_R","Bash+1","Demon Form+1","Twin Strike","True Grit","Limit Break","Shrug It Off","Dark Embrace","Exhume","Shrug It Off"],"relics":["Burning Blood","Golden Idol","Thread and Needle","Potion Belt","StrikeDummy","Velvet Choker"],"acts_visited":["Exordium","TheCity"],"potions_floor_usage":[20,24,24],"damage_taken":[{"damage":1,"enemies":"Cultist","floor":1,"turns":3},{"damage":13,"enemies":"Jaw Worm","floor":2,"turns":6},{"damage":2,"enemies":"2 Louse","floor":13,"turns":4},{"damage":16,"enemies":"3 Sentries","floor":14,"turns":7},{"damage":64,"enemies":"Slime Boss","floor":16,"turns":11},{"damage":20,"enemies":"Shell Parasite","floor":18,"turns":6},{"damage":20,"enemies":"2 Thieves","floor":20,"turns":4},{"damage":12,"enemies":"Centurion and Healer","floor":22,"turns":6},{"damage":49,"enemies":"Slavers","floor":24,"turns":4}],"seed_played":"298429239577685194","potions_obtained":[{"floor":1,"key":"LiquidBronze"},{"floor":14,"key":"Explosive Potion"},{"floor":18,"key":"PowerPotion"}],"is_trial":false,"path_per_floor":["M","M","$","?","?","R","?","R","T","R","?","$","M","E","R","B",null,"M","?","M","?","M","R","E"],"character_chosen":"IRONCLAD","items_purchased":["Twin Strike"],"campfire_rested":2,"item_purchase_floors":[12],"current_hp_per_floor":[73,66,66,66,71,71,71,71,71,71,53,53,57,47,68,10,57,43,43,29,29,23,44,0,0],"gold":209,"neow_bonus":"ONE_RANDOM_RARE_CARD","is_daily":false,"chose_seed":false,"campfire_upgraded":3,"win_rate":0.0,"timestamp":1610858310,"path_taken":["M","M","$","?","?","R","?","R","T","R","?","$","M","E","R","BOSS","M","?","M","?","M","R","E"],"items_purchased_type":["Card"],"build_version":"2020-12-22","purchased_purges":1,"victory":false,"max_hp_per_floor":[75,75,75,75,80,80,72,72,72,72,72,72,72,72,72,72,72,72,72,72,72,72,72,72,72],"card_choices":[{"not_picked":["Feel No Pain","Clothesline","Havoc"],"picked":"SKIP","floor":1},{"not_picked":["Metallicize","Thunderclap","Wild Strike"],"picked":"SKIP","floor":2},{"not_picked":["Wild Strike","Shockwave","Inflame"],"picked":"SKIP","floor":13},{"not_picked":["Twin Strike","Rampage"],"picked":"True Grit","floor":14},{"not_picked":["Demon Form","Immolate"],"picked":"Limit Break","floor":16},{"not_picked":["Metallicize","Cleave"],"picked":"Shrug It Off","floor":18},{"not_picked":["Twin Strike","Iron Wave","Body Slam"],"picked":"SKIP","floor":20},{"not_picked":["Sever Soul","Armaments"],"picked":"Shrug It Off","floor":22}],"player_experience":865401,"relics_obtained":[{"floor":9,"key":"Thread and Needle"},{"floor":14,"key":"StrikeDummy"}],"event_choices":[{"damage_healed":0,"gold_gain":0,"player_choice":"Leave","damage_taken":0,"max_hp_gain":0,"max_hp_loss":0,"event_name":"The Cleric","floor":4,"gold_loss":0},{"damage_healed":0,"gold_gain":0,"player_choice":"Donut","damage_taken":0,"max_hp_gain":5,"max_hp_loss":0,"event_name":"Big Fish","floor":5,"gold_loss":0},{"damage_healed":0,"gold_gain":0,"player_choice":"Lose Max HP","damage_taken":0,"relics_obtained":["Golden Idol"],"max_hp_gain":0,"max_hp_loss":8,"event_name":"Golden Idol","floor":7,"gold_loss":0},{"damage_healed":0,"gold_gain":0,"player_choice":"Success","damage_taken":18,"relics_obtained":["Potion Belt"],"max_hp_gain":0,"max_hp_loss":0,"event_name":"Scrap Ooze","floor":11,"gold_loss":0},{"damage_healed":0,"gold_gain":0,"cards_transformed":["Strike_R","Strike_R"],"player_choice":"Became Test Subject","damage_taken":0,"max_hp_gain":0,"max_hp_loss":0,"event_name":"Drug Dealer","floor":19,"gold_loss":0,"cards_obtained":["Dark Embrace","Exhume"]},{"damage_healed":0,"gold_gain":0,"player_choice":"Ignored","damage_taken":0,"max_hp_gain":0,"max_hp_loss":0,"event_name":"The Mausoleum","floor":21,"gold_loss":0}],"is_beta":false,"boss_relics":[{"not_picked":["Calling Bell","Fusion Hammer"],"picked":"Velvet Choker"}],"items_purged_floors":[3],"is_endless":false,"potions_floor_spawned":[1,14,18],"killed_by":"Slavers","ascension_level":20}}