{"host":"bf9sa99gaumonoeu","time":1610859568,"event":{"mods":["AchievementEnabler","Act Like it!","Aspiration","BaseMod","Better Note","Better Sensory Stone","Colored Map","Colored Powertips","Fox Events","Friendly Minions","Gensokyo","GifTheSpireLib","Googly Eyes","Hallownest","Hermit","Highlight Path","Hubris","Jorbs\u0027s Wanderer Trilogy","KinomotoSakuraMod(????)","Koishi","Lobotomy","Marisa????????","Minty Spire (QoL Compilation)","Rare Cards Sparkle","Reimu??????","Relic Stats","Remilia??????","Replay The Spire","StSLib","The Administrix","The Animator","The Bug Knight","The Construct","The Cursed","The Disciple","The Hierophant","The Mystic","The Necromancer","The Poker Player","The Runesmith","The Senshi","The Servant 0.9.4"],"gold_per_floor":[111,130,150,168,184,184,109,109,132,162,179,179,179,208,208,284,284,304,394,344,362,372,372,3,16,92,92,117,31,31,48,48,125,125,135,135,135,135,24,24,41,41,41,61,93,93,122,142,142,142],"floor_reached":51,"language":"ENG","playtime":3057,"items_purged":["Strike_R","hubris:SharpeningStone","Dual Wield"],"score":1300,"play_id":"6dd945f9-9952-4ba3-b6d1-e418e19f51c8","local_time":"20210117025928","is_ascension_mode":true,"campfire_choices":[{"data":"Bash","floor":6,"key":"SMITH"},{"data":"hubris:CleavingFinish","floor":8,"key":"SMITH"},{"floor":12,"key":"REST"},{"data":"Whirlwind","floor":15,"key":"SMITH"},{"floor":23,"key":"REST"},{"data":"True Grit","floor":27,"key":"SMITH"},{"data":"Battle Trance","floor":30,"key":"SMITH"},{"data":"Secret Technique","floor":32,"key":"SMITH"},{"data":"Clothesline","floor":40,"key":"SMITH"},{"data":"ReplayReversal","floor":42,"key":"SMITH"},{"data":"Double Tap","floor":46,"key":"SMITH"},{"data":"Uppercut","floor":49,"key":"SMITH"}],"circlet_count":0,"master_deck":["AscendersBane","Bash+1","Battle Trance+1","hubris:CleavingFinish+1","Flex","Rage","ReplayTheSpireMod:Stacked","ReplayReversal+1","Reaper","Hemokinesis","Secret Technique+1","Battle Trance","Whirlwind+1","Impervious","Rage","hubris:Ssssneak","Thunderclap+1","True Grit+1","hubris:Insight","Abandon+1","Dual Wield","Inflame","Berserk+1","Uppercut+1","Shrug It Off","Clothesline+1","Warcry+1","Double Tap+1","Feel No Pain","Cleave"],"relics":["Burning Blood","aspiration:Nostalgia","construct:Cogwheel","Nunchaku","Replay:PocketPolymizer","StoneCalendar","aspiration:FutureDiary","ReplayTheSpireMod:Spearhead","Membership Card","Durian","Pear","Orichalcum","aspiration:RandomNobGenerator","Gremlin Food","hubris:CuriousFeather","Mango"],"acts_visited":["Exordium","TheCity","TheBeyond"],"potions_floor_usage":[10,16,21,21,28,28,28,31,33,50,50],"damage_taken":[{"damage":1,"enemies":"Cultist","floor":1,"turns":4},{"damage":0,"enemies":"2 Louse","floor":2,"turns":3},{"damage":10,"enemies":"Small Slimes","floor":3,"turns":3},{"damage":14,"enemies":"Blue Slaver","floor":4,"turns":4},{"damage":11,"enemies":"Looter","floor":5,"turns":3},{"damage":11,"enemies":"Lagavulin","floor":10,"turns":5},{"damage":20,"enemies":"Lots of Slimes","floor":11,"turns":3},{"damage":34,"enemies":"3 Sentries","floor":14,"turns":7},{"damage":19,"enemies":"Slime Boss","floor":16,"turns":7},{"damage":6,"enemies":"2 Thieves","floor":18,"turns":3},{"damage":31,"enemies":"3 Byrds","floor":21,"turns":3},{"damage":6,"enemies":"Shelled Parasite and Fungi","floor":22,"turns":4},{"damage":21,"enemies":"Chosen and Byrds","floor":25,"turns":7},{"damage":7,"enemies":"Replay:Snechameleon","floor":28,"turns":6},{"damage":2,"enemies":"Centurion and Healer","floor":31,"turns":5},{"damage":45,"enemies":"hubris:MusketHawk","floor":33,"turns":8},{"damage":16,"enemies":"Orb Walker","floor":35,"turns":3},{"damage":5,"enemies":"3 Darklings","floor":41,"turns":2},{"damage":2,"enemies":"Jaw Worm Horde","floor":44,"turns":3},{"damage":0,"enemies":"R_Hoarder","floor":45,"turns":6},{"damage":1,"enemies":"Giant Head","floor":47,"turns":7},{"damage":0,"enemies":"Sphere and 2 Shapes","floor":48,"turns":1},{"damage":129,"enemies":"Donu and Deca","floor":50,"turns":9}],"seed_played":"-5892478670251312883","potions_obtained":[{"floor":3,"key":"Elixir"},{"floor":4,"key":"Swift Potion"},{"floor":16,"key":"Cursed Concoction"},{"floor":18,"key":"PowerPotion"},{"floor":22,"key":"ColorlessPotion"},{"floor":28,"key":"SteroidPotion"},{"floor":33,"key":"BloodPotion"},{"floor":35,"key":"BlessingOfTheForge"},{"floor":47,"key":"EssenceOfSteel"},{"floor":48,"key":"Regen Potion"}],"is_trial":false,"path_per_floor":["M","M","M","M","M","R","$","R","T","E","M","R","?","E","R","B",null,"M","?","?","M","M","R","$","M","T","R","E","$","R","M","R","B",null,"M","?","?","?","$","R","M","R","T","M","E","R","E","M","R","B",null],"character_chosen":"IRONCLAD","items_purchased":["Membership Card","hubris:Insight","Durian","Strength Potion","Dropkick","Shrug It Off","Clothesline"],"campfire_rested":2,"item_purchase_floors":[24,24,24,24,29,39,39],"current_hp_per_floor":[73,75,71,63,58,58,58,58,58,53,39,61,61,45,45,41,67,67,49,49,36,36,58,63,54,64,64,72,72,72,76,76,61,83,74,74,74,74,74,74,75,75,75,79,90,90,104,104,104,30],"gold":142,"neow_bonus":"NOSTALGIA","is_daily":false,"chose_seed":false,"campfire_upgraded":10,"win_rate":0.0,"timestamp":1610859568,"path_taken":["M","?","M","M","M","R","$","R","T","E","M","R","?","E","R","BOSS","M","?","?","M","?","R","$","M","T","R","E","$","R","?","R","BOSS","M","?","?","?","?","R","M","R","T","M","E","R","E","?","R","BOSS"],"items_purchased_type":["Relic","Card","Relic","Potion","Card","Card","Card"],"build_version":"2020-12-22","purchased_purges":3,"victory":true,"max_hp_per_floor":[75,75,75,75,75,75,75,75,75,75,75,75,75,75,75,75,75,75,75,75,75,75,75,80,80,90,90,90,90,90,90,90,90,90,90,90,90,90,90,90,90,90,90,90,90,90,104,104,104,104],"relic_stats":{"Nunchaku":[15],"counters":[23,106],"StoneCalendar":[216],"Orichalcum":[24],"obtain_stats":[{"Gremlin Food":43,"Replay:PocketPolymizer":10,"Pear":26,"aspiration:Nostalgia":0,"StoneCalendar":14,"Mango":47,"aspiration:RandomNobGenerator":34,"Orichalcum":28,"Burning Blood":0,"Nunchaku":9,"ReplayTheSpireMod:Spearhead":20,"construct:Cogwheel":0,"hubris:CuriousFeather":45,"Durian":24,"Membership Card":24,"aspiration:FutureDiary":17},{"Gremlin Food":18,"Replay:PocketPolymizer":6,"Pear":13,"aspiration:Nostalgia":0,"StoneCalendar":8,"Mango":21,"aspiration:RandomNobGenerator":16,"Orichalcum":14,"Burning Blood":0,"Nunchaku":5,"ReplayTheSpireMod:Spearhead":10,"construct:Cogwheel":0,"hubris:CuriousFeather":20,"Durian":12,"Membership Card":12,"aspiration:FutureDiary":9},{"Gremlin Food":80,"Replay:PocketPolymizer":22,"Pear":56,"aspiration:Nostalgia":0,"StoneCalendar":32,"Mango":96,"aspiration:RandomNobGenerator":75,"Orichalcum":62,"Burning Blood":0,"Nunchaku":17,"ReplayTheSpireMod:Spearhead":42,"construct:Cogwheel":0,"hubris:CuriousFeather":89,"Durian":49,"Membership Card":49,"aspiration:FutureDiary":39}],"Burning Blood":116},"card_choices":[{"not_picked":["Run Through","Wild Strike"],"picked":"Battle Trance","floor":1},{"not_picked":["ReplayTheSpireMod:Muscle Training","Clothesline"],"picked":"hubris:CleavingFinish","floor":2},{"not_picked":["ReplayTheSpireMod:Strike From Hell","Dual Wield"],"picked":"Flex","floor":3},{"not_picked":["Wild Strike","Twin Strike"],"picked":"Rage","floor":4},{"not_picked":["Shrug It Off","Thunderclap"],"picked":"ReplayTheSpireMod:Stacked","floor":5},{"not_picked":["Body Slam","Massacre"],"picked":"ReplayReversal","floor":10},{"not_picked":["Whirlwind","Flame Barrier"],"picked":"Reaper","floor":11},{"not_picked":["Panacea","Mind Blast"],"picked":"Secret Technique","floor":13},{"not_picked":["Heavy Blade","Burning Pact"],"picked":"Battle Trance","floor":14},{"not_picked":["Exhume","Eclipse"],"picked":"Impervious","floor":16},{"not_picked":["ReplayTheSpireMod:Strike From Hell","Pommel Strike+1"],"picked":"Rage","floor":18},{"not_picked":["Entrench","Warcry"],"picked":"Thunderclap+1","floor":21},{"not_picked":["Anger","Reckless Charge"],"picked":"True Grit","floor":22},{"not_picked":["Heavy Blade","Havoc"],"picked":"Flex","floor":25},{"not_picked":["Twin Strike","Abandon+1","Run Through"],"picked":"SKIP","floor":28},{"not_picked":["Twin Strike","Run Through"],"picked":"Abandon+1","floor":28},{"not_picked":["Flame Barrier","Run Through","Armaments"],"picked":"SKIP","floor":31},{"not_picked":["Fiend Fire","Limit Break"],"picked":"Berserk","floor":33},{"not_picked":["Warcry+1","Battle Trance"],"picked":"Uppercut","floor":35},{"not_picked":["Run Through","Perfected Strike"],"picked":"Warcry+1","floor":41},{"not_picked":["Iron Wave","Flex+1","Body Slam"],"picked":"SKIP","floor":44},{"not_picked":["Armaments+1","Thunderclap+1","Rupture"],"picked":"SKIP","floor":45},{"not_picked":["hubris:StunningStrike","Power Through+1","Carnage"],"picked":"SKIP","floor":47},{"not_picked":["Cleave+1","Rampage+1","Anger"],"picked":"SKIP","floor":48}],"player_experience":955624,"relics_obtained":[{"floor":9,"key":"Nunchaku"},{"floor":10,"key":"Replay:PocketPolymizer"},{"floor":14,"key":"StoneCalendar"},{"floor":26,"key":"Pear"},{"floor":28,"key":"Orichalcum"},{"floor":43,"key":"Gremlin Food"},{"floor":45,"key":"hubris:CuriousFeather"},{"floor":47,"key":"Mango"}],"event_choices":[{"damage_healed":0,"gold_gain":1,"player_choice":"1","damage_taken":0,"max_hp_gain":0,"max_hp_loss":0,"event_name":"betterStone:BetterStone","floor":13,"gold_loss":0},{"damage_healed":0,"gold_gain":90,"player_choice":"GOLD CARD ","damage_taken":18,"max_hp_gain":0,"max_hp_loss":0,"event_name":"Knowing Skull","floor":19,"potions_obtained":[],"gold_loss":0,"cards_obtained":["hubris:Ssssneak"]},{"damage_healed":0,"gold_gain":0,"player_choice":"Paid Gold","damage_taken":0,"relics_obtained":["ReplayTheSpireMod:Spearhead"],"max_hp_gain":0,"max_hp_loss":0,"event_name":"WeMeetAgain","floor":20,"gold_loss":50},{"cards_removed":["Dropkick"],"damage_healed":0,"gold_gain":0,"player_choice":"Removed Attack","damage_taken":0,"max_hp_gain":0,"max_hp_loss":0,"event_name":"Falling","floor":38,"gold_loss":0}],"is_beta":false,"boss_relics":[{"not_picked":["construct:WeddingRing","Snecko Eye"],"picked":"aspiration:FutureDiary"},{"not_picked":["Fusion Hammer","ChewingGum"],"picked":"aspiration:RandomNobGenerator"}],"items_purged_floors":[7,29,39],"is_endless":false,"potions_floor_spawned":[3,4,16,18,22,28,33,35,47,48],"ascension_level":14}}