{"host":"e4wnmsyty9uvvtwf","time":1610863288,"event":{"mods":["Act Like it!","Aspiration","BaseMod","Colored Map","Colored Powertips","Gensokyo","Minty Spire (QoL Compilation)","Rare Cards Sparkle","Reimu£®≤©¿ˆ¡È√Œ£©","Replay The Spire","StSLib"],"gold_per_floor":[110,120,54,73,93,93,418,278,278,324,340,358,388,399,399,497,497,497,497],"floor_reached":18,"language":"ZHS","playtime":808,"items_purged":[],"score":174,"play_id":"5efd1e74-fc6f-4815-a343-fada0b1a4744","local_time":"20210117140128","is_ascension_mode":false,"campfire_choices":[{"data":"Sadistic Nature","floor":6,"key":"SMITH"},{"floor":15,"key":"REST"}],"circlet_count":0,"master_deck":["Strike_Lin:ReiMu","Strike_Lin:ReiMu","Strike_Lin:ReiMu","Strike_Lin:ReiMu","Defend_Lin:ReiMu","Defend_Lin:ReiMu","Defend_Lin:ReiMu","Defend_Lin:ReiMu","NB:ReiMu","Stagnation:ReiMu","Gensokyo:AllTheWorldsEvil","Sadistic Nature+1","SpreadBorder2:ReiMu","SpreadBorder2:ReiMu","TightArray:ReiMu","ForcedLanding:ReiMu","DependentForm:ReiMu","FoulBorder2:ReiMu","FoulBorder2:ReiMu","Conquer:ReiMu","LovePray:ReiMu","RunawayExorcism:ReiMu"],"relics":["FlyPower:ReiMu","Blue Doll","Pet Ghost","Lizard Tail","HornCleat","Centennial Puzzle","aspiration:Lifesprig","aspiration:IroncladSkillbook"],"acts_visited":["Exordium","Gensokyo:Gensokyo"],"potions_floor_usage":[18],"damage_taken":[{"damage":3,"enemies":"Gensokyo:Gryphon","floor":1,"turns":6},{"damage":7,"enemies":"Gensokyo:Python","floor":2,"turns":5},{"damage":13,"enemies":"Gensokyo:3_Fairies","floor":4,"turns":6},{"damage":9,"enemies":"Gensokyo:Gryphon_and_Rabbit","floor":5,"turns":7},{"damage":5,"enemies":"Gensokyo:Mamizou","floor":7,"turns":17},{"damage":3,"enemies":"Gensokyo:2_Rabbits","floor":11,"turns":4},{"damage":0,"enemies":"Gensokyo:LivingMonolith","floor":12,"turns":3},{"damage":16,"enemies":"Gensokyo:Cirno","floor":13,"turns":9},{"damage":7,"enemies":"Gensokyo:VengefulSpirit","floor":14,"turns":4},{"damage":27,"enemies":"Gensokyo:Kokoro","floor":16,"turns":12},{"damage":23,"enemies":"Gensokyo:3_Dogs","floor":18,"turns":3}],"seed_played":"5377807878829099062","potions_obtained":[{"floor":1,"key":"Flashbang"},{"floor":2,"key":"Toxic Potion"},{"floor":4,"key":"ZuzhouPotion:ReiMu"}],"is_trial":false,"path_per_floor":["M","M","COS","M","M","R","E","?","T","T","M","M","E","M","R","B",null,"M"],"character_chosen":"REIMU","items_purchased":[],"campfire_rested":1,"item_purchase_floors":[],"current_hp_per_floor":[62,55,55,42,33,33,28,28,28,28,25,25,9,2,21,26,65,42,42],"gold":497,"neow_bonus":"RANDOM_COLORLESS_2","is_daily":false,"chose_seed":false,"campfire_upgraded":1,"win_rate":0.0,"timestamp":1610863288,"path_taken":["M","M","COS","?","M","R","E","?","T","?","M","M","E","M","R","BOSS","M"],"items_purchased_type":[],"build_version":"2020-12-22","purchased_purges":0,"victory":false,"max_hp_per_floor":[65,65,65,65,65,65,65,65,65,65,65,65,65,65,65,65,65,65,65],"card_choices":[{"not_picked":["Panache","Crow Ritual"],"picked":"Sadistic Nature","floor":0},{"not_picked":["MikOfLucky:ReiMu","AirManeuver:ReiMu"],"picked":"SpreadBorder2:ReiMu","floor":1},{"not_picked":["SubcavityInstant:ReiMu","TakeOff:ReiMu"],"picked":"SpreadBorder2:ReiMu","floor":2},{"not_picked":["Intuition:ReiMu","OrbThrow:ReiMu"],"picked":"TightArray:ReiMu","floor":4},{"not_picked":["EmergencyTakeOff:ReiMu","SubcavityInstant:ReiMu"],"picked":"ForcedLanding:ReiMu","floor":5},{"not_picked":["CollectionFlower2:ReiMu","Dreaming2:ReiMu"],"picked":"DependentForm:ReiMu","floor":7},{"not_picked":["Meditation:ReiMu","SubAcupoint:ReiMu"],"picked":"FoulBorder2:ReiMu","floor":11},{"not_picked":["Conquer:ReiMu","EmergencyTakeOff:ReiMu"],"picked":"FoulBorder2:ReiMu","floor":12},{"not_picked":["PrepareRite:ReiMu","OrbThrow:ReiMu"],"picked":"Conquer:ReiMu","floor":13},{"not_picked":["AirStrike:ReiMu","Conquer:ReiMu"],"picked":"LovePray:ReiMu","floor":14},{"not_picked":["PrayRite:ReiMu","CeremonyResonance:ReiMu"],"picked":"RunawayExorcism:ReiMu","floor":16}],"player_experience":564463,"relics_obtained":[{"floor":7,"key":"Pet Ghost"},{"floor":9,"key":"HornCleat"},{"floor":10,"key":"Centennial Puzzle"},{"floor":13,"key":"aspiration:Lifesprig"}],"event_choices":[],"is_beta":false,"boss_relics":[{"not_picked":["aspiration:FutureDiary","Fusion Hammer"],"picked":"aspiration:IroncladSkillbook"}],"items_purged_floors":[],"is_endless":false,"potions_floor_spawned":[1,2,4,12],"killed_by":"Gensokyo:3_Dogs","ascension_level":0}}