{"host":"lzzv50t0ea3gz1kk","time":1610870293,"event":{"mods":["ATMod(°¢èªMod)","Act Like it!","BaseMod","Gensokyo","Hallownest","Hermit","Marisa£¨ìFÓê¡¡Ä§ÀíÉ³£©","Minty Spire (QoL Compilation)","Replay The Spire","Robot Space Explorer","StSLib","The Animator"],"gold_per_floor":[113,40,57,332,342,342,353,366,366,366,401,127,156,167,167,266,266,284,37,37,52,52,85,85,110,110,110,126,126,26,41,41,139,139,151,165,183,183,183,212,212,238,238,238,238,238,113,142,142,142],"floor_reached":51,"language":"ZHS","playtime":2987,"items_purged":["Regret","Accuracy","Defend_G+1"],"score":994,"play_id":"1936fa3a-dc9b-4e17-b7a5-c35e4b3bb574","local_time":"20210117155813","is_ascension_mode":true,"campfire_choices":[{"data":"AT_KneejerkReflex","floor":6.0,"key":"SMITH"},{"data":"ReplayTheSpireMod:Speed Training","floor":10.0,"key":"SMITH"},{"floor":15.0,"key":"REST"},{"data":"After Image","floor":24.0,"key":"SMITH"},{"data":"Fluid Movement","floor":32.0,"key":"SMITH"},{"data":"AT_WindFlip","floor":41,"key":"SMITH"},{"data":"Tools of the Trade","floor":44,"key":"SMITH"},{"data":"Strike_G+2","floor":49,"key":"SMITH"}],"circlet_count":0,"master_deck":["Strike_G+3","Strike_G+1","Strike_G+1","Strike_G+1","Strike_G+1","Defend_G+1","Defend_G+1","Defend_G+2","Defend_G+1","Survivor","Neutralize","Dagger Throw+1","AT_KneejerkReflex+1","ReplayTheSpireMod:Speed Training+1","Backstab","Fluid Movement+1","Footwork+1","Dagger Throw+1","After Image+1","AT_WindFlip+1","Tools of the Trade+1","Sucker Punch+1"],"relics":["Ring of the Snake","AT_ATBox","Replay:Bottled Steam","Mummified Hand","AT_SeraphEmbrace","Lizard Tail","Busted Crown","AT_BellowingDragoncrestRing","Blood Vial","Pear","Garlic","Runic Dome","Replay:Bottled Eggs","AT_EbonyIvory","Simple Rune","Gremlin Food"],"acts_visited":["Exordium","TheCity","TheBeyond"],"potions_floor_usage":[42,48,50,50,50],"damage_taken":[{"damage":0.0,"enemies":"Cultist","floor":1.0,"turns":3.0},{"damage":7.0,"enemies":"Jaw Worm","floor":3.0,"turns":4.0},{"damage":5.0,"enemies":"2 Louse","floor":5.0,"turns":3.0},{"damage":4.0,"enemies":"Exordium Thugs","floor":7.0,"turns":5.0},{"damage":0.0,"enemies":"2 Fungi Beasts","floor":8.0,"turns":3.0},{"damage":15.0,"enemies":"Gremlin Nob","floor":11.0,"turns":5.0},{"damage":11.0,"enemies":"3 Sentries","floor":13.0,"turns":7.0},{"damage":0.0,"enemies":"Large Slime","floor":14.0,"turns":7.0},{"damage":30.0,"enemies":"Slime Boss","floor":16.0,"turns":16.0},{"damage":0.0,"enemies":"Chosen","floor":18.0,"turns":6.0},{"damage":2.0,"enemies":"Spheric Guardian","floor":21.0,"turns":4.0},{"damage":7.0,"enemies":"Book of Stabbing","floor":23.0,"turns":5.0},{"damage":5.0,"enemies":"Replay:Snechameleon","floor":25.0,"turns":6.0},{"damage":0.0,"enemies":"Snecko","floor":28.0,"turns":4.0},{"damage":1.0,"enemies":"Snake Plant","floor":31.0,"turns":7.0},{"damage":0.0,"enemies":"Champ","floor":33.0,"turns":13.0},{"damage":1.0,"enemies":"3 Darklings","floor":35.0,"turns":6.0},{"damage":0.0,"enemies":"3 Shapes","floor":36.0,"turns":5.0},{"damage":3.0,"enemies":"Spire Growth","floor":37.0,"turns":5.0},{"damage":4.0,"enemies":"Reptomancer","floor":40.0,"turns":10.0},{"damage":0,"enemies":"Nemesis","floor":42,"turns":7},{"damage":0,"enemies":"Giant Head","floor":48,"turns":6},{"damage":0,"enemies":"Awakened One","floor":50,"turns":11}],"seed_played":"-5157983607986555113","potions_obtained":[{"floor":3.0,"key":"SteroidPotion"},{"floor":8.0,"key":"Ancient Potion"},{"floor":11.0,"key":"BlessingOfTheForge"},{"floor":16.0,"key":"Swift Potion"},{"floor":18.0,"key":"Doom Potion"},{"floor":25.0,"key":"Swift Potion"},{"floor":33.0,"key":"Weak Potion"},{"floor":35.0,"key":"Explosive Potion"},{"floor":40,"key":"ColorlessPotion"},{"floor":42,"key":"Languid Potion"},{"floor":48,"key":"Fire Potion"}],"is_trial":false,"path_per_floor":["M","$","M","?","M","R","M","M","T","R","E","$","E","M","R","B",null,"M","$","?","M","?","E","R","E","T","?","M","?","$","M","R","B",null,"M","M","M","?","?","E","R","E","T","R","?","?","$","E","R","B",null],"character_chosen":"THE_SILENT","items_purchased":["AT_KneejerkReflex","AT_ArchangelStaff","Footwork+1","AT_BellowingDragoncrestRing"],"campfire_rested":1,"item_purchase_floors":[2,12,12,19],"current_hp_per_floor":[70,70,63,63,58,58,54,54,54,54,39,39,28,28,49,19,70,70,70,70,68,68,61,61,68,68,68,70,55,55,56,56,58,85,84,85,82,82,82,80,80,82,82,82,82,81,81,81,81,81],"gold":142,"neow_bonus":"THREE_CARDS","is_daily":false,"chose_seed":false,"campfire_upgraded":7,"win_rate":0.0,"timestamp":1610870293,"path_taken":["M","$","?","?","?","R","M","M","T","R","E","$","E","M","R","BOSS","M","$","?","M","?","E","R","E","T","?","?","?","$","M","R","BOSS","M","M","M","?","?","E","R","E","T","R","?","?","$","E","R","BOSS"],"items_purchased_type":["Card","Relic","Card","Relic"],"build_version":"2020-12-22","purchased_purges":3,"victory":true,"max_hp_per_floor":[70,70,70,70,70,70,70,70,70,70,70,70,70,70,70,70,70,70,70,70,70,70,70,70,80,80,80,80,85,85,85,85,85,85,85,85,85,85,85,85,85,85,85,85,85,81,81,81,81,81],"card_choices":[{"not_picked":["Bane","Flying Knee"],"picked":"Dagger Throw","floor":0.0},{"not_picked":["Dagger Throw","Hidden Blade"],"picked":"Accuracy","floor":1.0},{"not_picked":["Expertise","Flying Knee","ReplayTheSpireMod:The Works"],"picked":"SKIP","floor":3.0},{"not_picked":["Leg Sweep","Replay:Poison Smokescreen"],"picked":"ReplayTheSpireMod:Speed Training","floor":5.0},{"not_picked":["AT_KneejerkReflex","Poisoned Stab","Prepared"],"picked":"SKIP","floor":7.0},{"not_picked":["Flying Knee","AT_KingSlayer"],"picked":"Backstab","floor":8.0},{"not_picked":["Replay:Poison Smokescreen","Cloak And Dagger"],"picked":"Fluid Movement","floor":11.0},{"not_picked":["Night Terror","Deadly Poison","Prepared"],"picked":"SKIP","floor":13.0},{"not_picked":["Outmaneuver","Bouncing Flask"],"picked":"Dagger Throw","floor":14.0},{"not_picked":["Burst","AT_MyraUnstableElement"],"picked":"After Image","floor":16.0},{"not_picked":["Catalyst+1"],"picked":"SKIP","floor":18.0},{"not_picked":["Deflect"],"picked":"SKIP","floor":21.0},{"not_picked":["ReplayTheSpireMod:Necrosis"],"picked":"SKIP","floor":23.0},{"not_picked":["Masterful Stab"],"picked":"SKIP","floor":25.0},{"not_picked":["Cloak And Dagger"],"picked":"SKIP","floor":28.0},{"not_picked":["Deadly Poison"],"picked":"SKIP","floor":31.0},{"not_picked":[],"picked":"Tools of the Trade","floor":33.0},{"not_picked":["AT_WindFlip"],"picked":"SKIP","floor":35.0},{"not_picked":["Well Laid Plans"],"picked":"SKIP","floor":36.0},{"not_picked":["Calculated Gamble"],"picked":"SKIP","floor":37.0},{"not_picked":["Cloak And Dagger+1"],"picked":"SKIP","floor":40},{"not_picked":[],"picked":"Sucker Punch+1","floor":42},{"not_picked":["Dagger Spray"],"picked":"SKIP","floor":48}],"player_experience":333370,"relics_obtained":[{"floor":9.0,"key":"Replay:Bottled Steam"},{"floor":11.0,"key":"Mummified Hand"},{"floor":13.0,"key":"Lizard Tail"},{"floor":23.0,"key":"Blood Vial"},{"floor":25.0,"key":"Pear"},{"floor":26.0,"key":"Garlic"},{"floor":40,"key":"Replay:Bottled Eggs"},{"floor":42,"key":"AT_EbonyIvory"},{"floor":43,"key":"Simple Rune"},{"floor":48,"key":"Gremlin Food"}],"event_choices":[{"damage_healed":0.0,"max_hp_gain":0.0,"max_hp_loss":0.0,"gold_gain":275.0,"event_name":"Golden Shrine","player_choice":"Desecrate","floor":4.0,"gold_loss":0.0,"damage_taken":0.0,"cards_obtained":["Regret"]},{"damage_healed":0.0,"max_hp_gain":0.0,"max_hp_loss":0.0,"gold_gain":0.0,"event_name":"Back to Basics","player_choice":"Simplicity","floor":20.0,"gold_loss":0.0,"damage_taken":0.0,"cards_upgraded":["Strike_G","Strike_G","Strike_G","Strike_G","Strike_G","Defend_G","Defend_G","Defend_G","Defend_G","Defend_G"]},{"damage_healed":0.0,"max_hp_gain":0.0,"max_hp_loss":0.0,"gold_gain":0.0,"event_name":"The Library","player_choice":"Read","floor":22.0,"gold_loss":0.0,"damage_taken":0.0,"cards_obtained":["AT_WindFlip"]},{"damage_healed":0.0,"max_hp_gain":0.0,"max_hp_loss":0.0,"gold_gain":0.0,"event_name":"Ghosts","player_choice":"Ignored","floor":27.0,"gold_loss":0.0,"damage_taken":0.0},{"damage_healed":0.0,"max_hp_gain":5.0,"max_hp_loss":0.0,"gold_gain":0.0,"event_name":"Forgotten Altar","player_choice":"Shed Blood","floor":29.0,"gold_loss":0.0,"damage_taken":20.0},{"damage_healed":0.0,"max_hp_gain":0.0,"max_hp_loss":0.0,"gold_gain":0.0,"event_name":"SensoryStone","player_choice":"Memory 1","floor":38.0,"gold_loss":0.0,"damage_taken":0.0},{"damage_healed":0,"gold_gain":0,"player_choice":"Ignored","damage_taken":0,"max_hp_gain":0,"max_hp_loss":0,"event_name":"Tomb of Lord Red Mask","floor":45,"gold_loss":0},{"damage_healed":0,"gold_gain":0,"player_choice":"Max HP","damage_taken":0,"max_hp_gain":0,"max_hp_loss":4,"event_name":"Winding Halls","floor":46,"gold_loss":0}],"is_beta":false,"boss_relics":[{"not_picked":["Coffee Dripper","SacredBark"],"picked":"Busted Crown"},{"not_picked":["Velvet Choker","Replay:Ancient Bell"],"picked":"Runic Dome"}],"items_purged_floors":[12,30,47],"is_endless":false,"potions_floor_spawned":[3,8,11,16,18,25,33,35,40,42,48],"ascension_level":2}}