{"host":"11728qvdvolffudn","time":1610901070,"event":{"mods":["BaseMod","Block Reminder","Colored Powertips","Curses Come First","Custom Start","Displayed Cursed Tome","Highlight Path","Minty Spire (QoL Compilation)","Permanent Neow","Quick Restart","Rare Cards Sparkle","Relic Stats","StSLib"],"gold_per_floor":[111,111,130,148,159,159,174,192,260,260,278,292,292,310,310,407,407,422,439,454,369,369,369,369,369,392,407,439,439,457,469,469,569,569,584,602,612,628,628,628],"floor_reached":39,"language":"ENG","playtime":5279,"items_purged":[],"score":478,"play_id":"d1c7b082-7443-42ef-ae89-e2b9e222b5a3","local_time":"20210117163110","is_ascension_mode":false,"campfire_choices":[{"data":"Bash","floor":6,"key":"SMITH"},{"data":"Shrug It Off","floor":10,"key":"SMITH"},{"data":"Inflame","floor":13,"key":"SMITH"},{"data":"Limit Break","floor":15,"key":"SMITH"},{"data":"Whirlwind","floor":23,"key":"SMITH"},{"data":"Limit Break","floor":25,"key":"SMITH"},{"floor":29,"key":"REST"},{"floor":32,"key":"REST"}],"circlet_count":0,"master_deck":["Strike_R","Strike_R","Strike_R","Strike_R","Strike_R","Defend_R","Defend_R","Defend_R","Defend_R","Bash+1","Immolate+1","Cleave","Shrug It Off+1","Inflame+1","Limit Break+1","Limit Break+1","Iron Wave+1","Flex","Whirlwind+1","Flex","Iron Wave","Feed","CurseOfTheBell","Headbutt"],"relics":["Burning Blood","Letter Opener","Runic Pyramid","Meat on the Bone","Anchor","Mango","Calling Bell","Bag of Marbles","Shuriken","Shovel"],"acts_visited":["Exordium","TheCity","TheBeyond"],"potions_floor_usage":[18,30],"damage_taken":[{"damage":0,"enemies":"Cultist","floor":1,"turns":2},{"damage":0,"enemies":"Small Slimes","floor":3,"turns":2},{"damage":1,"enemies":"Jaw Worm","floor":4,"turns":2},{"damage":1,"enemies":"Exordium Thugs","floor":5,"turns":3},{"damage":8,"enemies":"Lots of Slimes","floor":7,"turns":2},{"damage":0,"enemies":"Gremlin Gang","floor":8,"turns":1},{"damage":3,"enemies":"Red Slaver","floor":11,"turns":3},{"damage":0,"enemies":"3 Louse","floor":12,"turns":1},{"damage":0,"enemies":"2 Fungi Beasts","floor":14,"turns":2},{"damage":0,"enemies":"Slime Boss","floor":16,"turns":7},{"damage":25,"enemies":"2 Thieves","floor":18,"turns":3},{"damage":12,"enemies":"Spheric Guardian","floor":19,"turns":4},{"damage":21,"enemies":"Snake Plant","floor":20,"turns":4},{"damage":19,"enemies":"Sentry and Sphere","floor":27,"turns":5},{"damage":32,"enemies":"Gremlin Leader","floor":28,"turns":7},{"damage":19,"enemies":"Centurion and Healer","floor":30,"turns":4},{"damage":32,"enemies":"Snecko","floor":31,"turns":5},{"damage":89,"enemies":"Collector","floor":33,"turns":9},{"damage":64,"enemies":"3 Darklings","floor":35,"turns":5},{"damage":24,"enemies":"Orb Walker","floor":36,"turns":4},{"damage":18,"enemies":"3 Darklings","floor":37,"turns":4},{"damage":39,"enemies":"Jaw Worm Horde","floor":38,"turns":6}],"seed_played":"-7343870668850442201","potions_obtained":[{"floor":1,"key":"Strength Potion"},{"floor":7,"key":"SteroidPotion"},{"floor":11,"key":"FairyPotion"},{"floor":18,"key":"LiquidBronze"},{"floor":28,"key":"SkillPotion"},{"floor":31,"key":"FearPotion"},{"floor":33,"key":"CultistPotion"}],"is_trial":false,"path_per_floor":["M","?","M","M","M","R","M","M","T","R","M","M","R","M","R","B",null,"M","M","M","?","?","R","?","R","T","M","E","R","M","M","R","B",null,"M","M","M","M","M"],"character_chosen":"IRONCLAD","items_purchased":[],"campfire_rested":2,"item_purchase_floors":[],"current_hp_per_floor":[80,80,80,80,80,80,78,80,80,80,80,80,80,80,80,80,80,61,55,40,40,40,40,40,40,40,39,39,67,54,40,68,35,94,51,45,45,27,0,0],"gold":628,"neow_bonus":"ONE_RANDOM_RARE_CARD","is_daily":false,"chose_seed":true,"campfire_upgraded":6,"win_rate":0.0,"timestamp":1610901070,"path_taken":["M","?","M","M","M","R","M","M","T","R","?","M","R","?","R","BOSS","M","M","M","?","?","R","?","R","T","M","E","R","M","?","R","BOSS","M","?","M","M","?"],"items_purchased_type":[],"build_version":"2020-12-22","purchased_purges":0,"victory":false,"max_hp_per_floor":[80,80,80,80,80,80,80,80,80,80,80,80,80,80,80,80,80,80,80,80,80,80,80,80,80,80,80,94,94,94,94,94,94,94,97,97,97,100,103,103],"relic_stats":{"Shovel":0,"counters":[23,89],"Shuriken":[1],"Letter Opener":[50],"obtain_stats":[{"Calling Bell":34,"Anchor":26,"Shovel":34,"Shuriken":34,"Mango":28,"Bag of Marbles":34,"Letter Opener":9,"Burning Blood":0,"Runic Pyramid":17,"Meat on the Bone":21},{"Calling Bell":18,"Anchor":13,"Shovel":18,"Shuriken":18,"Mango":15,"Bag of Marbles":18,"Letter Opener":6,"Burning Blood":0,"Runic Pyramid":10,"Meat on the Bone":13},{"Calling Bell":66,"Anchor":36,"Shovel":66,"Shuriken":66,"Mango":48,"Bag of Marbles":66,"Letter Opener":12,"Burning Blood":0,"Runic Pyramid":25,"Meat on the Bone":36}],"Burning Blood":85,"Meat on the Bone":96},"card_choices":[{"not_picked":["Heavy Blade","True Grit","Metallicize"],"picked":"SKIP","floor":1},{"not_picked":["Perfected Strike","Wild Strike"],"picked":"Cleave","floor":3},{"not_picked":["Clash","Reckless Charge","Dark Embrace"],"picked":"SKIP","floor":4},{"not_picked":["Clothesline","True Grit","Perfected Strike"],"picked":"SKIP","floor":5},{"not_picked":["Rupture","Demon Form","Armaments"],"picked":"SKIP","floor":7},{"not_picked":["Body Slam","Rage"],"picked":"Shrug It Off","floor":8},{"not_picked":["Flex","Clothesline"],"picked":"Inflame","floor":11},{"not_picked":["Clash","Dark Embrace","Wild Strike"],"picked":"SKIP","floor":12},{"not_picked":["Carnage","Fire Breathing"],"picked":"Limit Break","floor":14},{"not_picked":["Barricade","Corruption"],"picked":"Limit Break","floor":16},{"not_picked":["Seeing Red","Cleave","Armaments"],"picked":"SKIP","floor":18},{"not_picked":["Warcry+1","Perfected Strike+1"],"picked":"Iron Wave+1","floor":19},{"not_picked":["Flame Barrier","Wild Strike+1"],"picked":"Flex","floor":20},{"not_picked":["Impervious","True Grit"],"picked":"Flex","floor":27},{"not_picked":["Carnage","Dark Embrace","Body Slam"],"picked":"SKIP","floor":28},{"not_picked":["Sever Soul+1","Spot Weakness"],"picked":"Iron Wave","floor":30},{"not_picked":["Uppercut","Feel No Pain","Twin Strike"],"picked":"SKIP","floor":31},{"not_picked":["Brutality","Fiend Fire"],"picked":"Feed","floor":33},{"not_picked":["Sword Boomerang","Warcry+1"],"picked":"Headbutt","floor":35},{"not_picked":["Body Slam","Cleave","Iron Wave+1"],"picked":"SKIP","floor":36},{"not_picked":["Barricade","Armaments","Havoc+1"],"picked":"SKIP","floor":37},{"not_picked":["Spot Weakness","Havoc+1","Clothesline+1"],"picked":"SKIP","floor":38}],"player_experience":132826,"relics_obtained":[{"floor":9,"key":"Letter Opener"},{"floor":26,"key":"Anchor"},{"floor":28,"key":"Mango"},{"floor":34,"key":"Bag of Marbles"},{"floor":34,"key":"Shuriken"},{"floor":34,"key":"Shovel"}],"event_choices":[{"damage_healed":0,"gold_gain":0,"player_choice":"Upgraded","damage_taken":0,"max_hp_gain":0,"max_hp_loss":0,"event_name":"Upgrade Shrine","floor":2,"gold_loss":0,"cards_upgraded":["Immolate"]},{"damage_healed":0,"gold_gain":0,"player_choice":"Obtained Relic","damage_taken":0,"relics_obtained":["Meat on the Bone"],"max_hp_gain":0,"max_hp_loss":0,"event_name":"Addict","floor":21,"gold_loss":85},{"damage_healed":0,"gold_gain":0,"player_choice":"Read","damage_taken":0,"max_hp_gain":0,"max_hp_loss":0,"event_name":"The Library","floor":22,"gold_loss":0,"cards_obtained":["Whirlwind"]},{"damage_healed":0,"gold_gain":0,"player_choice":"Ignored","damage_taken":0,"max_hp_gain":0,"max_hp_loss":0,"event_name":"N\u0027loth","floor":24,"gold_loss":0}],"is_beta":false,"boss_relics":[{"not_picked":["Sozu","Mark of Pain"],"picked":"Runic Pyramid"},{"not_picked":["SlaversCollar","Pandora\u0027s Box"],"picked":"Calling Bell"}],"items_purged_floors":[],"is_endless":false,"potions_floor_spawned":[1,7,11,12,16,18,28,31,33,37,38],"killed_by":"4 Shapes","ascension_level":0}}