{"host":"37zexulz95aemuse","time":1610917641,"event":{"mods":["2.2 Compatiblity","BaseMod","CapriCore","GungeonMod","Koishi","Lobotomy","Marisa£¨Ùöéë¡¡Øª×âÞÞ£©","Minty Spire (QoL Compilation)","Replay The Spire","StSLib","The Bug Knight","The Cursed","The Gatherer","The Immortal","The Jungle","WarShipGirlsR/??á´Ò³R mod"],"gold_per_floor":[114,114,114,130,141,171,23,43,69,88,13,13,13,13,38,67,67,179,179,212,212,62,62,62,62],"floor_reached":24,"language":"KOR","playtime":1946,"items_purged":["NakedNest"],"score":206,"play_id":"e9b2895c-26ad-4cbc-8fdc-d6dc29166148","local_time":"20210118060721","is_ascension_mode":true,"campfire_choices":[{"floor":12.0,"key":"REST"},{"data":"PropBag","floor":17.0,"key":"SMITH"}],"circlet_count":0,"master_deck":["Strike_MRS","Strike_MRS","Defend_MRS","Defend_MRS","Defend_MRS","Defend_MRS","MasterSpark","UpSweep","MysteriousBeam+1","TreasureHunter+1","QueenOfHatred","WitchOfGreed","FairyDestructionRay","PropBag+1","MillisecondPulsars"],"relics":["MiniHakkero","CogitoBucket","DemoMod:BigBoy","Guide Book","Centennial Puzzle","Replay:PocketPolymizer","Black Star","DemoMod:GlassGuonStoneRelic","Happy Flower","Incense Burner","Blue Candle"],"acts_visited":["Exordium","theJungle:Jungle"],"potions_floor_usage":[],"damage_taken":[{"damage":0.0,"enemies":"Small Slimes","floor":1.0,"turns":2.0},{"damage":0.0,"enemies":"Cultist","floor":4.0,"turns":2.0},{"damage":0.0,"enemies":"2 Louse","floor":5.0,"turns":3.0},{"damage":8.0,"enemies":"Replay:BlueRogue","floor":6.0,"turns":4.0},{"damage":5.0,"enemies":"Red Slaver","floor":8.0,"turns":3.0},{"damage":27.0,"enemies":"Looter","floor":10.0,"turns":5.0},{"damage":0.0,"enemies":"2 Fungi Beasts","floor":15.0,"turns":2.0},{"damage":2.0,"enemies":"Exordium Wildlife","floor":16.0,"turns":3.0},{"damage":42.0,"enemies":"The Guardian","floor":18.0,"turns":9.0},{"damage":7.0,"enemies":"theJungle:5_Spyders","floor":20.0,"turns":6.0},{"damage":38,"enemies":"theJungle:GiantWrat","floor":24,"turns":9}],"seed_played":"-7531818566062220960","potions_obtained":[{"floor":1.0,"key":"Adrenaline Potion"},{"floor":4.0,"key":"ColorlessPotion"},{"floor":8.0,"key":"Ancient Potion"},{"floor":16.0,"key":"Swift Potion"}],"is_trial":false,"path_per_floor":["M","?","$","M","M","E","$","M","T","M","$","R","PTL","PTL","M","M","R","B",null,"M","?","$","T","M"],"character_chosen":"MARISA","items_purchased":["Guide Book","Happy Flower"],"campfire_rested":1,"item_purchase_floors":[7,22],"current_hp_per_floor":[75,75,75,75,75,67,67,62,62,35,35,57,57,57,63,67,67,42,75,73,73,73,73,49,49],"gold":62,"neow_bonus":"","is_daily":false,"chose_seed":false,"campfire_upgraded":1,"win_rate":0.0,"timestamp":1610917641,"path_taken":["M","?","?","M","?","E","$","M","T","M","$","R","PTL","PTL","M","M","R","BOSS","M","?","$","?","M"],"items_purchased_type":["Relic","Relic"],"build_version":"2020-12-22","purchased_purges":1,"victory":false,"max_hp_per_floor":[75,75,75,75,75,75,75,75,75,75,75,75,75,75,75,75,75,75,75,75,75,75,75,75,75],"card_choices":[{"not_picked":["Wellcheers","Murderer"],"picked":"Porccubus","floor":1.0},{"not_picked":["ShootTheMoon","RefractionSpark"],"picked":"MysteriousBeam","floor":1.0},{"not_picked":["MHz","Alriune"],"picked":"NakedNest","floor":4.0},{"not_picked":["GalacticHalo","Occultation","GrandCross"],"picked":"SKIP","floor":4.0},{"not_picked":["GalacticHalo","Occultation","GrandCross"],"picked":"SKIP","floor":4.0},{"not_picked":["MysteriousBeam","GravityBeat"],"picked":"TreasureHunter","floor":5.0},{"not_picked":["UnstableBomb","DragonMeteor","WitchLeyline"],"picked":"SKIP","floor":6.0},{"not_picked":["BlazeAway","MysteriousBeam"],"picked":"Singularity","floor":8.0},{"not_picked":["CherryBlossoms","CrumblingArmor"],"picked":"QueenOfHatred","floor":10.0},{"not_picked":["PowerUp","SuperPerseids"],"picked":"WitchOfGreed","floor":10.0},{"not_picked":["WitchLeyline","BlazeAway"],"picked":"FairyDestructionRay","floor":15.0},{"not_picked":["IllusionStar","DarkSpark"],"picked":"PropBag","floor":16.0},{"not_picked":["CollectingQuirk","EscapeVelocity"],"picked":"MillisecondPulsars","floor":18.0},{"not_picked":["RefractionSpark","DarkSpark","MeteoricShower"],"picked":"SKIP","floor":20.0}],"player_experience":110461,"relics_obtained":[{"floor":6.0,"key":"DemoMod:BigBoy"},{"floor":9.0,"key":"Centennial Puzzle"},{"floor":18.0,"key":"Replay:PocketPolymizer"},{"floor":23.0,"key":"Incense Burner"}],"event_choices":[{"cards_removed":["Porccubus"],"damage_healed":0.0,"max_hp_gain":0.0,"max_hp_loss":0.0,"gold_gain":0.0,"event_name":"Bonfire Elementals","player_choice":"Offered Uncommon","floor":2.0,"gold_loss":0.0,"damage_taken":0.0},{"cards_removed":["Strike_MRS"],"damage_healed":0.0,"max_hp_gain":0.0,"max_hp_loss":0.0,"gold_gain":0.0,"event_name":"Wheel of Change","player_choice":"Card Removal","floor":21.0,"gold_loss":0.0,"damage_taken":0.0}],"is_beta":false,"boss_relics":[{"not_picked":["Honey Jar","Calling Bell"],"picked":"Black Star"}],"items_purged_floors":[11],"is_endless":false,"potions_floor_spawned":[1,4,8,16],"killed_by":"theJungle:GiantWrat","ascension_level":1}}