{"host":"n0yecwpl2j4u196k","time":1610900505,"event":{"mods":["2.2 Compatiblity","AchievementEnabler","BaseMod","Colored Map","Colored Powertips","Highlight Path","Minty Spire (QoL Compilation)","Quick Restart","Rare Cards Sparkle","Relic Stats","SuperFastMode"],"gold_per_floor":[115,115,132,132,149,160,184,212,263,263,289,307,307,290,290,390,390,406,406,406,505,505,505,536,224,224,237,257,257,269,24,24,120,120,139,159,172,172,54,54,54],"floor_reached":40,"language":"ENG","playtime":1769,"items_purged":["Strike_B"],"score":416,"play_id":"09aef260-181b-4008-a2e1-06279ce361d2","local_time":"20210117112145","is_ascension_mode":false,"campfire_choices":[{"data":"Zap","floor":10,"key":"SMITH"},{"data":"Beam Cell","floor":13,"key":"SMITH"},{"data":"Defragment","floor":15,"key":"SMITH"},{"data":"Rainbow","floor":23,"key":"SMITH"},{"floor":32,"key":"REST"}],"circlet_count":0,"master_deck":["Defend_B","Defend_B","Defend_B","Defend_B","Zap+1","Dualcast","Chill","Glacier","Cold Snap","Conserve Battery","Undo","Loop","Beam Cell+1","Defragment+1","Rainbow+1","Skim","Necronomicurse","Creative AI","Capacitor","Barrage","The Bomb","Echo Form","Streamline","Darkness+1","Doom and Gloom","Self Repair"],"relics":["Cracked Core","NeowsBlessing","Smiling Mask","Juzu Bracelet","Potion Belt","Sundial","Inserter","Necronomicon","Kunai","Bottled Tornado","Pantograph","Snecko Eye","Toxic Egg 2"],"acts_visited":["Exordium","TheCity","TheBeyond"],"potions_floor_usage":[16,16,16,30,30,33,33],"damage_taken":[{"damage":0,"enemies":"Cultist","floor":1,"turns":1},{"damage":0,"enemies":"Jaw Worm","floor":3,"turns":1},{"damage":0,"enemies":"2 Louse","floor":5,"turns":1},{"damage":0,"enemies":"Exordium Wildlife","floor":6,"turns":3},{"damage":11,"enemies":"Lagavulin","floor":8,"turns":11},{"damage":3,"enemies":"3 Sentries","floor":11,"turns":13},{"damage":9,"enemies":"Large Slime","floor":12,"turns":8},{"damage":1,"enemies":"Exordium Thugs","floor":14,"turns":4},{"damage":16,"enemies":"Hexaghost","floor":16,"turns":8},{"damage":0,"enemies":"Shell Parasite","floor":18,"turns":7},{"damage":33,"enemies":"Book of Stabbing","floor":24,"turns":7},{"damage":10,"enemies":"2 Thieves","floor":27,"turns":5},{"damage":0,"enemies":"Sentry and Sphere","floor":28,"turns":8},{"damage":11,"enemies":"Snake Plant","floor":30,"turns":4},{"damage":19,"enemies":"Collector","floor":33,"turns":10},{"damage":25,"enemies":"3 Darklings","floor":35,"turns":6},{"damage":7,"enemies":"3 Shapes","floor":36,"turns":5},{"damage":28,"enemies":"Writhing Mass","floor":37,"turns":5},{"damage":18,"enemies":"Nemesis","floor":40,"turns":1}],"seed_played":"-3995637291101702007","potions_obtained":[{"floor":2,"key":"SneckoOil"},{"floor":2,"key":"SneckoOil"},{"floor":2,"key":"PotionOfCapacity"},{"floor":3,"key":"FearPotion"},{"floor":12,"key":"PowerPotion"},{"floor":14,"key":"Ancient Potion"},{"floor":24,"key":"Swift Potion"},{"floor":33,"key":"FearPotion"},{"floor":36,"key":"SteroidPotion"}],"is_trial":false,"path_per_floor":["M","?","M","?","M","M","T","E","T","R","E","M","R","M","R","B",null,"M","?","?","?","?","R","E","$","T","M","M","?","M","$","R","B",null,"M","M","M","?","$","E"],"character_chosen":"DEFECT","items_purchased":["Capacitor","Bottled Tornado","The Bomb","DistilledChaos","Self Repair"],"campfire_rested":1,"item_purchase_floors":[25,25,31,31,39],"current_hp_per_floor":[75,75,75,75,75,75,75,64,64,64,61,52,52,51,51,35,75,75,75,59,59,59,59,26,26,26,16,16,16,5,5,27,33,75,50,43,15,15,15,0,0],"gold":54,"neow_bonus":"THREE_ENEMY_KILL","is_daily":false,"chose_seed":false,"campfire_upgraded":4,"win_rate":0.0,"timestamp":1610900505,"path_taken":["M","?","?","?","M","M","?","E","T","R","E","M","R","M","R","BOSS","M","?","?","?","?","R","E","?","T","M","M","?","M","$","R","BOSS","M","M","M","?","?","E"],"items_purchased_type":["Card","Relic","Card","Potion","Card"],"build_version":"2020-12-22","purchased_purges":1,"victory":false,"max_hp_per_floor":[75,75,75,75,75,75,75,75,75,75,75,75,75,75,75,75,75,75,75,75,75,75,75,75,75,75,75,75,75,75,75,75,75,75,75,75,75,75,75,75,75],"relic_stats":{"Inserter":[29],"counters":[19,108],"Sundial":[12],"Pantograph":25,"Snecko Eye":[28,30,24,29],"Juzu Bracelet":2,"Necronomicon":[11],"Kunai":[7],"Smiling Mask":25,"obtain_stats":[{"Potion Belt":9,"Inserter":17,"NeowsBlessing":0,"Juzu Bracelet":8,"Bottled Tornado":25,"Smiling Mask":7,"Sundial":11,"Pantograph":26,"Snecko Eye":34,"Necronomicon":20,"Kunai":24,"Toxic Egg 2":38,"Cracked Core":0},{"Potion Belt":5,"Inserter":9,"NeowsBlessing":0,"Juzu Bracelet":5,"Bottled Tornado":11,"Smiling Mask":4,"Sundial":6,"Pantograph":11,"Snecko Eye":15,"Necronomicon":10,"Kunai":11,"Toxic Egg 2":18,"Cracked Core":0},{"Potion Belt":17,"Inserter":50,"NeowsBlessing":0,"Juzu Bracelet":17,"Bottled Tornado":64,"Smiling Mask":6,"Sundial":30,"Pantograph":64,"Snecko Eye":91,"Necronomicon":57,"Kunai":64,"Toxic Egg 2":107,"Cracked Core":0}]},"card_choices":[{"not_picked":["Gash","Consume"],"picked":"Chill","floor":1},{"not_picked":["Leap","Rebound"],"picked":"Glacier","floor":3},{"not_picked":["Stack","Hologram"],"picked":"Cold Snap","floor":5},{"not_picked":["Steam Power","White Noise"],"picked":"Conserve Battery","floor":6},{"not_picked":["Rip and Tear","Consume"],"picked":"Undo","floor":8},{"not_picked":["White Noise","Sweeping Beam"],"picked":"Loop","floor":11},{"not_picked":["Hologram","Leap"],"picked":"Beam Cell","floor":12},{"not_picked":["Redo","Ball Lightning"],"picked":"Defragment","floor":14},{"not_picked":["Reboot","Thunder Strike"],"picked":"Rainbow","floor":16},{"not_picked":["Redo","Leap+1","Self Repair"],"picked":"SKIP","floor":18},{"not_picked":["Sweeping Beam","Double Energy"],"picked":"Creative AI","floor":24},{"not_picked":["Redo","Conserve Battery","Tempest"],"picked":"SKIP","floor":27},{"not_picked":["Tempest+1","Gash"],"picked":"Barrage","floor":28},{"not_picked":["Stack","Aggregate","Cold Snap+1"],"picked":"SKIP","floor":30},{"not_picked":["Thunder Strike","Creative AI"],"picked":"Echo Form","floor":33},{"not_picked":["Coolheaded","Steam"],"picked":"Streamline","floor":35},{"not_picked":["Go for the Eyes+1","Leap"],"picked":"Darkness+1","floor":36},{"not_picked":["Glacier+1","Aggregate"],"picked":"Doom and Gloom","floor":37}],"player_experience":265275,"relics_obtained":[{"floor":7,"key":"Smiling Mask"},{"floor":8,"key":"Juzu Bracelet"},{"floor":9,"key":"Potion Belt"},{"floor":11,"key":"Sundial"},{"floor":20,"key":"Necronomicon"},{"floor":24,"key":"Kunai"},{"floor":26,"key":"Pantograph"}],"event_choices":[{"damage_healed":0,"gold_gain":0,"player_choice":"Got Potions","damage_taken":0,"max_hp_gain":0,"max_hp_loss":0,"event_name":"Lab","floor":2,"gold_loss":0},{"cards_removed":["Strike_B"],"damage_healed":0,"gold_gain":0,"player_choice":"Forget","damage_taken":0,"max_hp_gain":0,"max_hp_loss":0,"event_name":"Living Wall","floor":4,"gold_loss":0},{"damage_healed":0,"gold_gain":0,"cards_transformed":["Strike_B","Strike_B"],"player_choice":"Became Test Subject","damage_taken":0,"max_hp_gain":0,"max_hp_loss":0,"event_name":"Drug Dealer","floor":19,"gold_loss":0,"cards_obtained":["All For One","Skim"]},{"damage_healed":0,"gold_gain":0,"player_choice":"Obtained Book","damage_taken":16,"max_hp_gain":0,"max_hp_loss":0,"event_name":"Cursed Tome","floor":20,"gold_loss":0},{"damage_healed":0,"gold_gain":99,"player_choice":"Stole From Cult","damage_taken":0,"max_hp_gain":0,"max_hp_loss":0,"event_name":"Nest","floor":21,"gold_loss":0},{"damage_healed":0,"gold_gain":0,"player_choice":"Ignored","damage_taken":0,"max_hp_gain":0,"max_hp_loss":0,"event_name":"Ghosts","floor":22,"gold_loss":0},{"damage_healed":0,"gold_gain":0,"player_choice":"Ignored","damage_taken":0,"max_hp_gain":0,"max_hp_loss":0,"event_name":"The Mausoleum","floor":29,"gold_loss":0},{"cards_removed":["All For One"],"damage_healed":0,"gold_gain":0,"player_choice":"Gave Card","damage_taken":0,"relics_obtained":["Toxic Egg 2"],"max_hp_gain":0,"max_hp_loss":0,"event_name":"WeMeetAgain","floor":38,"gold_loss":0}],"is_beta":false,"boss_relics":[{"not_picked":["Sozu","Ectoplasm"],"picked":"Inserter"},{"not_picked":["Tiny House","SlaversCollar"],"picked":"Snecko Eye"}],"items_purged_floors":[39],"is_endless":false,"potions_floor_spawned":[3,5,12,14,24,33,36],"killed_by":"Nemesis","ascension_level":0}}