{"host":"2pmmafybkq7zb6na","time":1610874359,"event":{"mods":["AchievementEnabler","BaseMod","Colored Map","Highlight Path","Keyboard Shortcuts","Minty Spire (QoL Compilation)","Quick Restart","StSLib","SuperFastMode"],"gold_per_floor":[113,113,4,24,37,37,72,72,123,144,319,106,106,118,118,118,118],"floor_reached":16,"language":"KOR","playtime":539,"items_purged":["Strike_R","Doubt"],"score":98,"play_id":"d8d45805-43e8-48d0-b1ec-4defdefce9ab","local_time":"20210117180559","is_ascension_mode":false,"campfire_choices":[{"data":"Metallicize","floor":6,"key":"SMITH"},{"data":"Burning Pact","floor":8,"key":"SMITH"},{"data":"Entrench","floor":13,"key":"SMITH"},{"floor":15,"key":"REST"}],"circlet_count":0,"master_deck":["Strike_R","Strike_R","Strike_R","Strike_R","Defend_R","Defend_R","Defend_R","Defend_R","Bash","Flex","Inflame","Offering","Metallicize+1","Burning Pact+1","Rage","Entrench+1","Flash of Steel","Shrug It Off"],"relics":["Burning Blood","Smiling Mask","Odd Mushroom"],"acts_visited":["Exordium"],"potions_floor_usage":[10,16],"damage_taken":[{"damage":0,"enemies":"Small Slimes","floor":1,"turns":3},{"damage":5,"enemies":"2 Louse","floor":4,"turns":3},{"damage":1,"enemies":"Cultist","floor":5,"turns":4},{"damage":22,"enemies":"Gremlin Nob","floor":7,"turns":4},{"damage":53,"enemies":"The Mushroom Lair","floor":10,"turns":6},{"damage":8,"enemies":"Red Slaver","floor":14,"turns":4},{"damage":76,"enemies":"Hexaghost","floor":16,"turns":17}],"seed_played":"4334096157635363151","potions_obtained":[{"floor":4,"key":"Regen Potion"},{"floor":7,"key":"BloodPotion"},{"floor":10,"key":"Ancient Potion"}],"is_trial":false,"path_per_floor":["M","?","$","M","M","R","E","R","T","?","?","$","R","M","R","B"],"character_chosen":"IRONCLAD","items_purchased":["Inflame","Entrench","Flash of Steel"],"campfire_rested":1,"item_purchase_floors":[3,12,12],"current_hp_per_floor":[88,93,93,93,93,93,77,77,77,44,44,44,44,42,69,11,11],"gold":118,"neow_bonus":"TEN_PERCENT_HP_BONUS","is_daily":false,"chose_seed":false,"campfire_upgraded":3,"win_rate":0.0,"timestamp":1610874359,"path_taken":["M","?","$","M","M","R","E","R","T","?","?","$","R","M","R","BOSS"],"items_purchased_type":["Card","Card","Card"],"build_version":"2020-12-22","purchased_purges":2,"victory":false,"max_hp_per_floor":[88,93,93,93,93,93,93,93,93,93,93,93,93,93,93,93,93],"card_choices":[{"not_picked":["Heavy Blade","Cleave"],"picked":"Flex","floor":1},{"not_picked":["Twin Strike","Headbutt"],"picked":"Offering","floor":4},{"not_picked":["Clash","Thunderclap"],"picked":"Metallicize","floor":5},{"not_picked":["Blood for Blood","Combust"],"picked":"Burning Pact","floor":7},{"not_picked":["Inflame","Armaments"],"picked":"Rage","floor":10},{"not_picked":["Whirlwind","Inflame"],"picked":"Shrug It Off","floor":14}],"player_experience":73686,"relics_obtained":[{"floor":7,"key":"Smiling Mask"},{"floor":10,"key":"Odd Mushroom"}],"event_choices":[{"damage_healed":0,"gold_gain":0,"player_choice":"Donut","damage_taken":0,"max_hp_gain":5,"max_hp_loss":0,"event_name":"Big Fish","floor":2,"gold_loss":0},{"damage_healed":0,"gold_gain":0,"player_choice":"Fought Mushrooms","damage_taken":0,"max_hp_gain":0,"max_hp_loss":0,"event_name":"Mushrooms","floor":10,"gold_loss":0},{"damage_healed":0,"gold_gain":175,"player_choice":"AGREE","damage_taken":0,"max_hp_gain":0,"max_hp_loss":0,"event_name":"Liars Game","floor":11,"gold_loss":0,"cards_obtained":["Doubt"]}],"is_beta":false,"boss_relics":[],"items_purged_floors":[3,12],"is_endless":false,"potions_floor_spawned":[4,7,10],"killed_by":"Hexaghost","ascension_level":0}}