{"host":"a1u4jo6xlg3w0wsm","time":1610871605,"event":{"mods":["BaseMod","Better Third Choice","DeckTracker","Downfall","Hermit","Hubris","Minty Spire (QoL Compilation)","Rare Cards Sparkle","Replay The Spire","StSLib","The Cursed"],"gold_per_floor":[116,130,10,10,10,10,40,55,132,132,146,146,160,175,175,175,175],"floor_reached":16,"playtime":1138,"items_purged":["hermit:Defend_Hermit"],"score":122,"play_id":"e0757348-8897-4e8e-801e-c74e3152ad1c","local_time":"20210117212005","is_ascension_mode":true,"campfire_choices":[{"data":"hermit:Snapshot","floor":6,"key":"SMITH"},{"floor":10,"key":"REST"},{"floor":12,"key":"REST"},{"floor":15,"key":"REST"}],"circlet_count":0,"master_deck":["hermit:Strike_Hermit","hermit:Strike_Hermit","hermit:Strike_Hermit","hermit:Strike_Hermit","hermit:Defend_Hermit","hermit:Defend_Hermit","hermit:Snapshot+1","hermit:Covet","hermit:LowProfile","hermit:Glare","hermit:HoleUp","hermit:Magnum","hermit:Quickdraw","hermit:Grudge","hermit:HoleUp"],"relics":["hermit:Momento","hubris:Towel","hubris:TenFootPole","Gambling Chip","hubris:SphereOfDissonance"],"acts_visited":["Exordium"],"potions_floor_usage":[8,16],"damage_taken":[{"damage":7,"enemies":"Jaw Worm","floor":1,"turns":3},{"damage":4,"enemies":"Small Slimes","floor":2,"turns":3},{"damage":42,"enemies":"3 Sentries","floor":7,"turns":12},{"damage":1,"enemies":"Cultist","floor":8,"turns":3},{"damage":20,"enemies":"Gremlin Gang","floor":11,"turns":7},{"damage":0,"enemies":"Blue Slaver","floor":13,"turns":2},{"damage":0,"enemies":"2 Fungi Beasts","floor":14,"turns":3},{"damage":51,"enemies":"Hexaghost","floor":16,"turns":16}],"seed_played":"4520092707482863676","potions_obtained":[{"floor":7,"key":"SkillPotion"},{"floor":11,"key":"Languid Potion"},{"floor":14,"key":"PowerPotion"}],"is_trial":false,"path_per_floor":["M","M","$","?","?","R","E","M","T","R","M","R","M","M","R","B"],"character_chosen":"HERMIT","items_purchased":["hermit:HoleUp"],"campfire_rested":3,"item_purchase_floors":[3],"current_hp_per_floor":[68,64,64,64,64,64,22,21,21,43,23,45,45,45,67,16,16],"gold":175,"neow_bonus":"REMOVE_CARD","is_daily":false,"chose_seed":false,"campfire_upgraded":1,"win_rate":0.0,"timestamp":1610871605,"path_taken":["M","M","$","?","?","R","E","M","T","R","?","R","?","M","R","BOSS"],"items_purchased_type":["Card"],"build_version":"2020-12-13","purchased_purges":1,"victory":false,"max_hp_per_floor":[75,75,75,75,75,75,75,75,75,75,75,75,75,75,75,75,75],"card_choices":[{"not_picked":["hermit:Ricochet","hermit:SprayPray"],"picked":"hermit:LowProfile","floor":1},{"not_picked":["hermit:HoleUp","hermit:ItchyTrigger"],"picked":"hermit:Glare","floor":2},{"not_picked":["hermit:RoundhouseKick","hermit:GhostlyPresence"],"picked":"hermit:Magnum","floor":7},{"not_picked":["hermit:ItchyTrigger","hermit:DeadMansHand","hermit:BodyArmor"],"picked":"SKIP","floor":8},{"not_picked":["hermit:Scavenge","hermit:HighCaliber"],"picked":"hermit:Quickdraw","floor":11},{"not_picked":["hermit:WideOpen","hermit:FatalDesire"],"picked":"hermit:Grudge","floor":13},{"not_picked":["hermit:WideOpen","hermit:TrackingShot"],"picked":"hermit:HoleUp","floor":14}],"player_experience":349432,"relics_obtained":[{"floor":5,"key":"hubris:TenFootPole"},{"floor":7,"key":"Gambling Chip"},{"floor":9,"key":"hubris:SphereOfDissonance"}],"event_choices":[{"damage_healed":0,"gold_gain":0,"player_choice":"Relic","damage_taken":0,"max_hp_gain":0,"max_hp_loss":0,"event_name":"Wheel of Change","floor":5,"gold_loss":0}],"is_beta":false,"boss_relics":[],"items_purged_floors":[3],"is_endless":false,"potions_floor_spawned":[7,11,14],"killed_by":"Hexaghost","ascension_level":4}}