{"host":"ccw6t0i2dpm5wyxf","time":1610875973,"event":{"mods":["BaseMod","Colored Map","Minty Spire (QoL Compilation)","Permanent Neow"],"gold_per_floor":[169,23,41,56,131,158,158,158,158],"floor_reached":8,"language":"ENG","playtime":244,"items_purged":["Strike_G"],"score":62,"play_id":"6def4244-6b33-42e1-80d7-13bbd0a41659","local_time":"20210117033253","is_ascension_mode":true,"campfire_choices":[{"floor":7,"key":"DIG"}],"circlet_count":0,"master_deck":["Strike_G","Strike_G","Strike_G","Strike_G","Defend_G","Defend_G","Defend_G","Defend_G","Defend_G","Survivor+1","Neutralize","Sucker Punch","Dash","Infinite Blades","Prepared","Infinite Blades","Dash"],"relics":["Tiny House","Shovel","Pen Nib"],"acts_visited":["Exordium"],"potions_floor_usage":[6,6],"damage_taken":[{"damage":0,"enemies":"Cultist","floor":1,"turns":4},{"damage":2,"enemies":"Small Slimes","floor":3,"turns":4},{"damage":4,"enemies":"2 Louse","floor":4,"turns":3},{"damage":20,"enemies":"Lagavulin","floor":6,"turns":6},{"damage":42,"enemies":"Gremlin Nob","floor":8,"turns":5}],"seed_played":"-2273442791363305200","potions_obtained":[{"floor":0,"key":"CultistPotion"},{"floor":3,"key":"Strength Potion"}],"is_trial":false,"path_per_floor":["M","$","M","M","?","E","R","E"],"character_chosen":"THE_SILENT","items_purchased":["Infinite Blades"],"campfire_rested":0,"item_purchase_floors":[2],"current_hp_per_floor":[75,75,73,69,58,38,38,0,0],"gold":158,"neow_bonus":"BOSS_RELIC","is_daily":false,"chose_seed":false,"campfire_upgraded":0,"win_rate":0.0,"timestamp":1610875973,"path_taken":["M","$","?","M","?","E","R","E"],"items_purchased_type":["Card"],"build_version":"2020-12-22","purchased_purges":1,"victory":false,"max_hp_per_floor":[75,75,75,75,75,75,75,75,75],"card_choices":[{"not_picked":["Escape Plan","Deflect"],"picked":"Sucker Punch","floor":0},{"not_picked":["Backflip","Acrobatics"],"picked":"Dash","floor":1},{"not_picked":["Bane","Acrobatics"],"picked":"Prepared","floor":3},{"not_picked":["Dagger Throw","Sucker Punch"],"picked":"Infinite Blades","floor":4},{"not_picked":["Distraction","Setup"],"picked":"Dash","floor":6}],"player_experience":262362,"relics_obtained":[{"floor":6,"key":"Shovel"},{"floor":7,"key":"Pen Nib"}],"event_choices":[{"damage_healed":0,"gold_gain":75,"player_choice":"Gather Gold","damage_taken":11,"max_hp_gain":0,"max_hp_loss":0,"event_name":"World of Goop","floor":5,"gold_loss":0}],"is_beta":false,"boss_relics":[],"items_purged_floors":[2],"is_endless":false,"potions_floor_spawned":[3],"killed_by":"Gremlin Nob","ascension_level":2}}