{"host":"hhnl3ciqs3ht0ep9","time":1610910740,"event":{"mods":["AchievementEnabler","BaseMod","Colored Map","Keyboard Shortcuts","Minty Spire (QoL Compilation)","StSLib","SuperFastMode"],"gold_per_floor":[118,132,143,163,163,163,190,190,190,219,234,251,25,43,43,116,116,131,143,83,109,123,156,167,167,167,167,167,21,39,58,58,135,135,152,22,36,36,50,50,50,50],"floor_reached":41,"language":"KOR","playtime":1160,"items_purged":["Defend_R","Strike_R","Defend_R"],"score":879,"play_id":"a60e7449-63bb-42ca-bd72-f9dadbb27a1f","local_time":"20210118041220","is_ascension_mode":true,"campfire_choices":[{"data":"Flex","floor":6.0,"key":"SMITH"},{"data":"Bash","floor":8.0,"key":"SMITH"},{"data":"Uppercut","floor":15.0,"key":"SMITH"},{"floor":25.0,"key":"REST"},{"data":"Immolate","floor":27.0,"key":"SMITH"},{"data":"Feel No Pain","floor":32.0,"key":"SMITH"},{"floor":40.0,"key":"REST"}],"circlet_count":0,"master_deck":["AscendersBane","Strike_R","Defend_R","Defend_R","Bash+1","Shockwave","Wild Strike","Flex+1","Fire Breathing","Thunderclap","Headbutt","Uppercut+1","Inflame","Immolate+1","Feed","Pommel Strike+1","Entrench+1","Fire Breathing","Feel No Pain+1","Dark Embrace","Seeing Red+1","Demon Form","True Grit","Dark Embrace","Heavy Blade","Burning Pact+1"],"relics":["Burning Blood","Regal Pillow","MealTicket","The Courier","Mummified Hand","Sozu","Red Mask","InkBottle","Pear","SlaversCollar"],"acts_visited":["Exordium","TheCity","TheBeyond"],"potions_floor_usage":[],"damage_taken":[{"damage":1.0,"enemies":"2 Louse","floor":1.0,"turns":3.0},{"damage":2.0,"enemies":"Cultist","floor":2.0,"turns":4.0},{"damage":5.0,"enemies":"Small Slimes","floor":3.0,"turns":3.0},{"damage":11.0,"enemies":"3 Louse","floor":4.0,"turns":5.0},{"damage":39.0,"enemies":"Gremlin Nob","floor":7.0,"turns":4.0},{"damage":20.0,"enemies":"3 Sentries","floor":10.0,"turns":5.0},{"damage":10.0,"enemies":"Red Slaver","floor":11.0,"turns":4.0},{"damage":15.0,"enemies":"Large Slime","floor":12.0,"turns":5.0},{"damage":11.0,"enemies":"3 Louse","floor":14.0,"turns":4.0},{"damage":15.0,"enemies":"Hexaghost","floor":16.0,"turns":8.0},{"damage":20.0,"enemies":"Shell Parasite","floor":18.0,"turns":3.0},{"damage":0.0,"enemies":"2 Thieves","floor":19.0,"turns":1.0},{"damage":14.0,"enemies":"Masked Bandits","floor":21.0,"turns":4.0},{"damage":0.0,"enemies":"Cultist and Chosen","floor":22.0,"turns":3.0},{"damage":10.0,"enemies":"Gremlin Leader","floor":23.0,"turns":4.0},{"damage":50.0,"enemies":"Shelled Parasite and Fungi","floor":24.0,"turns":4.0},{"damage":30.0,"enemies":"Snake Plant","floor":30.0,"turns":4.0},{"damage":0.0,"enemies":"Centurion and Healer","floor":31.0,"turns":3.0},{"damage":72.0,"enemies":"Champ","floor":33.0,"turns":9.0},{"damage":32.0,"enemies":"3 Darklings","floor":35.0,"turns":3.0},{"damage":14.0,"enemies":"3 Shapes","floor":37.0,"turns":4.0},{"damage":30.0,"enemies":"Jaw Worm Horde","floor":39.0,"turns":3.0},{"damage":108,"enemies":"Giant Head","floor":41,"turns":7}],"seed_played":"6795882375926917228","potions_obtained":[{"floor":1.0,"key":"EssenceOfSteel"},{"floor":2.0,"key":"BlessingOfTheForge"},{"floor":10.0,"key":"DuplicationPotion"},{"floor":16.0,"key":"GamblersBrew"}],"is_trial":false,"path_per_floor":["M","M","M","M","?","R","E","R","T","E","M","M","$","M","R","B",null,"M","M","$","?","M","E","M","R","T","R","?","$","M","M","R","B",null,"M","$","M","?","M","R","E"],"character_chosen":"IRONCLAD","items_purchased":["Mummified Hand","Dark Embrace","Dark Embrace"],"campfire_rested":2,"item_purchase_floors":[13,29,36],"current_hp_per_floor":[73,75,75,70,70,70,37,37,37,23,19,10,25,20,20,11,59,48,57,72,67,73,69,28,69,79,79,79,94,70,79,79,13,78,52,67,59,59,35,80,0,0],"gold":50,"neow_bonus":"REMOVE_CARD","is_daily":false,"chose_seed":false,"campfire_upgraded":5,"win_rate":0.0,"timestamp":1610910740,"path_taken":["M","M","M","M","?","R","E","R","T","E","M","?","$","M","R","BOSS","M","M","$","?","M","E","M","R","T","R","?","$","M","M","R","BOSS","M","$","M","?","M","R","E"],"items_purchased_type":["Relic","Card","Card"],"build_version":"2020-12-22","purchased_purges":3,"victory":false,"max_hp_per_floor":[75,75,75,75,75,75,75,75,75,75,75,75,75,75,75,75,75,78,81,81,84,84,84,87,87,97,97,97,97,97,100,100,100,100,100,100,100,100,100,100,100,100],"card_choices":[{"not_picked":["Combust","Ghostly Armor"],"picked":"Shockwave","floor":1.0},{"not_picked":["Bloodletting","Sword Boomerang"],"picked":"Wild Strike","floor":2.0},{"not_picked":["Twin Strike","Anger"],"picked":"Flex","floor":3.0},{"not_picked":["Feel No Pain","Reckless Charge"],"picked":"Fire Breathing","floor":4.0},{"not_picked":["Infernal Blade","Hemokinesis"],"picked":"Headbutt","floor":7.0},{"not_picked":["Corruption","Havoc"],"picked":"Uppercut","floor":10.0},{"not_picked":["Sever Soul","Clothesline"],"picked":"Inflame","floor":11.0},{"not_picked":["Twin Strike","Combust","Wild Strike"],"picked":"SKIP","floor":12.0},{"not_picked":["Fire Breathing","Dropkick"],"picked":"Immolate","floor":14.0},{"not_picked":["Juggernaut","Exhume"],"picked":"Feed","floor":16.0},{"not_picked":["Clash","Armaments","Seeing Red"],"picked":"SKIP","floor":18.0},{"not_picked":["Heavy Blade","Intimidate"],"picked":"Pommel Strike+1","floor":19.0},{"not_picked":["Sentinel","True Grit"],"picked":"Entrench+1","floor":21.0},{"not_picked":["Carnage","Havoc"],"picked":"Fire Breathing","floor":22.0},{"not_picked":["Hemokinesis","Intimidate","Armaments"],"picked":"SKIP","floor":23.0},{"not_picked":["Sever Soul","Headbutt","True Grit"],"picked":"SKIP","floor":24.0},{"not_picked":["Armaments+1","Twin Strike","Headbutt"],"picked":"SKIP","floor":30.0},{"not_picked":["Intimidate","Reckless Charge+1"],"picked":"Seeing Red+1","floor":31.0},{"not_picked":["Bludgeon","Berserk"],"picked":"Demon Form","floor":33.0},{"not_picked":["Bloodletting","Perfected Strike"],"picked":"True Grit","floor":35.0},{"not_picked":["Headbutt","Searing Blow+1"],"picked":"Heavy Blade","floor":37.0},{"not_picked":["Havoc","Heavy Blade"],"picked":"Burning Pact+1","floor":39.0}],"player_experience":705090,"relics_obtained":[{"floor":7.0,"key":"Regal Pillow"},{"floor":9.0,"key":"MealTicket"},{"floor":10.0,"key":"The Courier"},{"floor":21.0,"key":"Red Mask"},{"floor":23.0,"key":"InkBottle"},{"floor":26.0,"key":"Pear"}],"event_choices":[{"damage_healed":0.0,"max_hp_gain":0.0,"max_hp_loss":0.0,"gold_gain":0.0,"cards_transformed":["Strike_R"],"event_name":"Transmorgrifier","player_choice":"Transformed","floor":5.0,"gold_loss":0.0,"damage_taken":0.0,"cards_obtained":["Thunderclap"]},{"damage_healed":0.0,"max_hp_gain":0.0,"max_hp_loss":0.0,"gold_gain":0.0,"event_name":"Masked Bandits","player_choice":"Fought Bandits","floor":21.0,"gold_loss":0.0,"damage_taken":0.0},{"damage_healed":0.0,"max_hp_gain":0.0,"max_hp_loss":0.0,"gold_gain":0.0,"event_name":"The Library","player_choice":"Read","floor":28.0,"gold_loss":0.0,"damage_taken":0.0,"cards_obtained":["Feel No Pain"]},{"cards_removed":["Strike_R"],"damage_healed":0.0,"max_hp_gain":0.0,"max_hp_loss":0.0,"gold_gain":0.0,"event_name":"Purifier","player_choice":"Purged","floor":38.0,"gold_loss":0.0,"damage_taken":0.0}],"is_beta":false,"boss_relics":[{"not_picked":["Ectoplasm","Runic Cube"],"picked":"Sozu"},{"not_picked":["Tiny House","Astrolabe"],"picked":"SlaversCollar"}],"items_purged_floors":[20,29,36],"is_endless":false,"potions_floor_spawned":[1,2,10,12,14,16,21,23,24,30,33,35],"killed_by":"Giant Head","ascension_level":20}}