{"host":"1a3cjta80tad0aqj","time":1610909988,"event":{"mods":["2.2 Compatiblity","AchievementEnabler","BaseMod","Colored Map","DeckTracker","KOR Keyword Fix","Keyboard Shortcuts","Minty Spire (QoL Compilation)","Permanent Neow","Quick Restart","Random Character Button","StSLib","SuperFastMode","everything is the same but u backflip on backflip"],"gold_per_floor":[115,65,65,79,29,29,29,42,42,52,52,2,22,55,55,55,55],"floor_reached":16,"language":"KOR","playtime":487,"items_purged":["Defend_P","Defend_P","Strike_P"],"score":255,"play_id":"32cf60ea-c18b-48ed-99b5-93b2f2b72795","local_time":"20210118035948","is_ascension_mode":true,"campfire_choices":[{"data":"Eruption","floor":6.0,"key":"SMITH"},{"floor":15.0,"key":"REST"}],"circlet_count":0,"master_deck":["AscendersBane","Strike_P","Strike_P","Defend_P","Defend_P","Eruption+1","Vigilance","MentalFortress"],"relics":["PureWater","Smiling Mask","HornCleat","The Courier","Tiny Chest"],"acts_visited":["Exordium"],"potions_floor_usage":[16],"damage_taken":[{"damage":7.0,"enemies":"Jaw Worm","floor":1.0,"turns":4.0},{"damage":2.0,"enemies":"Cultist","floor":4.0,"turns":3.0},{"damage":12.0,"enemies":"Small Slimes","floor":8.0,"turns":5.0},{"damage":0.0,"enemies":"3 Louse","floor":10.0,"turns":3.0},{"damage":3.0,"enemies":"Blue Slaver","floor":13.0,"turns":3.0},{"damage":24.0,"enemies":"3 Sentries","floor":14.0,"turns":12.0},{"damage":38,"enemies":"The Guardian","floor":16,"turns":10}],"seed_played":"-3771538070987533466","potions_obtained":[{"floor":1.0,"key":"FearPotion"},{"floor":13.0,"key":"Strength Potion"}],"is_trial":false,"path_per_floor":["M","$","?","M","$","R","$","M","T","M","T","$","M","E","R","B"],"character_chosen":"WATCHER","items_purchased":[],"campfire_rested":1,"item_purchase_floors":[],"current_hp_per_floor":[54,54,54,52,52,52,52,40,40,40,40,40,37,13,33,0,0],"gold":55,"neow_bonus":"RANDOM_COMMON_RELIC","is_daily":false,"chose_seed":false,"campfire_upgraded":1,"win_rate":0.0,"timestamp":1610909988,"path_taken":["M","$","?","M","?","R","?","M","T","M","?","$","?","E","R","BOSS"],"items_purchased_type":[],"build_version":"2020-12-22","purchased_purges":3,"victory":false,"max_hp_per_floor":[68,68,68,68,68,68,68,68,68,68,68,68,68,68,68,68,68],"card_choices":[{"not_picked":["CarveReality","Crescendo"],"picked":"MentalFortress","floor":1.0},{"not_picked":["Sanctity","WreathOfFlame","BowlingBash"],"picked":"SKIP","floor":4.0},{"not_picked":["Evaluate","ClearTheMind","EmptyBody"],"picked":"SKIP","floor":8.0},{"not_picked":["Protect","ForeignInfluence","ClearTheMind"],"picked":"SKIP","floor":10.0},{"not_picked":["Collect","ClearTheMind","Consecrate"],"picked":"SKIP","floor":13.0},{"not_picked":["Evaluate","ReachHeaven","Conclude"],"picked":"SKIP","floor":14.0}],"player_experience":725282,"relics_obtained":[{"floor":9.0,"key":"HornCleat"},{"floor":11.0,"key":"The Courier"},{"floor":14.0,"key":"Tiny Chest"}],"event_choices":[{"cards_removed":["Strike_P"],"damage_healed":0.0,"max_hp_gain":0.0,"max_hp_loss":0.0,"gold_gain":0.0,"event_name":"Bonfire Elementals","player_choice":"Offered Basic","floor":3.0,"gold_loss":0.0,"damage_taken":0.0}],"is_beta":false,"boss_relics":[],"items_purged_floors":[2,5,12],"is_endless":false,"potions_floor_spawned":[1,13],"killed_by":"The Guardian","ascension_level":14}}