{"host":"ktoxvvst1mwxww91","time":1610875323,"event":{"mods":["BaseMod","Hermit","Minty Spire (QoL Compilation)","StSLib","The Blackbeard","The Hierophant","The Mystic","The Necromancer"],"gold_per_floor":[114,39,39,39,39,39,74,249,249,268,295,295,128,139,139,139,139],"floor_reached":16,"language":"ENG","playtime":602,"items_purged":["hermit:Strike_Hermit","Doubt"],"score":159,"play_id":"5ba3316f-38ca-4338-b2a5-3805ca51adfa","local_time":"20210117102203","is_ascension_mode":true,"campfire_choices":[{"data":"hermit:WideOpen","floor":6,"key":"SMITH"},{"floor":15,"key":"REST"}],"circlet_count":0,"master_deck":["AscendersBane","hermit:Strike_Hermit","hermit:Strike_Hermit","hermit:Strike_Hermit","hermit:Defend_Hermit","hermit:Defend_Hermit+1","hermit:Defend_Hermit+1","hermit:Defend_Hermit","hermit:Snapshot+1","hermit:Covet","hermit:WideOpen+1","hermit:Feint","hermit:LowProfile","hermit:ShadowCloak","hermit:Gestalt"],"relics":["hermit:Momento","Dead Branch","Lizard Tail","Ginger","Gambling Chip","Art of War"],"acts_visited":["Exordium"],"potions_floor_usage":[10,11,16],"damage_taken":[{"damage":3,"enemies":"2 Louse","floor":1,"turns":3},{"damage":33,"enemies":"3 Sentries","floor":7,"turns":12},{"damage":12,"enemies":"Jaw Worm","floor":10,"turns":4},{"damage":27,"enemies":"Lagavulin","floor":11,"turns":9},{"damage":0,"enemies":"Small Slimes","floor":14,"turns":2},{"damage":33,"enemies":"Hexaghost","floor":16,"turns":9}],"seed_played":"-8241626429005556813","potions_obtained":[{"floor":7,"key":"EssenceOfSteel"},{"floor":10,"key":"LiquidMemories"},{"floor":14,"key":"Energy Potion"}],"is_trial":false,"path_per_floor":["M","$","?","T","$","R","E","?","T","M","E","?","$","M","R","B"],"character_chosen":"HERMIT","items_purchased":["hermit:ShadowCloak"],"campfire_rested":1,"item_purchase_floors":[13],"current_hp_per_floor":[65,65,58,58,58,58,25,25,25,13,23,8,8,8,30,0,0],"gold":139,"neow_bonus":"UPGRADE_CARD","is_daily":false,"chose_seed":false,"campfire_upgraded":1,"win_rate":0.0,"timestamp":1610875323,"path_taken":["M","$","?","?","?","R","E","?","T","M","E","?","$","M","R","BOSS"],"items_purchased_type":["Card"],"build_version":"2020-12-22","purchased_purges":2,"victory":false,"max_hp_per_floor":[75,75,75,75,75,75,75,75,75,75,75,75,75,75,75,75,75],"card_choices":[{"not_picked":["hermit:Misfire","hermit:Snipe"],"picked":"hermit:WideOpen","floor":1},{"not_picked":["hermit:Misfire","hermit:LuckOfTheDraw","hermit:Roulette"],"picked":"SKIP","floor":7},{"not_picked":["hermit:HighNoon","hermit:Headshot"],"picked":"hermit:Feint","floor":10},{"not_picked":["hermit:HoleUp","hermit:Coalescence"],"picked":"hermit:LowProfile","floor":11},{"not_picked":["hermit:Misfire","hermit:Quickdraw"],"picked":"hermit:Gestalt","floor":14}],"player_experience":1012161,"relics_obtained":[{"floor":4,"key":"Lizard Tail"},{"floor":7,"key":"Ginger"},{"floor":9,"key":"Gambling Chip"},{"floor":11,"key":"Art of War"}],"event_choices":[{"damage_healed":0,"gold_gain":0,"player_choice":"Success","damage_taken":7,"relics_obtained":["Dead Branch"],"max_hp_gain":0,"max_hp_loss":0,"event_name":"Scrap Ooze","floor":3,"gold_loss":0},{"damage_healed":0,"gold_gain":175,"player_choice":"AGREE","damage_taken":0,"max_hp_gain":0,"max_hp_loss":0,"event_name":"Liars Game","floor":8,"gold_loss":0,"cards_obtained":["Doubt"]},{"damage_healed":0,"gold_gain":0,"player_choice":"Entered Light","damage_taken":15,"max_hp_gain":0,"max_hp_loss":0,"event_name":"Shining Light","floor":12,"gold_loss":0,"cards_upgraded":["hermit:Defend_Hermit","hermit:Defend_Hermit"]}],"is_beta":false,"boss_relics":[],"items_purged_floors":[2,13],"is_endless":false,"potions_floor_spawned":[7,10,14],"killed_by":"Hexaghost","ascension_level":10}}