{"host":"kabf61oc9jgfwufg","time":1610857174,"event":{"mods":["AchievementEnabler","Aspiration","BaseMod","Conspire","Energized Spire","GifTheSpireLib","GungeonMod","Halation","HexUI Lib","Hubris","Infinite Spire","Minty Spire (QoL Compilation)","Quick Restart","Rare Cards Sparkle","Replay The Spire","Shop Mod","Small Relic Pack","StSLib"],"gold_per_floor":[112,158,108,27,40,68,87,87,87,87,121,121,121,95,95,196,196,176,176,176,176,139,172,172],"floor_reached":23,"language":"ENG","playtime":561,"items_purged":["hubris:Wrath","Strike_P","Strike_P"],"score":302,"play_id":"9926db48-c47c-4ed3-a4e6-86aaa73d6017","local_time":"20210117041934","is_ascension_mode":true,"campfire_choices":[{"data":"WheelKick","floor":10,"key":"SMITH"},{"data":"Eruption","floor":15,"key":"SMITH"}],"circlet_count":0,"master_deck":["Strike_P","Defend_P","Defend_P","Defend_P","Defend_P","Eruption+1","Vigilance","WheelKick+1","Injury","FollowUp+1","CurseOfTheBell","FollowUp+1","FlurryOfBlows+1"],"relics":["PureWater","NeowsBlessing","hubris:TinFlute","ReplayTheSpireMod:CursedCoin","MerchantsRug","Juzu Bracelet","Molten Egg 2","Mirror","DemoMod:LamentConfigurum","relicPack:AllForOne","halation:EternalFortune","Calling Bell","ReplayTheSpireMod:Lightbulb","Garlic","Replay:Kaleidoscope","aspiration:KMNothing","aspiration:KMNothing","aspiration:KMNothing","DemoMod:GlassGuonStoneRelic","aspiration:KMNothing"],"acts_visited":["Exordium","TheCity"],"potions_floor_usage":[16],"damage_taken":[{"damage":0,"enemies":"Jaw Worm","floor":1,"turns":1},{"damage":2,"enemies":"conspire:RoseBush","floor":5,"turns":1},{"damage":0,"enemies":"3 Sentries","floor":6,"turns":1},{"damage":0,"enemies":"2 Louse","floor":7,"turns":3},{"damage":12,"enemies":"Replay:BlueRogue","floor":11,"turns":8},{"damage":0,"enemies":"Slime Boss","floor":16,"turns":6},{"damage":22,"enemies":"2 Thieves","floor":18,"turns":4},{"damage":28,"enemies":"conspire:Head Lice","floor":23,"turns":5}],"seed_played":"5535180789294766775","potions_obtained":[{"floor":2,"key":"Ancient Potion"},{"floor":6,"key":"Strength Potion"},{"floor":7,"key":"StancePotion"},{"floor":18,"key":"FearPotion"}],"is_trial":false,"path_per_floor":["M","?","?","$","M","E","M","?","T","R","E","?","?","$","R","B",null,"M","AVR","?","?","$","E"],"character_chosen":"WATCHER","items_purchased":["ReplayTheSpireMod:CursedCoin","MerchantsRug","FollowUp+1","aspiration:KMNothing","aspiration:KMNothing","aspiration:KMNothing"],"campfire_rested":0,"item_purchase_floors":[4,4,14,22,22,22],"current_hp_per_floor":[72,54,54,54,52,52,52,52,52,52,40,40,43,43,43,43,75,56,156,156,156,78,53,53],"gold":172,"neow_bonus":"THREE_ENEMY_KILL","is_daily":false,"chose_seed":false,"campfire_upgraded":2,"win_rate":0.0,"timestamp":1610857174,"path_taken":["M","?","?","?","?","E","M","?","T","R","E","?","?","$","R","BOSS","M","AVR","?","?","?","E"],"items_purchased_type":["Relic","Relic","Card","Relic","Relic","Relic"],"build_version":"2020-12-22","purchased_purges":3,"victory":false,"max_hp_per_floor":[72,72,72,72,72,72,72,72,72,72,72,72,75,75,75,75,75,78,178,178,178,78,81,81],"card_choices":[{"not_picked":["BattleHymn","FlyingSleeves","Perseverance"],"picked":"SKIP","floor":1},{"not_picked":["Replay:BluntJabs","Pray","Crescendo"],"picked":"SKIP","floor":5},{"not_picked":["Replay:Vibes","Crescendo","Collect"],"picked":"SKIP","floor":6},{"not_picked":["Crescendo","Judgement"],"picked":"WheelKick","floor":7},{"not_picked":["Protect","Meditate","Prostrate"],"picked":"SKIP","floor":11},{"not_picked":["Replay:BluntJabs+1","Pray"],"picked":"FollowUp+1","floor":18},{"not_picked":["Crescendo","ThirdEye"],"picked":"FlurryOfBlows+1","floor":23}],"player_experience":159278,"relics_obtained":[{"floor":2,"key":"hubris:TinFlute"},{"floor":6,"key":"Juzu Bracelet"},{"floor":9,"key":"Mirror"},{"floor":11,"key":"DemoMod:LamentConfigurum"},{"floor":17,"key":"ReplayTheSpireMod:Lightbulb"},{"floor":17,"key":"Garlic"},{"floor":17,"key":"Replay:Kaleidoscope"},{"floor":18,"key":"halation:EternalFortune"},{"floor":23,"key":"halation:EternalFortune"},{"floor":23,"key":"aspiration:KMNothing"}],"event_choices":[{"cards_removed":["Strike_P"],"damage_healed":0,"gold_gain":0,"player_choice":"Card Removal","damage_taken":0,"max_hp_gain":0,"max_hp_loss":0,"event_name":"The Cleric","floor":3,"gold_loss":50}],"is_beta":false,"boss_relics":[{"not_picked":["hubris:GrandSneckoEye","aspiration:RitualDagger"],"picked":"Calling Bell"}],"items_purged_floors":[4,19,22],"is_endless":false,"potions_floor_spawned":[6,7,11,18,23],"killed_by":"conspire:Head Lice","ascension_level":1}}