{"host":"lnt5dzsuhru0aonl","time":1610861306,"event":{"mods":["2.2 Compatiblity","BaseMod","Colored Map","DeckTracker","Keyboard Shortcuts","Minty Spire (QoL Compilation)","Permanent Neow","StSLib","SuperFastMode","everything is the same but u backflip on backflip"],"gold_per_floor":[118,2,2,21,40,73,73,84,109,109,122,33,33,67,67,140,140,157,167,117,135,85,117,129,166,178,204,131,143,188,200,212,303,315,346,405,417,429,452,464,107,124,124,137,137,162,188,207,207,207],"floor_reached":51,"language":"KOR","playtime":1606,"items_purged":["Defend_P","Strike_P","Defend_P","Defend_P"],"score":1525,"play_id":"ba76e861-6322-4874-8be3-091f88d56039","local_time":"20210117142826","is_ascension_mode":true,"campfire_choices":[{"data":"Eruption","floor":7.0,"key":"SMITH"},{"floor":10.0,"key":"REST"},{"floor":15.0,"key":"REST"},{"data":"TalkToTheHand","floor":24.0,"key":"SMITH"},{"floor":29.0,"key":"REST"},{"data":"MentalFortress","floor":32.0,"key":"SMITH"},{"data":"Adaptation","floor":40.0,"key":"SMITH"},{"floor":45,"key":"DIG"},{"data":"InnerPeace","floor":49,"key":"SMITH"}],"circlet_count":0,"master_deck":["AscendersBane","Strike_P","Strike_P","Eruption+1","TalkToTheHand+1","InnerPeace+1","Consecrate+1","Tantrum+1","FearNoEvil","SandsOfTime","MentalFortress+1","Vault","Adaptation+1","EmptyMind"],"relics":["PureWater","Pen Nib","Akabeko","Smiling Mask","Philosopher\u0027s Stone","MawBank","StrikeDummy","Calipers","Bag of Marbles","Unceasing Top","VioletLotus","Bird Faced Urn","Shovel","Damaru","Vajra","TungstenRod","Bottled Lightning"],"acts_visited":["Exordium","TheCity","TheBeyond"],"potions_floor_usage":[42,42,42,42],"damage_taken":[{"damage":0.0,"enemies":"2 Louse","floor":1.0,"turns":2.0},{"damage":0.0,"enemies":"Cultist","floor":4.0,"turns":2.0},{"damage":2.0,"enemies":"Jaw Worm","floor":5.0,"turns":3.0},{"damage":28.0,"enemies":"3 Sentries","floor":6.0,"turns":9.0},{"damage":18.0,"enemies":"Exordium Thugs","floor":8.0,"turns":5.0},{"damage":0.0,"enemies":"Blue Slaver","floor":11.0,"turns":3.0},{"damage":0.0,"enemies":"Gremlin Nob","floor":14.0,"turns":2.0},{"damage":8.0,"enemies":"Hexaghost","floor":16.0,"turns":5.0},{"damage":0.0,"enemies":"Chosen","floor":18.0,"turns":2.0},{"damage":0.0,"enemies":"Spheric Guardian","floor":19.0,"turns":1.0},{"damage":5.0,"enemies":"Shelled Parasite and Fungi","floor":21.0,"turns":2.0},{"damage":15.0,"enemies":"Book of Stabbing","floor":23.0,"turns":4.0},{"damage":28.0,"enemies":"Slavers","floor":25.0,"turns":2.0},{"damage":0.0,"enemies":"Cultist and Chosen","floor":27.0,"turns":3.0},{"damage":5.0,"enemies":"Book of Stabbing","floor":30.0,"turns":3.0},{"damage":1.0,"enemies":"Champ","floor":33.0,"turns":7.0},{"damage":0.0,"enemies":"Orb Walker","floor":35.0,"turns":1.0},{"damage":0.0,"enemies":"2 Orb Walkers","floor":36.0,"turns":3.0},{"damage":0.0,"enemies":"3 Darklings","floor":39.0,"turns":2.0},{"damage":32,"enemies":"Writhing Mass","floor":42,"turns":3},{"damage":0,"enemies":"Jaw Worm Horde","floor":44,"turns":2},{"damage":0,"enemies":"Mind Bloom Boss Battle","floor":46,"turns":2},{"damage":0,"enemies":"Giant Head","floor":47,"turns":4},{"damage":0,"enemies":"Spire Growth","floor":48,"turns":1},{"damage":18,"enemies":"Time Eater","floor":50,"turns":8}],"seed_played":"4249508097505445502","potions_obtained":[{"floor":3.0,"key":"Swift Potion"},{"floor":3.0,"key":"BlessingOfTheForge"},{"floor":4.0,"key":"Fire Potion"},{"floor":11.0,"key":"AttackPotion"},{"floor":14.0,"key":"LiquidBronze"},{"floor":16.0,"key":"BottledMiracle"},{"floor":19.0,"key":"EssenceOfSteel"},{"floor":21.0,"key":"Regen Potion"},{"floor":23.0,"key":"AttackPotion"},{"floor":35.0,"key":"EntropicBrew"},{"floor":42,"key":"Ancient Potion"},{"floor":47,"key":"Ancient Potion"},{"floor":48,"key":"BottledMiracle"}],"is_trial":false,"path_per_floor":["M","$","?","M","M","E","R","M","T","R","M","$","?","E","R","B",null,"M","M","$","M","$","E","R","E","T","M","?","R","E","?","R","B",null,"M","?","?","?","M","R","$","M","T","M","R","?","E","M","R","B",null],"character_chosen":"WATCHER","items_purchased":["TalkToTheHand","Tantrum","Shovel"],"campfire_rested":3,"item_purchase_floors":[2,12,41],"current_hp_per_floor":[61,61,61,61,59,31,31,13,13,31,31,31,12,12,30,22,52,52,52,52,47,47,44,44,16,16,16,16,34,29,29,29,28,54,54,54,54,54,56,56,56,28,28,32,32,36,40,42,42,28],"gold":207,"neow_bonus":"REMOVE_TWO","is_daily":false,"chose_seed":false,"campfire_upgraded":5,"win_rate":0.0,"timestamp":1610861306,"path_taken":["M","$","?","M","M","E","R","?","T","R","M","$","?","E","R","BOSS","M","M","$","M","$","E","R","E","T","M","?","R","E","?","R","BOSS","M","?","?","?","M","R","$","M","T","M","R","?","E","M","R","BOSS"],"items_purchased_type":["Card","Card","Relic"],"build_version":"2020-12-22","purchased_purges":4,"victory":true,"max_hp_per_floor":[62,62,62,62,62,62,62,62,62,62,62,62,62,62,62,62,62,62,62,62,62,62,62,62,62,62,62,62,62,62,62,62,62,62,62,62,59,59,59,59,59,59,59,59,59,59,59,59,59,59],"card_choices":[{"not_picked":["EmptyFist","CutThroughFate","Crescendo"],"picked":"SKIP","floor":1.0},{"not_picked":["Halt","ThirdEye"],"picked":"InnerPeace","floor":4.0},{"not_picked":["CarveReality","CutThroughFate","BattleHymn"],"picked":"SKIP","floor":5.0},{"not_picked":["SpiritShield","BowlingBash","JustLucky"],"picked":"SKIP","floor":6.0},{"not_picked":["BowlingBash","Fasting2"],"picked":"Consecrate","floor":8.0},{"not_picked":["CutThroughFate","SashWhip","EmptyBody"],"picked":"SKIP","floor":11.0},{"not_picked":["JustLucky","FlyingSleeves"],"picked":"FearNoEvil","floor":14.0},{"not_picked":["Crescendo","TalkToTheHand","Protect"],"picked":"SKIP","floor":18.0},{"not_picked":["WheelKick","EmptyBody","Consecrate"],"picked":"SKIP","floor":19.0},{"not_picked":["SashWhip","Prostrate","Consecrate"],"picked":"SKIP","floor":21.0},{"not_picked":["ThirdEye","JustLucky+1"],"picked":"SandsOfTime","floor":23.0},{"not_picked":["BattleHymn","Meditate","BowlingBash+1"],"picked":"SKIP","floor":25.0},{"not_picked":["CrushJoints","CutThroughFate"],"picked":"MentalFortress","floor":27.0},{"not_picked":["Perseverance","ReachHeaven","Alpha"],"picked":"SKIP","floor":30.0},{"not_picked":["DevaForm","LessonLearned"],"picked":"Vault","floor":33.0},{"not_picked":["BowlingBash+1","ClearTheMind","FlurryOfBlows"],"picked":"SKIP","floor":35.0},{"not_picked":["Weave+1","CutThroughFate"],"picked":"Adaptation","floor":36.0},{"not_picked":["Consecrate","Wireheading","Tantrum"],"picked":"SKIP","floor":39.0},{"not_picked":["FearNoEvil","SashWhip","FlurryOfBlows"],"picked":"SKIP","floor":42},{"not_picked":["Evaluate","ThirdEye","Crescendo"],"picked":"SKIP","floor":44},{"not_picked":["Evaluate","ThirdEye","Crescendo"],"picked":"SKIP","floor":44},{"not_picked":["ThirdEye","BattleHymn"],"picked":"EmptyMind","floor":46},{"not_picked":["Prostrate","CrushJoints+1","FlyingSleeves"],"picked":"SKIP","floor":47},{"not_picked":["SignatureMove","Protect+1","SashWhip"],"picked":"SKIP","floor":48}],"player_experience":679472,"relics_obtained":[{"floor":6.0,"key":"Pen Nib"},{"floor":9.0,"key":"Akabeko"},{"floor":14.0,"key":"Smiling Mask"},{"floor":23.0,"key":"MawBank"},{"floor":25.0,"key":"StrikeDummy"},{"floor":26.0,"key":"Calipers"},{"floor":30.0,"key":"Unceasing Top"},{"floor":36.0,"key":"Bird Faced Urn"},{"floor":43,"key":"Damaru"},{"floor":45,"key":"Vajra"},{"floor":46,"key":"TungstenRod"},{"floor":47,"key":"Bottled Lightning"}],"event_choices":[{"damage_healed":0.0,"max_hp_gain":0.0,"max_hp_loss":0.0,"gold_gain":0.0,"event_name":"Lab","player_choice":"Got Potions","floor":3.0,"gold_loss":0.0,"damage_taken":0.0},{"damage_healed":0.0,"max_hp_gain":0.0,"max_hp_loss":0.0,"gold_gain":0.0,"event_name":"Shining Light","player_choice":"Entered Light","floor":13.0,"gold_loss":0.0,"damage_taken":19.0,"cards_upgraded":["Tantrum","Consecrate"]},{"damage_healed":0.0,"max_hp_gain":0.0,"max_hp_loss":0.0,"gold_gain":0.0,"event_name":"Addict","player_choice":"Obtained Relic","floor":28.0,"gold_loss":85.0,"damage_taken":0.0,"relics_obtained":["Bag of Marbles"]},{"damage_healed":0.0,"max_hp_gain":0.0,"max_hp_loss":0.0,"gold_gain":0.0,"event_name":"The Mausoleum","player_choice":"Ignored","floor":31.0,"gold_loss":0.0,"damage_taken":0.0},{"damage_healed":0.0,"max_hp_gain":0.0,"max_hp_loss":0.0,"gold_gain":0.0,"event_name":"Mysterious Sphere","player_choice":"Fight","floor":36.0,"gold_loss":0.0,"damage_taken":0.0},{"damage_healed":0.0,"max_hp_gain":0.0,"max_hp_loss":3.0,"gold_gain":0.0,"event_name":"Winding Halls","player_choice":"Max HP","floor":37.0,"gold_loss":0.0,"damage_taken":0.0},{"cards_removed":["Vigilance"],"damage_healed":0.0,"max_hp_gain":0.0,"max_hp_loss":0.0,"gold_gain":0.0,"event_name":"Falling","player_choice":"Removed Skill","floor":38.0,"gold_loss":0.0,"damage_taken":0.0},{"damage_healed":0,"gold_gain":0,"player_choice":"Fight","damage_taken":0,"max_hp_gain":0,"max_hp_loss":0,"event_name":"MindBloom","floor":46,"gold_loss":0}],"is_beta":false,"boss_relics":[{"not_picked":["Velvet Choker","SlaversCollar"],"picked":"Philosopher\u0027s Stone"},{"not_picked":["Cursed Key","Tiny House"],"picked":"VioletLotus"}],"items_purged_floors":[2,20,22,41],"is_endless":false,"potions_floor_spawned":[4,11,14,16,19,21,23,35,39,42,47,48],"ascension_level":17}}