{"host":"KYO","time":1610851664,"event":{"mods":["ATMod(°¢èªMod)","BaseMod","Minty Spire (QoL Compilation)","Shop Mod","StSLib","SuperFastMode","[IsaacMod]ÒÔÈö¼âËþ","¡¾ÒÅÎï¿¨ÅÆ¡¿REMEMod"],"gold_per_floor":[111,124,138,157,157,157,488,488,488,558,583,583,583,583],"floor_reached":13,"language":"ZHS","playtime":492,"items_purged":[],"score":236,"play_id":"57e3ddba-7a12-4544-bc72-2786a1785515","local_time":"20210117104744","is_ascension_mode":true,"campfire_choices":[{"data":"Adrenaline","floor":6.0,"key":"SMITH"},{"floor":8.0,"key":"REST"},{"data":"Prepared","floor":12.0,"key":"SMITH"}],"circlet_count":0,"master_deck":["AscendersBane","Strike_G","Strike_G","Strike_G","Strike_G","Strike_G","Defend_G","Defend_G","Defend_G","Defend_G","Defend_G","Survivor","Neutralize","AT_FamilyPortrait","Adrenaline+1","Predator","Regret","Prepared+1"],"relics":["HushsDoor","AT_ATBox","REME_ComplimentaryCards","DoctorsRemote","REME_ChargedStone","PillsDrop","Old Coin","Turnip","Dream Catcher"],"acts_visited":["Exordium"],"potions_floor_usage":[],"damage_taken":[{"damage":7.0,"enemies":"Jaw Worm","floor":1.0,"turns":6.0},{"damage":0.0,"enemies":"Small Slimes","floor":2.0,"turns":4.0},{"damage":0.0,"enemies":"2 Louse","floor":3.0,"turns":3.0},{"damage":10.0,"enemies":"Gremlin Gang","floor":4.0,"turns":4.0},{"damage":31.0,"enemies":"Lagavulin","floor":7.0,"turns":9.0},{"damage":0.0,"enemies":"3 Sentries","floor":11.0,"turns":5.0},{"damage":17,"enemies":"Lagavulin","floor":13,"turns":7}],"seed_played":"4629661534084536918","potions_obtained":[{"floor":4.0,"key":"Energy Potion"}],"is_trial":false,"path_per_floor":["M","M","M","M","?","R","E","R","T","T","E","R","E"],"character_chosen":"THE_SILENT","items_purchased":[],"campfire_rested":1,"item_purchase_floors":[],"current_hp_per_floor":[52,52,52,42,42,42,11,30,30,30,30,30,13,13],"gold":583,"neow_bonus":"BOSS_RELIC","is_daily":false,"chose_seed":false,"campfire_upgraded":2,"win_rate":0.0,"timestamp":1610851664,"path_taken":["M","M","M","M","?","R","E","R","T","?","E","R","E"],"items_purchased_type":[],"build_version":"2020-12-18","purchased_purges":0,"victory":false,"max_hp_per_floor":[66,66,66,66,66,66,66,66,66,66,66,66,66,66],"card_choices":[{"not_picked":["Deflect","Deadly Poison","REME_LeechingPoison"],"picked":"SKIP","floor":1.0},{"not_picked":["Sucker Punch","All Out Attack"],"picked":"Predator","floor":2.0},{"not_picked":["Slice","Underhanded Strike","Bane"],"picked":"SKIP","floor":3.0},{"not_picked":["All Out Attack","Deflect","Cloak And Dagger"],"picked":"SKIP","floor":4.0},{"not_picked":["PiercingWail","Slice"],"picked":"Prepared","floor":7.0},{"not_picked":["Riddle With Holes","Heel Hook","Tools of the Trade"],"picked":"SKIP","floor":11.0}],"player_experience":608432,"relics_obtained":[{"floor":7.0,"key":"Old Coin"},{"floor":9.0,"key":"Turnip"},{"floor":11.0,"key":"Dream Catcher"}],"event_choices":[{"damage_healed":0.0,"max_hp_gain":0.0,"max_hp_loss":0.0,"gold_gain":0.0,"event_name":"Big Fish","player_choice":"Box","floor":5.0,"gold_loss":0.0,"damage_taken":0.0,"relics_obtained":["PillsDrop"],"cards_obtained":["Regret"]}],"is_beta":true,"boss_relics":[],"items_purged_floors":[],"is_endless":false,"potions_floor_spawned":[4],"killed_by":"Lagavulin","ascension_level":20}}