{"host":"54jr43vd79817238","time":1610870199,"event":{"mods":["100% Spire Juice","ATMod(°¢èªMod)","Act Like it!","Arknights The Spire","Aspiration","BaseMod","CapriCore","Dota2Spire","Friendly Minions","Gensokyo","GungeonMod","Hallownest","Hermit","Jedi Mod","KinomotoSakuraMod(Ä¾Ö®±¾Ó£)","Lobotomy","LobotomyExtend","Mari Mod (Legacy)","Mari\u0027s V1 Patch","Marisa£¨ìFÓê¡¡Ä§ÀíÉ³£©","Minty Spire (QoL Compilation)","MostiFishMod","Quarter Circle Forward PUNCH!","Replay The Spire","Robot Space Explorer","RumiaBox-Â¶Ã×æ«µÄÉñÃØºÐ×Ó","Spicy Shops","StSLib","TestMod","The Alterego","The Dragon Tamer","The Marked","WarShipGirlsR/Õ½½¢ÉÙÅ®R mod","Yakumo Yukari mod","Youmu£¨»êÆÇÑýÃÎ£©","vexMod","¡¾ÒÅÎï¿¨ÅÆ¡¿REMEMod"],"gold_per_floor":[138,63,63,73,92,92,110,143,222,222,222,238,249,259,259,354,-1046,-1032,-966,-953,-935,-935,-935,-906,-866,-866,-866,-854,-854,-781,-761,-761,-665,-665,-653,-653,-633,-633,-621,-621,-607,-567,-567,-557,-557,-547,-547,-530,-530,-530,-530,-530,-530,-490,-456,-456,-456],"floor_reached":56,"language":"ZHS","playtime":3126,"items_purged":[],"score":923,"play_id":"15a6ff96-6f5c-464f-8127-18c2f6b66e28","local_time":"20210117155639","is_ascension_mode":false,"campfire_choices":[{"floor":6.0,"key":"RECALL"},{"data":"Boundary_ObjectiveBoundary_purple","floor":15.0,"key":"SMITH"},{"data":"Nest_LightFlightworm_purple","floor":23.0,"key":"SMITH"},{"data":"DimensionStaggered_purple","floor":27.0,"key":"SMITH"},{"data":"Bait_Toxicbait_purple","floor":29.0,"key":"SMITH"},{"floor":32.0,"key":"REST"},{"data":"PositiveMatter_Antimatter_Universe_purple","floor":40,"key":"SMITH"},{"floor":45,"key":"REST"},{"floor":49,"key":"REST"},{"floor":53,"key":"REST"}],"circlet_count":0,"master_deck":["AT_purpleEX+1","AT_purpleEX+1","AT_purpleEX+1","AT_purpleEX+1","Defend_purpleEX+1","Defend_purpleEX+1","Defend_purpleEX+1","Defend_purpleEX+1","Observe_purple_1+1","Observe_purple_2+1","AT_FamilyPortrait+1","Boundary_ObjectiveBoundary_purple+1","Writhe","OmniscientAndOmnipotent_Monster_purple+1","PositiveMatter_Antimatter_Universe_purple+1","Erosivefilter_purple+1","Boundary_of_Extermination_purpleEX+1","Charmbait_purple+1","Nest_LightFlightworm_purple+1","AdvanceAttack_purple+1","WasteWire_Metro_purple+1","DimensionStaggered_purple+1","Worldmountain_purple+1","Mirror_WaveAndshot_purple+1","Fantasy_PerpetualMotionMachine_purple+1","Shame","Fancifulhole_purple+1","Bait_Toxicbait_purple+1","Human_Monster_Realm_purple+1","Amnesia","PositiveMatter_Antimatter_Universe_purple+1","Line_surface_state_purple+1","MNeedle_purple+1","StateDuplicate_purple+1","Shallow_ocean_purpleEX+1"],"relics":["Boundary_crack","Memoryfragments_purpleEX","testmod-TestBox","DaveBox","REME_ComplimentaryCards","AT_ATBox","DSteel32","testmod-Prudence","aspiration:Nostalgia","Burning Blood","Hallownest:BankAccountRelic","qcfpunch:Army_Boots","SynthV:MejaisSoulstealer","aspiration:Lifesprig","StoneCalendar","AT_EbonyIvory","LastBattle","Dota2Spire:LinkenSphere","Black Star","Ring of Misfortune","DemoMod:BigBoy","LetterFromLob","Golden Egg","Dota2Spire:UrnOfShadows","Vajra"],"acts_visited":["Hallownest:Greenpath","TheCity","TheBeyond","TheEnding"],"potions_floor_usage":[55,56],"damage_taken":[{"damage":3.0,"enemies":"Hallownest:monsterHuskGuard","floor":1.0,"turns":7.0},{"damage":0.0,"enemies":"Hallownest:2_Tiktiks_and_1_Crawlid","floor":4.0,"turns":4.0},{"damage":3.0,"enemies":"2_ Uuma","floor":5.0,"turns":7.0},{"damage":3.0,"enemies":"Hallownest:MossCreep_and_Mosskin","floor":7.0,"turns":4.0},{"damage":23.0,"enemies":"Hallownest:eliteVengeflyKing","floor":8.0,"turns":8.0},{"damage":5.0,"enemies":"Hallownest:monsterMossCharger","floor":12.0,"turns":6.0},{"damage":3.0,"enemies":"Hallownest:1_Ooma_and_2_Uuma","floor":13.0,"turns":7.0},{"damage":0.0,"enemies":"Hallownest:1_Baldur_1_Crawlid_1_Warrior","floor":14.0,"turns":2.0},{"damage":7.0,"enemies":"Hallownest:BossFalseKnight","floor":16.0,"turns":8.0},{"damage":0.0,"enemies":"Shell Parasite","floor":18.0,"turns":3.0},{"damage":0.0,"enemies":"Spheric Guardian","floor":20.0,"turns":2.0},{"damage":2.0,"enemies":"Shelled Parasite and Fungi","floor":21.0,"turns":3.0},{"damage":19.0,"enemies":"REME_1_Revenger","floor":24.0,"turns":3.0},{"damage":0.0,"enemies":"Snake Plant","floor":28.0,"turns":3.0},{"damage":0.0,"enemies":"Centurion and Healer","floor":31.0,"turns":2.0},{"damage":0.0,"enemies":"Pondfish","floor":33.0,"turns":4.0},{"damage":0.0,"enemies":"Orb Walker","floor":35.0,"turns":3.0},{"damage":0.0,"enemies":"3 Darklings","floor":37.0,"turns":3.0},{"damage":0,"enemies":"4 Shapes","floor":39,"turns":2},{"damage":0,"enemies":"Writhing Mass","floor":41,"turns":3},{"damage":55,"enemies":"Transient","floor":44,"turns":5},{"damage":0,"enemies":"Spire Growth","floor":46,"turns":3},{"damage":0,"enemies":"Writhing Mass","floor":48,"turns":3},{"damage":0,"enemies":"Donu and Deca","floor":50,"turns":5},{"damage":53,"enemies":"Shield and Spear","floor":55,"turns":3},{"damage":58,"enemies":"The Heart","floor":56,"turns":2}],"seed_played":"671047758190372572","potions_obtained":[{"floor":1.0,"key":"ColorlessPotion"},{"floor":4.0,"key":"Strength Potion"},{"floor":13.0,"key":"SpeedPotion"},{"floor":16.0,"key":"CultistPotion"},{"floor":19.0,"key":"DemoMod:LeadSkinPotion"},{"floor":21.0,"key":"Adrenaline Potion"},{"floor":28.0,"key":"BlessingOfTheForge"},{"floor":31.0,"key":"DemoMod:LeadSkinPotion"},{"floor":33.0,"key":"AttackPotion"},{"floor":35.0,"key":"Ancient Potion"},{"floor":41,"key":"Energy Potion"},{"floor":46,"key":"FearPotion"},{"floor":55,"key":"Energy Potion"}],"is_trial":false,"path_per_floor":["M","?","?","M","M","R","M","E","T","?","?","?","M","M","R","B",null,"M","?","M","M","?","R","E","$","T","R","M","R","T","M","R","B",null,"M","?","M","?","M","R","M","$","T","M","R","M","T","M","R","B",null,null,"R","$","E","B"],"character_chosen":"Youkari","items_purchased":[],"campfire_rested":4,"item_purchase_floors":[],"current_hp_per_floor":[70,70,78,78,78,78,78,61,61,68,68,71,76,78,78,77,78,78,47,57,63,63,63,52,52,52,52,60,60,60,66,78,78,78,78,78,78,78,78,78,78,78,78,31,54,61,61,69,78,78,78,78,78,78,31,0,0],"gold":-456,"neow_bonus":"NOSTALGIA","is_daily":false,"chose_seed":false,"campfire_upgraded":5,"win_rate":0.0,"timestamp":1610870199,"path_taken":["M","?","?","M","M","R","?","E","T","?","?","?","M","?","R","BOSS","M","?","M","M","?","R","E","?","T","R","M","R","?","M","R","BOSS","M","?","M","?","M","R","M","?","T","M","R","M","?","M","R","BOSS","R","$","E","BOSS"],"items_purchased_type":[],"build_version":"2020-12-22","purchased_purges":0,"victory":false,"max_hp_per_floor":[70,70,78,78,78,78,78,78,78,78,78,78,78,78,78,78,78,78,78,78,78,78,78,78,78,78,78,78,78,78,78,78,78,78,78,78,78,78,78,78,78,78,78,78,78,78,78,78,78,78,78,78,78,78,78,78,78],"card_choices":[{"not_picked":["Mirror_WaveAndshot_purple","Realm_recovery_purpleEX"],"picked":"Boundary_ObjectiveBoundary_purple","floor":1.0},{"not_picked":["DimensionStaggered_purple","Mirror_FormAndEmptin_purple"],"picked":"OmniscientAndOmnipotent_Monster_purple","floor":4.0},{"not_picked":["DimensionStaggered_purple","ExistenceContinue_purple"],"picked":"PositiveMatter_Antimatter_Universe_purple","floor":5.0},{"not_picked":["MonsterNeedle_purple","RealityDreamConfluencek_purple"],"picked":"Erosivefilter_purple","floor":7.0},{"not_picked":["Shallow_ocean_purpleEX","WeekHit_purple"],"picked":"Boundary_of_Extermination_purpleEX","floor":8.0},{"not_picked":["OmniscientAndOmnipotent_Monster_purple","DarkRealmRedLine_purple"],"picked":"Charmbait_purple","floor":12.0},{"not_picked":["Anti_communist_purple","MetroBOOM_purple"],"picked":"Nest_LightFlightworm_purple","floor":13.0},{"not_picked":["OpenedBox_purple","Boundary_LightAndDark_purple"],"picked":"AdvanceAttack_purple","floor":14.0},{"not_picked":["Computing_the_future_purpleEX","Human_Monster_Realm_purple"],"picked":"WasteWire_Metro_purple","floor":16.0},{"not_picked":["OpenedBox_purple","PurpleNeedle_purple"],"picked":"DimensionStaggered_purple","floor":18.0},{"not_picked":["Umbrella_purple","RuleDissolution_purple+1"],"picked":"Worldmountain_purple","floor":19.0},{"not_picked":["Boundary_DreamRealityDamnation_purple","Charmbait_purple"],"picked":"Mirror_WaveAndshot_purple+1","floor":19.0},{"not_picked":["SfantasyHide_purple","Umbrella_purple","Anti_communist_purple"],"picked":"SKIP","floor":20.0},{"not_picked":["AdvanceAttack_purple","WorldDissolvedintheRealm_purple+1"],"picked":"Fantasy_PerpetualMotionMachine_purple","floor":21.0},{"not_picked":["Worldmountain_purple","OpenedBox_purple"],"picked":"Fancifulhole_purple","floor":24.0},{"not_picked":["SharpContractionReality_purple","Charmbait_purple"],"picked":"Bait_Toxicbait_purple","floor":28.0},{"not_picked":["MetroBOOM_purple+1","Realm_recovery_purpleEX","Erosivefilter_purple"],"picked":"SKIP","floor":31.0},{"not_picked":["Fancifulhole_purple","MagicEyes_LaplaceDemon_purple"],"picked":"Human_Monster_Realm_purple","floor":33.0},{"not_picked":["OmniscientAndOmnipotent_Monster_purple+1","StretchesForeverDream_purple","Umbrella_purple"],"picked":"SKIP","floor":35.0},{"not_picked":["DimensionStaggered_purple+1","ExistenceContinue_purple"],"picked":"PositiveMatter_Antimatter_Universe_purple","floor":37.0},{"not_picked":["SharpContractionReality_purple+1","GluttonyofRealm_purpleEX"],"picked":"Line_surface_state_purple+1","floor":39},{"not_picked":["PositiveMatter_Antimatter_Universe_purple+1","Yakumo_Ran_purple"],"picked":"MNeedle_purple+1","floor":41},{"not_picked":["Realm_recovery_purpleEX","DimensionStaggered_purple"],"picked":"StateDuplicate_purple+1","floor":44},{"not_picked":["StateErode_purple","WeekHit_purple+1"],"picked":"Shallow_ocean_purpleEX","floor":46},{"not_picked":["Charmbait_purple","ExistenceContinue_purple+1","SfantasyHide_purple"],"picked":"SKIP","floor":48},{"not_picked":["ButterflyHabitatTemple_purple+1","StateDuplicate_purple","Anti_communist_purple"],"picked":"SKIP","floor":55}],"player_experience":260642,"relics_obtained":[{"floor":8.0,"key":"qcfpunch:Army_Boots"},{"floor":19.0,"key":"aspiration:Lifesprig"},{"floor":24.0,"key":"AT_EbonyIvory"},{"floor":26.0,"key":"LastBattle"},{"floor":30.0,"key":"Dota2Spire:LinkenSphere"},{"floor":36.0,"key":"Ring of Misfortune"},{"floor":43,"key":"DemoMod:BigBoy"},{"floor":44,"key":"LetterFromLob"},{"floor":47,"key":"Golden Egg"},{"floor":55,"key":"Dota2Spire:UrnOfShadows"},{"floor":55,"key":"Vajra"}],"event_choices":[{"damage_healed":0.0,"max_hp_gain":0.0,"max_hp_loss":0.0,"gold_gain":0.0,"event_name":"Addict","player_choice":"Stole Relic","floor":22.0,"gold_loss":0.0,"damage_taken":0.0,"relics_obtained":["StoneCalendar"],"cards_obtained":["Shame"]}],"is_beta":false,"boss_relics":[{"not_picked":["Astrolabe","Ectoplasm"],"picked":"SynthV:MejaisSoulstealer"},{"not_picked":["MostiFishMod:Hod","Calling Bell"],"picked":"Black Star"}],"items_purged_floors":[],"is_endless":false,"potions_floor_spawned":[1,4,13,16,21,28,31,33,35,41,46,55],"killed_by":"The Heart","ascension_level":0}}