{"host":"9xd9wjw6duoy9kbq","time":1610916858,"event":{"mods":["AchievementEnabler","BaseMod","BetterRewards","Infinite Spire","Jorbs\u0027s Wanderer Trilogy","Minty Spire (QoL Compilation)","Replay The Spire","StSLib"],"gold_per_floor":[365,540,560,150,160,185,185,185,185],"floor_reached":8,"language":"ENG","playtime":757,"items_purged":["Doubt"],"score":56,"play_id":"96ddf671-8517-40c5-a52a-5adbe654f68a","local_time":"20210117205418","is_ascension_mode":false,"campfire_choices":[{"floor":7,"key":"REST"}],"circlet_count":0,"master_deck":["Strike_P","Strike_P","Strike_P","Strike_P","Defend_P","Defend_P","Defend_P","Defend_P","Eruption","Vigilance","FollowUp","Worship","ReplayTheSpireMod:Brewmster","Replay:ManipulateFuture","Replay:ManipulateFuture"],"relics":["PureWater","Orichalcum","infinitespire:EmpoweringShard"],"acts_visited":["Exordium"],"potions_floor_usage":[5,5,5,6,6,6,6,8],"damage_taken":[{"damage":7,"enemies":"Cultist","floor":1,"turns":6},{"damage":15,"enemies":"Small Slimes","floor":3,"turns":4},{"damage":6,"enemies":"Jaw Worm","floor":5,"turns":4},{"damage":12,"enemies":"3 Sentries","floor":6,"turns":9},{"damage":36,"enemies":"Lagavulin","floor":8,"turns":4}],"seed_played":"-632887871086423393","potions_obtained":[{"floor":3,"key":"Explosive Potion"},{"floor":5,"key":"LiquidMemories"}],"is_trial":false,"path_per_floor":["M","?","M","$","M","E","R","E"],"character_chosen":"WATCHER","items_purchased":["Orichalcum","ReplayTheSpireMod:Brewmster"],"campfire_rested":1,"item_purchase_floors":[4,4],"current_hp_per_floor":[44,44,29,29,23,11,32,0,0],"gold":185,"neow_bonus":"TWO_FIFTY_GOLD","is_daily":false,"chose_seed":false,"campfire_upgraded":0,"win_rate":0.0,"timestamp":1610916858,"path_taken":["M","?","M","$","M","E","R","E"],"items_purchased_type":["Relic","Card"],"build_version":"2020-12-22","purchased_purges":1,"victory":false,"max_hp_per_floor":[72,72,72,72,72,72,72,72,72],"card_choices":[{"not_picked":["Replay:ManipulateFuture","PathToVictory"],"picked":"FollowUp","floor":1},{"not_picked":["PathToVictory","Crescendo"],"picked":"Worship","floor":3},{"not_picked":["PathToVictory","MentalFortress"],"picked":"Replay:ManipulateFuture","floor":5},{"not_picked":["Protect","Perseverance"],"picked":"Replay:ManipulateFuture","floor":6}],"player_experience":109756,"relics_obtained":[{"floor":6,"key":"infinitespire:EmpoweringShard"}],"event_choices":[{"damage_healed":0,"gold_gain":175,"player_choice":"AGREE","damage_taken":0,"max_hp_gain":0,"max_hp_loss":0,"event_name":"Liars Game","floor":2,"gold_loss":0,"cards_obtained":["Doubt"]}],"is_beta":false,"boss_relics":[],"items_purged_floors":[4],"is_endless":false,"potions_floor_spawned":[3,5],"killed_by":"Lagavulin","ascension_level":0}}