{"host":"f9ztaq6figs4snwj","time":1610910888,"event":{"mods":["BaseMod","Bestiary","Colored Map","Curses Come First","Hubris","Minty Spire (QoL Compilation)","Replay The Spire","StSLib"],"gold_per_floor":[10,10,10,30,54,54,4,4,30,53,77,110,110,140,140,150,150],"floor_reached":16,"language":"ENG","playtime":436,"items_purged":[],"score":92,"play_id":"c7525149-756b-434e-821c-15879a9020b7","local_time":"20210117201448","is_ascension_mode":false,"campfire_choices":[{"floor":6,"key":"RECALL"},{"data":"Defend_R","floor":13,"key":"SMITH"},{"floor":15,"key":"DIG"}],"circlet_count":0,"master_deck":["Strike_R","Strike_R","Strike_R","Defend_R","Defend_R","Defend_R+1","Defend_R+1","Bash","Body Slam+1"],"relics":["Burning Blood","Golden Idol","Bag of Preparation","Replay:Baseball","Replay:Bandana","Oddly Smooth Stone"],"acts_visited":["Exordium"],"potions_floor_usage":[16,16],"damage_taken":[{"damage":0,"enemies":"Small Slimes","floor":1,"turns":5},{"damage":0,"enemies":"2 Louse","floor":4,"turns":4},{"damage":0,"enemies":"Jaw Worm","floor":10,"turns":3},{"damage":3,"enemies":"2 Fungi Beasts","floor":11,"turns":4},{"damage":0,"enemies":"Exordium Wildlife","floor":12,"turns":4},{"damage":2,"enemies":"Looter","floor":14,"turns":3},{"damage":66,"enemies":"Hexaghost","floor":16,"turns":12}],"seed_played":"3636061875301498449","potions_obtained":[{"floor":10,"key":"AttackPotion"},{"floor":12,"key":"FearPotion"}],"is_trial":false,"path_per_floor":["M","?","?","M","T","R","$","?","T","M","M","M","R","M","R_BF","B"],"character_chosen":"IRONCLAD","items_purchased":["Body Slam"],"campfire_rested":0,"item_purchase_floors":[7],"current_hp_per_floor":[80,74,56,62,62,62,62,47,47,53,56,62,62,66,66,0,0],"gold":150,"neow_bonus":"REMOVE_TWO","is_daily":false,"chose_seed":false,"campfire_upgraded":1,"win_rate":0.0,"timestamp":1610910888,"path_taken":["M","?","?","M","?","R","$","?","T","M","M","M","R","M","R_BF","BOSS"],"items_purchased_type":["Card"],"build_version":"2020-12-22","purchased_purges":0,"victory":false,"max_hp_per_floor":[80,74,74,74,74,74,74,74,74,74,74,74,74,74,74,74,74],"card_choices":[{"not_picked":["Run Through","Burning Pact","Heavy Blade"],"picked":"SKIP","floor":1},{"not_picked":["Warcry","Heavy Blade","ReplayTheSpireMod:Limb From Limb"],"picked":"SKIP","floor":4},{"not_picked":["Perfected Strike","Rampage","Twin Strike"],"picked":"SKIP","floor":10},{"not_picked":["Burning Pact","Sword Boomerang","Iron Wave"],"picked":"SKIP","floor":11},{"not_picked":["Clothesline","Iron Wave","Intimidate"],"picked":"SKIP","floor":12},{"not_picked":["Limit Break","Headbutt","Pommel Strike"],"picked":"SKIP","floor":14}],"player_experience":386038,"relics_obtained":[{"floor":5,"key":"Replay:Baseball"},{"floor":9,"key":"Replay:Bandana"},{"floor":15,"key":"Oddly Smooth Stone"}],"event_choices":[{"damage_healed":0,"gold_gain":0,"player_choice":"Lose Max HP","damage_taken":0,"relics_obtained":["Golden Idol"],"max_hp_gain":0,"max_hp_loss":6,"event_name":"Golden Idol","floor":2,"gold_loss":0},{"damage_healed":0,"gold_gain":0,"player_choice":"Success","damage_taken":18,"relics_obtained":["Bag of Preparation"],"max_hp_gain":0,"max_hp_loss":0,"event_name":"Scrap Ooze","floor":3,"gold_loss":0},{"damage_healed":0,"gold_gain":0,"player_choice":"Entered Light","damage_taken":15,"max_hp_gain":0,"max_hp_loss":0,"event_name":"Shining Light","floor":8,"gold_loss":0,"cards_upgraded":["Defend_R","Body Slam"]}],"is_beta":false,"boss_relics":[],"items_purged_floors":[],"is_endless":false,"potions_floor_spawned":[10,12],"killed_by":"Hexaghost","ascension_level":0}}