{"host":"7qgwl9qoiomx399t","time":1610847196,"event":{"mods":["AchievementEnabler","BaseMod","Better Third Choice","Colored Powertips","Ironclad Rager","Minty Spire (QoL Compilation)","Quick Restart","Replay The Spire","StSLib"],"gold_per_floor":[117,117,117,129,129,129,165,165],"floor_reached":7,"language":"ENG","playtime":289,"items_purged":[],"score":51,"play_id":"f3989615-715f-479e-ba2f-6a712d5b9a8f","local_time":"20210116173316","is_ascension_mode":true,"campfire_choices":[{"data":"Rampage","floor":6,"key":"SMITH"}],"circlet_count":0,"master_deck":["Strike_R","Strike_R","Strike_R","Strike_R","Strike_R","Defend_R","Defend_R","Defend_R+1","Defend_R","Bash","Body Slam","Sickly","Pain","Rampage+1","Injury"],"relics":["Burning Blood","Ring of Misfortune","Ring of Hypnosis","WarpedTongs","Golden Idol","Lantern"],"acts_visited":[],"potions_floor_usage":[],"damage_taken":[{"damage":3,"enemies":"2 Louse","floor":1,"turns":3},{"damage":0,"enemies":"Small Slimes","floor":4,"turns":3},{"damage":15,"enemies":"Gremlin Nob","floor":7,"turns":4}],"seed_played":"6350020330641112465","potions_obtained":[],"is_trial":false,"path_per_floor":["M","?","?","M","?","R","E"],"character_chosen":"IRONCLAD","items_purchased":[],"campfire_rested":0,"item_purchase_floors":[],"current_hp_per_floor":[80,80,80,80,80,80,71,71],"gold":165,"neow_bonus":"RANDOM_EVENT","is_daily":false,"chose_seed":false,"campfire_upgraded":1,"win_rate":0.0,"timestamp":1610847196,"path_taken":["M","?","?","?","?","R","E"],"items_purchased_type":[],"build_version":"2020-12-22","purchased_purges":0,"victory":false,"max_hp_per_floor":[80,80,80,80,80,80,80,80],"card_choices":[{"not_picked":["Sword Boomerang","ReplayTheSpireMod:Muscle Training"],"picked":"Body Slam","floor":1},{"not_picked":["Cleave","Dropkick"],"picked":"Rampage","floor":4}],"player_experience":65373,"relics_obtained":[{"floor":2,"key":"Ring of Misfortune"},{"floor":2,"key":"Ring of Hypnosis"},{"floor":7,"key":"Lantern"}],"event_choices":[{"damage_healed":0,"gold_gain":0,"player_choice":"Rummage","damage_taken":0,"relics_obtained":["WarpedTongs"],"max_hp_gain":0,"max_hp_loss":0,"event_name":"Accursed Blacksmith","floor":3,"gold_loss":0,"cards_obtained":["Pain"]},{"damage_healed":0,"gold_gain":0,"player_choice":"Take Wound","damage_taken":0,"relics_obtained":["Golden Idol"],"max_hp_gain":0,"max_hp_loss":0,"event_name":"Golden Idol","floor":5,"gold_loss":0,"cards_obtained":["Injury"]}],"is_beta":false,"boss_relics":[],"items_purged_floors":[],"is_endless":false,"potions_floor_spawned":[],"killed_by":"Gremlin Nob","ascension_level":1}}