{"host":"8rqsnaeml9gxb0kp","time":1610843025,"event":{"mods":["AchievementEnabler","BaseMod","Dark Map","Minty Spire (QoL Compilation)","StSLib"],"gold_per_floor":[110,124,141,157,157,184,184,215,241,269,269,269,284,296,296,396,396,413,413,427,273,286,286,286],"floor_reached":23,"language":"ENG","playtime":929,"items_purged":[],"score":245,"play_id":"5af59a4f-367e-45da-9473-89bbb4c0a383","local_time":"20210116162345","is_ascension_mode":true,"campfire_choices":[{"floor":7,"key":"REST"},{"floor":12,"key":"REST"},{"data":"Perfected Strike","floor":15,"key":"SMITH"}],"circlet_count":0,"master_deck":["Strike_R","Strike_R","Strike_R","Strike_R","Strike_R","Defend_R","Defend_R","Bash","Perfected Strike+1","Shrug It Off","Cleave","Double Tap","Rampage","Perfected Strike","Shrug It Off","Wild Strike","Flame Barrier","Reaper","CurseOfTheBell","Dual Wield","Berserk","Twin Strike+1","Demon Form","True Grit+1","Shrug It Off"],"relics":["Burning Blood","Torii","Bottled Lightning","Bronze Scales","Blood Vial","Juzu Bracelet","Calling Bell","Nunchaku","Mummified Hand","Prayer Wheel","Orrery"],"acts_visited":["Exordium","TheCity"],"potions_floor_usage":[10,16,16,23],"damage_taken":[{"damage":2,"enemies":"Cultist","floor":1,"turns":5},{"damage":15,"enemies":"2 Louse","floor":2,"turns":3},{"damage":7,"enemies":"Jaw Worm","floor":3,"turns":3},{"damage":15,"enemies":"Exordium Thugs","floor":4,"turns":5},{"damage":32,"enemies":"Lagavulin","floor":6,"turns":5},{"damage":16,"enemies":"Gremlin Nob","floor":8,"turns":3},{"damage":30,"enemies":"3 Sentries","floor":10,"turns":5},{"damage":14,"enemies":"Red Slaver","floor":13,"turns":2},{"damage":0,"enemies":"3 Louse","floor":14,"turns":3},{"damage":11,"enemies":"Slime Boss","floor":16,"turns":7},{"damage":8,"enemies":"3 Byrds","floor":18,"turns":4},{"damage":28,"enemies":"Shell Parasite","floor":20,"turns":5},{"damage":48,"enemies":"Shelled Parasite and Fungi","floor":22,"turns":4},{"damage":14,"enemies":"Book of Stabbing","floor":23,"turns":2}],"seed_played":"511292988181880223","potions_obtained":[{"floor":2,"key":"SpeedPotion"},{"floor":3,"key":"Regen Potion"},{"floor":10,"key":"Block Potion"},{"floor":13,"key":"Dexterity Potion"},{"floor":16,"key":"ElixirPotion"}],"is_trial":false,"path_per_floor":["M","M","M","M","?","E","R","E","T","E","?","R","M","M","R","B",null,"M","?","M","$","M","E"],"character_chosen":"IRONCLAD","items_purchased":["Orrery"],"campfire_rested":2,"item_purchase_floors":[21],"current_hp_per_floor":[72,63,62,53,53,27,48,38,38,28,28,49,43,51,51,48,72,70,70,50,50,10,0,0],"gold":286,"neow_bonus":"ONE_RARE_RELIC","is_daily":false,"chose_seed":false,"campfire_upgraded":1,"win_rate":0.0,"timestamp":1610843025,"path_taken":["M","?","M","M","?","E","R","E","T","E","?","R","M","M","R","BOSS","M","?","M","$","M","E"],"items_purchased_type":["Relic"],"build_version":"2020-12-22","purchased_purges":0,"victory":false,"max_hp_per_floor":[72,72,72,72,72,72,72,72,72,72,72,72,72,72,72,72,72,72,72,72,72,72,72,72],"card_choices":[{"not_picked":["Wild Strike","Burning Pact"],"picked":"Perfected Strike","floor":1},{"not_picked":["Flex","Feel No Pain"],"picked":"Shrug It Off","floor":2},{"not_picked":["Warcry","Anger"],"picked":"Cleave","floor":3},{"not_picked":["Warcry","Carnage"],"picked":"Double Tap","floor":4},{"not_picked":["Anger","Sword Boomerang"],"picked":"Perfected Strike","floor":6},{"not_picked":["Iron Wave","Dropkick","Rampage"],"picked":"SKIP","floor":8},{"not_picked":["Ghostly Armor","Berserk"],"picked":"Shrug It Off","floor":10},{"not_picked":["Iron Wave","Ghostly Armor"],"picked":"Wild Strike","floor":13},{"not_picked":["Heavy Blade","Iron Wave"],"picked":"Flame Barrier","floor":14},{"not_picked":["Feed","Demon Form"],"picked":"Reaper","floor":16},{"not_picked":["Thunderclap","Sentinel"],"picked":"Dual Wield","floor":18},{"not_picked":["Flex","Evolve","Flame Barrier+1"],"picked":"SKIP","floor":18},{"not_picked":["Clothesline","Wild Strike"],"picked":"Berserk","floor":20},{"not_picked":["Havoc","Shrug It Off","Clothesline"],"picked":"SKIP","floor":20},{"not_picked":["Warcry","Searing Blow"],"picked":"Twin Strike+1","floor":21},{"not_picked":["Body Slam","Flex"],"picked":"Demon Form","floor":21},{"not_picked":["Dark Embrace","Thunderclap"],"picked":"True Grit+1","floor":21},{"not_picked":["Flex","Heavy Blade"],"picked":"Shrug It Off","floor":22},{"not_picked":["Clothesline+1","Cleave","Sword Boomerang"],"picked":"SKIP","floor":22}],"player_experience":78073,"relics_obtained":[{"floor":6,"key":"Bottled Lightning"},{"floor":8,"key":"Bronze Scales"},{"floor":9,"key":"Blood Vial"},{"floor":10,"key":"Juzu Bracelet"},{"floor":17,"key":"Nunchaku"},{"floor":17,"key":"Mummified Hand"},{"floor":17,"key":"Prayer Wheel"}],"event_choices":[{"damage_healed":0,"gold_gain":0,"cards_transformed":["Defend_R"],"player_choice":"Transformed","damage_taken":0,"max_hp_gain":0,"max_hp_loss":0,"event_name":"Transmorgrifier","floor":5,"gold_loss":0,"cards_obtained":["Rampage"]},{"cards_removed":["Defend_R"],"damage_healed":0,"gold_gain":0,"player_choice":"Purged","damage_taken":0,"max_hp_gain":0,"max_hp_loss":0,"event_name":"Purifier","floor":11,"gold_loss":0},{"damage_healed":0,"gold_gain":0,"player_choice":"Ignored","damage_taken":0,"max_hp_gain":0,"max_hp_loss":0,"event_name":"Vampires","floor":19,"gold_loss":0}],"is_beta":false,"boss_relics":[{"not_picked":["Philosopher\u0027s Stone","Runic Pyramid"],"picked":"Calling Bell"}],"items_purged_floors":[],"is_endless":false,"potions_floor_spawned":[2,3,10,13,16],"killed_by":"Book of Stabbing","ascension_level":3}}