{"host":"0ricjaa7rfq9v76t","time":1610883109,"event":{"mods":["AchievementEnabler","Aspiration","BaseMod","Better Vampires","Colored Powertips","Highlight Path","Hubris","Infinite Spire","Minty Spire (QoL Compilation)","Quick Restart","Rare Cards Sparkle","Relic Sorter","Replay The Spire","StSLib","SuperFastMode","Synergy Search","The Cursed","The Disciple","The Jungle","The Runesmith"],"gold_per_floor":[112,187,78,78,78,78,92,112,112,126,126,126,146,167,167,167,167],"floor_reached":16,"language":"ENG","playtime":966,"items_purged":["Strike_B"],"score":92,"play_id":"8f0d8553-074b-41af-b8e8-0c870dfdfb2b","local_time":"20210117193149","is_ascension_mode":false,"campfire_choices":[{"floor":6,"key":"REST"},{"floor":12,"key":"REST"},{"floor":15,"key":"REST"}],"circlet_count":0,"master_deck":["Strike_B","Strike_B","Strike_B","Defend_B+1","Defend_B","Defend_B","Defend_B+1","Zap","Dualcast","Replay:BasicMightCard+1","Heatsinks+1","Stack","Turbo","FIFO Queue"],"relics":["Cracked Core","Golden Idol","War Paint"],"acts_visited":["Exordium"],"potions_floor_usage":[16],"damage_taken":[{"damage":10,"enemies":"Cultist","floor":1,"turns":4},{"damage":0,"enemies":"Small Slimes","floor":7,"turns":3},{"damage":3,"enemies":"2 Louse","floor":8,"turns":3},{"damage":6,"enemies":"Large Slime","floor":10,"turns":5},{"damage":7,"enemies":"Blue Slaver","floor":13,"turns":3},{"damage":7,"enemies":"Looter","floor":14,"turns":3},{"damage":97,"enemies":"Fading Forest","floor":16,"turns":8}],"seed_played":"146313594578114019","potions_obtained":[{"floor":7,"key":"ColorlessPotion"},{"floor":8,"key":"Milkshake"},{"floor":13,"key":"Venom Potion"}],"is_trial":false,"path_per_floor":["M","?","$","?","?","R","M","M","T","M","?","R","M","M","R","B"],"character_chosen":"DEFECT","items_purchased":["Heatsinks"],"campfire_rested":3,"item_purchase_floors":[3],"current_hp_per_floor":[65,54,54,59,39,63,63,60,60,54,38,62,55,48,72,0,0],"gold":167,"neow_bonus":"RANDOM_COLORLESS","is_daily":false,"chose_seed":false,"campfire_upgraded":0,"win_rate":0.0,"timestamp":1610883109,"path_taken":["M","?","$","?","?","R","M","M","T","M","?","R","M","M","R","BOSS"],"items_purchased_type":["Card"],"build_version":"2020-12-22","purchased_purges":1,"victory":false,"max_hp_per_floor":[75,75,75,80,80,80,80,80,80,80,80,80,80,80,80,80,80],"card_choices":[{"not_picked":["Swift Strike","Deep Breath"],"picked":"Replay:BasicMightCard","floor":0},{"not_picked":["Hologram","Lockon","Compile Driver"],"picked":"SKIP","floor":1},{"not_picked":["Cold Snap","Hologram","ReplayTheSpireMod:Omega Cannon"],"picked":"SKIP","floor":7},{"not_picked":["Beam Cell","Steam"],"picked":"Stack","floor":8},{"not_picked":["Steam Power","aspiration:Polymerization","ReplayTheSpireMod:Calculation Training"],"picked":"SKIP","floor":10},{"not_picked":["Hologram","Sweeping Beam"],"picked":"Turbo","floor":13},{"not_picked":["Chill","Aggregate"],"picked":"FIFO Queue","floor":14}],"player_experience":168143,"relics_obtained":[{"floor":9,"key":"War Paint"}],"event_choices":[{"damage_healed":0,"gold_gain":75,"player_choice":"Gather Gold","damage_taken":11,"max_hp_gain":0,"max_hp_loss":0,"event_name":"World of Goop","floor":2,"gold_loss":0},{"damage_healed":0,"gold_gain":0,"player_choice":"Donut","damage_taken":0,"max_hp_gain":5,"max_hp_loss":0,"event_name":"Big Fish","floor":4,"gold_loss":0},{"damage_healed":0,"gold_gain":0,"player_choice":"Take Damage","damage_taken":20,"relics_obtained":["Golden Idol"],"max_hp_gain":0,"max_hp_loss":0,"event_name":"Golden Idol","floor":5,"gold_loss":0},{"damage_healed":0,"gold_gain":0,"player_choice":"Entered Light","damage_taken":16,"max_hp_gain":0,"max_hp_loss":0,"event_name":"Shining Light","floor":11,"gold_loss":0,"cards_upgraded":["Replay:BasicMightCard","Heatsinks"]}],"is_beta":false,"boss_relics":[],"items_purged_floors":[3],"is_endless":false,"potions_floor_spawned":[7,8,10,13],"killed_by":"Fading Forest","ascension_level":0}}