{"host":"7cp3z5w0tcrrm8ys","time":1610884004,"event":{"mods":["AchievementEnabler","BaseMod","Colored Map","Colored Powertips","DeckTracker","Minty Spire (QoL Compilation)","StSLib","SuperFastMode"],"gold_per_floor":[118,268,281,299,309,309,309,309,334,14,0,0,0,15,15,87,87,65,115,40,54,67,67,87,98,98,98,116,128,128,178,178,178,178],"floor_reached":33,"language":"KOR","playtime":818,"items_purged":[],"score":478,"play_id":"287769c4-937a-4a6c-bb83-6b8962eb050f","local_time":"20210117204644","is_ascension_mode":true,"campfire_choices":[{"data":"Noxious Fumes","floor":6,"key":"SMITH"},{"data":"Deadly Poison","floor":8,"key":"SMITH"},{"floor":13,"key":"DIG"},{"floor":15,"key":"DIG"},{"floor":23,"key":"DIG"},{"floor":30,"key":"DIG"},{"data":"Strike_G","floor":32,"key":"PURGE"}],"circlet_count":0,"master_deck":["AscendersBane","Strike_G","Strike_G","Strike_G","Defend_G","Defend_G","Defend_G","Defend_G","Defend_G","Survivor","Neutralize","Deadly Poison+1","Leg Sweep","Calculated Gamble","Noxious Fumes+1","Quick Slash","Die Die Die","Bouncing Flask","Malaise","PiercingWail","Catalyst","Escape Plan"],"relics":["Ring of the Snake","NeowsBlessing","Juzu Bracelet","Shovel","Happy Flower","Bronze Scales","Fusion Hammer","White Beast Statue","Letter Opener","Peace Pipe"],"acts_visited":["Exordium","TheCity"],"potions_floor_usage":[5,16,18,24,28,29,33],"damage_taken":[{"damage":0,"enemies":"2 Louse","floor":1,"turns":1},{"damage":0,"enemies":"Cultist","floor":3,"turns":1},{"damage":0,"enemies":"Jaw Worm","floor":4,"turns":1},{"damage":3,"enemies":"Lots of Slimes","floor":5,"turns":10},{"damage":3,"enemies":"Looter","floor":11,"turns":4},{"damage":0,"enemies":"Blue Slaver","floor":14,"turns":5},{"damage":18,"enemies":"Hexaghost","floor":16,"turns":9},{"damage":0,"enemies":"2 Thieves","floor":18,"turns":4},{"damage":8,"enemies":"Shell Parasite","floor":21,"turns":5},{"damage":31,"enemies":"Cultist and Chosen","floor":22,"turns":4},{"damage":2,"enemies":"Snake Plant","floor":24,"turns":5},{"damage":13,"enemies":"Snecko","floor":25,"turns":4},{"damage":4,"enemies":"Sentry and Sphere","floor":28,"turns":5},{"damage":4,"enemies":"Snake Plant","floor":29,"turns":4},{"damage":35,"enemies":"Collector","floor":33,"turns":3}],"seed_played":"1324707438617691293","potions_obtained":[{"floor":3,"key":"Poison Potion"},{"floor":4,"key":"Energy Potion"},{"floor":16,"key":"EssenceOfSteel"},{"floor":22,"key":"Ancient Potion"},{"floor":24,"key":"FairyPotion"},{"floor":25,"key":"EssenceOfSteel"},{"floor":28,"key":"FearPotion"},{"floor":29,"key":"DistilledChaos"}],"is_trial":false,"path_per_floor":["M","?","M","M","M","R","?","R","T","$","M","?","R","M","R","B",null,"M","?","?","M","M","R","M","M","T","?","M","M","R","?","R","B"],"character_chosen":"THE_SILENT","items_purchased":["Shovel"],"campfire_rested":0,"item_purchase_floors":[10],"current_hp_per_floor":[59,59,59,59,56,56,56,56,56,56,53,58,58,58,58,40,63,63,63,63,55,24,24,22,9,9,9,5,1,1,1,1,0,0],"gold":178,"neow_bonus":"THREE_ENEMY_KILL","is_daily":false,"chose_seed":false,"campfire_upgraded":2,"win_rate":0.0,"timestamp":1610884004,"path_taken":["M","?","M","M","M","R","?","R","T","$","M","?","R","M","R","BOSS","M","?","?","M","M","R","M","M","T","?","M","M","R","?","R","BOSS"],"items_purchased_type":["Relic"],"build_version":"2020-12-22","purchased_purges":0,"victory":false,"max_hp_per_floor":[66,66,66,66,66,66,66,66,66,66,66,71,71,71,71,71,71,71,71,71,71,71,71,71,71,71,71,71,71,71,71,71,71,71],"card_choices":[{"not_picked":["Dodge and Roll","Footwork"],"picked":"Deadly Poison","floor":1},{"not_picked":["Finisher","Prepared"],"picked":"Leg Sweep","floor":3},{"not_picked":["Concentrate","Slice"],"picked":"Calculated Gamble","floor":4},{"not_picked":["Prepared","Sucker Punch"],"picked":"Noxious Fumes","floor":5},{"not_picked":["Masterful Stab","Prepared"],"picked":"Die Die Die","floor":11},{"not_picked":["Dagger Throw","Deadly Poison"],"picked":"Bouncing Flask","floor":14},{"not_picked":["Glass Knife","Die Die Die"],"picked":"Malaise","floor":16},{"not_picked":["Cloak And Dagger","Dodge and Roll"],"picked":"PiercingWail","floor":18},{"not_picked":["Escape Plan","Acrobatics"],"picked":"Catalyst","floor":21},{"not_picked":["Eviscerate","Concentrate","Blade Dance"],"picked":"SKIP","floor":22},{"not_picked":["Sucker Punch","Eviscerate","Flechettes+1"],"picked":"SKIP","floor":24},{"not_picked":["Acrobatics","Outmaneuver","Prepared"],"picked":"SKIP","floor":25},{"not_picked":["PiercingWail","Cloak And Dagger","Flying Knee"],"picked":"SKIP","floor":28},{"not_picked":["Cloak And Dagger","Flying Knee"],"picked":"Escape Plan","floor":29}],"player_experience":799748,"relics_obtained":[{"floor":9,"key":"Juzu Bracelet"},{"floor":13,"key":"Happy Flower"},{"floor":15,"key":"Bronze Scales"},{"floor":23,"key":"White Beast Statue"},{"floor":26,"key":"Letter Opener"},{"floor":30,"key":"Peace Pipe"}],"event_choices":[{"damage_healed":0,"gold_gain":150,"player_choice":"AGREE","damage_taken":0,"max_hp_gain":0,"max_hp_loss":0,"event_name":"Liars Game","floor":2,"gold_loss":0,"cards_obtained":["Doubt"]},{"damage_healed":0,"gold_gain":0,"cards_transformed":["Strike_G"],"player_choice":"Transformed","damage_taken":0,"max_hp_gain":0,"max_hp_loss":0,"event_name":"Transmorgrifier","floor":7,"gold_loss":0,"cards_obtained":["Quick Slash"]},{"damage_healed":0,"gold_gain":0,"player_choice":"Donut","damage_taken":0,"max_hp_gain":5,"max_hp_loss":0,"event_name":"Big Fish","floor":12,"gold_loss":0},{"damage_healed":0,"gold_gain":50,"player_choice":"Pray","damage_taken":0,"max_hp_gain":0,"max_hp_loss":0,"event_name":"Golden Shrine","floor":19,"gold_loss":0},{"cards_removed":["Doubt"],"damage_healed":0,"gold_gain":0,"player_choice":"Gave Gold","damage_taken":0,"max_hp_gain":0,"max_hp_loss":0,"event_name":"Beggar","floor":20,"gold_loss":75},{"damage_healed":0,"gold_gain":0,"player_choice":"Ignored","damage_taken":0,"max_hp_gain":0,"max_hp_loss":0,"event_name":"Vampires","floor":27,"gold_loss":0},{"damage_healed":0,"gold_gain":50,"player_choice":"Stole From Cult","damage_taken":0,"max_hp_gain":0,"max_hp_loss":0,"event_name":"Nest","floor":31,"gold_loss":0}],"is_beta":false,"boss_relics":[{"not_picked":["Calling Bell","Runic Dome"],"picked":"Fusion Hammer"}],"items_purged_floors":[],"is_endless":false,"potions_floor_spawned":[3,4,16,22,24,25,28,29],"killed_by":"Collector","ascension_level":20}}