{"host":"nsdbrg7hteyud0j4","time":1610926613,"event":{"mods":["2.2 Compatiblity","Astrologer","BaseMod","Beaked The Cultist","Better Third Choice","Conspire","Custom Start","Hubris","Infinite Spire","Marisa????????","Minty Spire (QoL Compilation)","Rare Cards Sparkle","Replay The Spire","StSLib","The Cursed","The Mystic","The Necromancer","The Servant 0.9.4"],"gold_per_floor":[114,114,33,50,62,15,45,65,115,115,141,141,161,181,181,285,285,298,223,223,243,272,272,288,288,342,342,342],"floor_reached":27,"language":"ENG","playtime":1653,"items_purged":[],"score":256,"play_id":"8140bedd-8a06-4cbd-86a9-8ca6927deaf5","local_time":"20210117173653","is_ascension_mode":true,"campfire_choices":[{"floor":10.0,"key":"REST"},{"floor":12.0,"key":"REST"},{"floor":23.0,"key":"REST"}],"circlet_count":1,"master_deck":["Strike_G+1","Strike_G","Strike_G","Defend_G","Defend_G","Defend_G","Defend_G","Survivor","Neutralize","Footwork","Deadly Poison","Footwork","Poisoned Stab","Dagger Spray","Sucker Punch","Backflip","All Out Attack","A Thousand Cuts","Poisoned Stab+1","Catalyst+1","A Thousand Cuts+1","ReplayTheSpireMod:Tripwire","A Thousand Cuts","Deadly Poison","Blur+1","Outmaneuver"],"relics":["Ring of the Snake","NeowsBlessing","Replay:Bottled Flurry","Smiling Mask","Circlet","Mummified Hand","Astrolabe","Red Mask","Pen Nib"],"acts_visited":["Exordium","TheCity"],"potions_floor_usage":[27],"damage_taken":[{"damage":0.0,"enemies":"Jaw Worm","floor":1.0,"turns":1.0},{"damage":0.0,"enemies":"Cultist","floor":4.0,"turns":1.0},{"damage":0.0,"enemies":"Small Slimes","floor":5.0,"turns":1.0},{"damage":45.0,"enemies":"Gremlin Nob","floor":7.0,"turns":5.0},{"damage":12.0,"enemies":"3 Louse","floor":8.0,"turns":4.0},{"damage":35.0,"enemies":"3 Sentries","floor":11.0,"turns":10.0},{"damage":21.0,"enemies":"Large Slime","floor":13.0,"turns":6.0},{"damage":6.0,"enemies":"Red Slaver","floor":14.0,"turns":4.0},{"damage":33.0,"enemies":"Fading Forest","floor":16.0,"turns":11.0},{"damage":9.0,"enemies":"Spheric Guardian","floor":18.0,"turns":4.0},{"damage":31.0,"enemies":"conspire:FuzzyDice","floor":21.0,"turns":5.0},{"damage":22.0,"enemies":"Masked Bandits","floor":22.0,"turns":4.0},{"damage":11.0,"enemies":"conspire:HollyBat","floor":24.0,"turns":8.0},{"damage":33,"enemies":"Sentry and Sphere","floor":27,"turns":5}],"seed_played":"6490239577021467466","potions_obtained":[{"floor":7.0,"key":"Elixir"},{"floor":13.0,"key":"Dexterity Potion"},{"floor":14.0,"key":"Fire Potion"},{"floor":22.0,"key":"Energy Potion"},{"floor":24.0,"key":"LiquidBronze"}],"is_trial":false,"path_per_floor":["M","?","$","M","M","$","E","M","T","R","E","R","M","M","R","B",null,"M","?","?","M","?","R","M","?","T","M"],"character_chosen":"THE_SILENT","items_purchased":["Footwork","Poisoned Stab"],"campfire_rested":3,"item_purchase_floors":[3,6],"current_hp_per_floor":[70,70,70,70,70,70,25,13,13,34,14,35,29,23,23,13,70,61,61,61,30,8,29,33,33,33,0,0],"gold":342,"neow_bonus":"THREE_ENEMY_KILL","is_daily":false,"chose_seed":false,"campfire_upgraded":0,"win_rate":0.0,"timestamp":1610926613,"path_taken":["M","?","$","M","?","$","E","M","T","R","E","R","M","M","R","BOSS","M","?","?","?","?","R","M","?","T","M"],"items_purchased_type":["Card","Card"],"build_version":"2020-12-22","purchased_purges":0,"victory":false,"max_hp_per_floor":[70,70,70,70,70,70,70,70,70,70,70,70,70,70,70,70,70,70,70,70,70,70,70,70,70,70,70,70],"card_choices":[{"not_picked":["Finisher","Caltrops"],"picked":"Deflect","floor":1.0},{"not_picked":["Bane","Fluid Movement"],"picked":"Deadly Poison","floor":4.0},{"not_picked":["Expertise","Bane"],"picked":"Footwork","floor":5.0},{"not_picked":["Doppelganger","Deadly Poison"],"picked":"Dagger Spray","floor":7.0},{"not_picked":["Prepared","Grand Finale"],"picked":"hubris:SlightOfHand","floor":8.0},{"not_picked":["Reflex","Prepared"],"picked":"Sucker Punch","floor":11.0},{"not_picked":["ReplayTheSpireMod:Exploit Weakness","Accuracy"],"picked":"Backflip","floor":13.0},{"not_picked":["Replay:Poison Smokescreen","Eviscerate"],"picked":"All Out Attack","floor":14.0},{"not_picked":["Atom Bomb","ReplayTheSpireMod:From All Sides"],"picked":"A Thousand Cuts","floor":16.0},{"not_picked":["Blade Dance+1","Skewer"],"picked":"ReplayTheSpireMod:Tripwire","floor":18.0},{"not_picked":["Deflect","Bane"],"picked":"Deadly Poison","floor":21.0},{"not_picked":["Dagger Throw","Underhanded Strike"],"picked":"Blur+1","floor":22.0},{"not_picked":["Bouncing Flask","Deflect"],"picked":"Outmaneuver","floor":24.0}],"player_experience":562412,"relics_obtained":[{"floor":7.0,"key":"Dead Branch"},{"floor":9.0,"key":"Smiling Mask"},{"floor":11.0,"key":"Mummified Hand"},{"floor":22.0,"key":"Red Mask"},{"floor":26.0,"key":"Pen Nib"}],"event_choices":[{"cards_removed":["Deflect"],"damage_healed":0.0,"max_hp_gain":0.0,"max_hp_loss":0.0,"gold_gain":0.0,"event_name":"WeMeetAgain","player_choice":"Gave Card","floor":2.0,"gold_loss":0.0,"damage_taken":0.0,"relics_obtained":["Replay:Bottled Flurry"]},{"cards_removed":["Strike_G"],"damage_healed":0.0,"max_hp_gain":0.0,"max_hp_loss":0.0,"gold_gain":0.0,"event_name":"Beggar","player_choice":"Gave Gold","floor":19.0,"gold_loss":75.0,"damage_taken":0.0},{"damage_healed":0.0,"max_hp_gain":0.0,"max_hp_loss":0.0,"gold_gain":0.0,"event_name":"Duplicator","player_choice":"Copied","floor":20.0,"gold_loss":0.0,"damage_taken":0.0,"cards_obtained":["A Thousand Cuts"]},{"damage_healed":0.0,"max_hp_gain":0.0,"max_hp_loss":0.0,"gold_gain":0.0,"event_name":"Masked Bandits","player_choice":"Fought Bandits","floor":22.0,"gold_loss":0.0,"damage_taken":0.0},{"damage_healed":0.0,"max_hp_gain":0.0,"max_hp_loss":0.0,"gold_gain":0.0,"event_name":"Vampires","player_choice":"Ignored","floor":25.0,"gold_loss":0.0,"damage_taken":0.0}],"is_beta":false,"boss_relics":[{"not_picked":["ReplayTheSpireMod:DimensionalGlitch","hubris:HollowSoul"],"picked":"Astrolabe"}],"items_purged_floors":[],"is_endless":false,"potions_floor_spawned":[7,13,14,22,24],"killed_by":"Sentry and Sphere","ascension_level":3}}