{"host":"KYO","time":1610880514,"event":{"mods":["ATMod(°¢èªMod)","BaseMod","Minty Spire (QoL Compilation)","Permanent Neow","Replay The Spire","Shop Mod","StSLib","SuperFastMode","[IsaacMod]ÒÔÈö¼âËþ","¡¾ÒÅÎï¿¨ÅÆ¡¿REMEMod"],"gold_per_floor":[130,148,248,271,351,424,424,451,451,486,486,525,525,887,887,922,922],"floor_reached":16,"language":"ZHS","playtime":795,"items_purged":[],"score":256,"play_id":"6f47b921-b6cf-4d76-96eb-0cfdf06b153a","local_time":"20210117184834","is_ascension_mode":true,"campfire_choices":[{"data":"AT_ShrugMaster","floor":7.0,"key":"SMITH"},{"data":"AT_FamilyPortrait","floor":11,"key":"SMITH"},{"data":"Replay:Undeath\u0027s Touch","floor":15,"key":"SMITH"}],"circlet_count":0,"master_deck":["AscendersBane","Strike_R","Strike_R","Strike_R","Strike_R","Strike_R","Defend_R","Defend_R","Defend_R","Defend_R","Bash","AT_FamilyPortrait+1","AT_ShrugMaster+1","Replay:Undeath\u0027s Touch+1","Bludgeon","Regret"],"relics":["Burning Blood","HushsDoor","AT_ATBox","REME_ComplimentaryCards","SalivaCoin","REME_LimitBreaker","Mirror","Singing Bowl","Strawberry","AT_TheCollector","Toy Ornithopter"],"acts_visited":["Exordium"],"potions_floor_usage":[10,16],"damage_taken":[{"damage":8.0,"enemies":"2 Louse","floor":1.0,"turns":3.0},{"damage":1.0,"enemies":"Cultist","floor":2.0,"turns":4.0},{"damage":10.0,"enemies":"Small Slimes","floor":4.0,"turns":4.0},{"damage":26.0,"enemies":"3 Sentries","floor":6.0,"turns":10.0},{"damage":8.0,"enemies":"Blue Slaver","floor":8.0,"turns":4.0},{"damage":3,"enemies":"Gremlin Nob","floor":10,"turns":3},{"damage":24,"enemies":"Lagavulin","floor":12,"turns":5},{"damage":15,"enemies":"3 Sentries","floor":14,"turns":7},{"damage":20,"enemies":"Fading Forest","floor":16,"turns":7}],"seed_played":"3278534025751312418","potions_obtained":[{"floor":2.0,"key":"SteroidPotion"},{"floor":12,"key":"SteroidPotion"},{"floor":14,"key":"ColorlessPotion"}],"is_trial":false,"path_per_floor":["M","M","?","M","?","E","R","M","T","E","R","E","?","E","R","B"],"character_chosen":"IRONCLAD","items_purchased":[],"campfire_rested":0,"item_purchase_floors":[],"current_hp_per_floor":[66,71,71,67,52,32,32,30,30,35,35,26,26,19,19,4,4],"gold":922,"neow_bonus":"THREE_CARDS","is_daily":false,"chose_seed":false,"campfire_upgraded":3,"win_rate":0.0,"timestamp":1610880514,"path_taken":["M","M","?","?","?","E","R","M","T","E","R","E","?","E","R","BOSS"],"items_purchased_type":[],"build_version":"2020-12-18","purchased_purges":0,"victory":false,"max_hp_per_floor":[75,75,75,75,75,75,75,75,75,77,77,86,86,88,88,88,88],"card_choices":[{"not_picked":["Clothesline","Sword Boomerang"],"picked":"Replay:Undeath\u0027s Touch","floor":0.0},{"not_picked":["Clash","REME_Cut","Disarm"],"picked":"SKIP","floor":1.0},{"not_picked":["Life Link","Shrug It Off","Run Through"],"picked":"SKIP","floor":2.0},{"not_picked":["Feel No Pain","AT_DiedThrough"],"picked":"Bludgeon","floor":4.0},{"not_picked":["Perfected Strike","Iron Wave","Dark Embrace"],"picked":"SKIP","floor":6.0},{"not_picked":["Clash","ReplayTheSpireMod:Strike From Hell","Intimidate"],"picked":"SKIP","floor":8.0},{"not_picked":["Shockwave","Fire Breathing","Run Through"],"picked":"Singing Bowl","floor":10},{"not_picked":["Power Through","Evolve","Armaments"],"picked":"Singing Bowl","floor":12},{"not_picked":["Pommel Strike","Brutality","AT_IchimonjiDouble"],"picked":"Singing Bowl","floor":14}],"player_experience":616871,"relics_obtained":[{"floor":6.0,"key":"REME_LimitBreaker"},{"floor":9.0,"key":"Mirror"},{"floor":10,"key":"Singing Bowl"},{"floor":12,"key":"Strawberry"},{"floor":14,"key":"Toy Ornithopter"}],"event_choices":[{"damage_healed":0.0,"max_hp_gain":0.0,"max_hp_loss":0.0,"gold_gain":100.0,"event_name":"Wheel of Change","player_choice":"Gold","floor":3.0,"gold_loss":0.0,"damage_taken":0.0},{"damage_healed":0,"gold_gain":0,"player_choice":"Box","damage_taken":0,"relics_obtained":["AT_TheCollector"],"max_hp_gain":0,"max_hp_loss":0,"event_name":"Big Fish","floor":13,"gold_loss":0,"cards_obtained":["Regret"]}],"is_beta":true,"boss_relics":[],"items_purged_floors":[],"is_endless":false,"potions_floor_spawned":[2,12,14],"killed_by":"Fading Forest","ascension_level":20}}