{"host":"qjjo2tl9lbhe5pjm","time":1610863316,"event":{"mods":["Act Like it!","Aspiration","BaseMod","Better Third Choice","BetterRewards","Challenge The Spire","Conspire","Energized Spire","GifTheSpireLib","Halation","HexUI Lib","Hubris","Infinite Spire","Minty Spire (QoL Compilation)","Pale of the Ancients","Replay The Spire","Shop Mod","StSLib","Stuff the Spire","SuperFastMode","Synergy Search","The Jungle"],"gold_per_floor":[114,114,114,129,144,174,174,190,190,190,127,142,46,76,76,176,176,191,191,206,106,106,136,136,166,166,166,181,196,226,59,59,159,159,174,174,174,24,39,54,84,99,158,167,173,173,73,88,88,206,306,321,336,345,400,400,400,400,125,125,225,225,234,284,293,293,195,213,213,233,258,282,294,304,328,337,337,668,668,675,675,675,675,450,450,524,535,535,535,556,567,594,601,601,700,700,714,714,722,722,736,760,774,799,799,825,825,836,861,952,952,1041,1041,1044,1054,1128,906,906,917,917,432,432,524,524,524,524],"floor_reached":125,"language":"ENG","playtime":4038,"items_purged":["Defend_P","Steam","Amplify","Defend_P+1","Vigilance+1","Adaptation+1"],"score":3837,"play_id":"07ce196c-7f3e-4f93-827d-a185fc23f980","local_time":"20210117000156","daily_mods":["Cursed Run","Vintage","Lethality"],"is_ascension_mode":false,"campfire_choices":[{"data":"Eruption","floor":7.0,"key":"SMITH"},{"data":"Halt","floor":10.0,"key":"SMITH"},{"data":"LessonLearned","floor":15.0,"key":"SMITH"},{"floor":24.0,"key":"REST"},{"floor":27.0,"key":"REST"},{"data":"Replay:AllIn","floor":32.0,"key":"SMITH"},{"data":"infinitespire:SevenWalls","floor":46.0,"key":"SMITH"},{"data":"Omniscience","floor":49.0,"key":"SMITH"},{"data":"StuffTheSpire:Brawn","floor":56.0,"key":"SMITH"},{"data":"infinitespire:Oblivion","floor":58.0,"key":"SMITH"},{"data":"hubris:Fate","floor":69.0,"key":"SMITH"},{"data":"ReplayTheSpireMod:Faulty Equipment","floor":77.0,"key":"SMITH"},{"floor":94.0,"key":"DIG"},{"data":"Scrawl","floor":107.0,"key":"SMITH"},{"floor":111.0,"key":"DIG"},{"data":"hubris:Fate+1","floor":118.0,"key":"SMITH"},{"data":"infinitespire:Menacing","floor":120.0,"key":"SMITH"}],"circlet_count":1,"master_deck":["Strike_P+1","Strike_P","Strike_P","Eruption+1","ForeignInfluence+1","CommonCold","FlurryOfBlows+1","LessonLearned+1","Replay:BluntJabs+1","conspire:Blindness","Replay:AllIn+1","FlurryOfBlows","Master of Strategy+1","Wallop","FlurryOfBlows+1","Spreading Infection","ReplayTheSpireMod:Private Reserves","hubris:EnhanceAbility+1","Writhe","Omniscience+1","hubris:Lust","infinitespire:SevenWalls+1","hubris:Lust","Scrawl+1","StuffTheSpire:Brawn+1","Writhe","infinitespire:SevenWalls+1","infinitespire:Gouge","hubris:Fate+2","StuffTheSpire:CleanHardDrive","infinitespire:Menacing","ReplayTheSpireMod:Omega Cannon+1","All For One+1","Writhe","Languid","DeusExMachina+1","Sickly","Scrawl+1","Writhe","hubris:Sloth","infinitespire:Menacing+1","Writhe","Doubt","ConjureBlade+1","Regret","Buffer+1","FlyingSleeves+1","Midas Touch+1","ReplayTheSpireMod:Private Reserves+1","Core Surge+1","Pot Of Greed","Pot Of Greed","Pot Of Greed","Pot Of Greed","Pot Of Greed","Secret Weapon+1","ReplayTheSpireMod:IOU"],"relics":["Cursed Key","Darkstone Periapt","Du-Vu Doll","StuffTheSpire:Gunfinga","MerchantsRug","Black Star","Pantograph","MealTicket","Akabeko","Frozen Egg 2","hubris:MobiusCoin","infinitespire:ShieldingShard","Gambling Chip","Gremlin Horn","aspiration:DefectSkillbook","Onion Ring","hubris:Icosahedron","Bag of Preparation","StuffTheSpire:OldFever","Replay:Wax Seal","Vajra","hubris:ToyBattleship","aspiration:ChemicalBlood","hubris:TerracottaHorce","paleoftheancients:Timepiece","Meat on the Bone","paleoftheancients:SoulOfTheWatcher","Blue Candle","Letter Opener","War Paint","Membership Card","conspire:Dentures","hubris:Backtick","DollysMirror","Centennial Puzzle","Blood Vial","betterThird:SlimedRelic","Anchor","hubris:Reverence","Durian","aspiration:SeaSaltIceCream","infinitespire:Golems Mask","ReplayTheSpireMod:TigerMarble","StuffTheSpire:Experiment12","Garlic","Omamori","halation:IllGainedPizza","Strawberry","StuffTheSpire:SapphireSignet","Oddly Smooth Stone","StuffTheSpire:Kangaroo","Bag of Marbles","Ring of Misfortune","ReplayTheSpireMod:Ring of Exchange","Pen Nib","hubris:TenFootPole","Shovel","Smiling Mask","infinitespire:BottledMercury","Nunchaku","Mirror","theJungle:SpiritDisease","aspiration:FaultyCoupler","infinitespire:Satchel","Molten Egg 2","Ancient Tea Set","Orichalcum","Matryoshka","aspiration:HummingbirdHeart","Replay:Grab Bag","Replay:Bronze Core","energizedSpire:DeadBattery","VioletLotus","aspiration:StickyExplosives_weak","infinitespire:Lucky Rock","halation:PurpleSoulGem","hubris:SphereOfDissonance","Toy Ornithopter","Replay:Ringing Soul","conspire:TopHat","InkBottle","Damaru","Iron Hammer","Spirit Poop","infinitespire:Bottled Soul","StuffTheSpire:RubySignet","Juzu Bracelet","halation:AfternoonTea","conspire:InfiniteJournal","Calipers","Golden Egg","Guide Book","CultistMask","Circlet","infinitespire:PuzzleCube","StuffTheSpire:Nightcore","CloakClasp","aspiration:Nostalgia","Burning Blood","Grinning Jar","hubris:Metronome","hubris:EmptyBottle","Peace Pipe","aspiration:RitualDagger"],"acts_visited":["Exordium","TheCity","TheBeyond","TheBeyond","Exordium","TheBeyond","TheBeyond"],"potions_floor_usage":[],"damage_taken":[{"damage":0.0,"enemies":"Cultist","floor":1.0,"turns":2.0},{"damage":0.0,"enemies":"Jaw Worm","floor":4.0,"turns":1.0},{"damage":0.0,"enemies":"2 Louse","floor":5.0,"turns":1.0},{"damage":0.0,"enemies":"Lagavulin","floor":6.0,"turns":2.0},{"damage":0.0,"enemies":"Blue Slaver","floor":8.0,"turns":1.0},{"damage":0.0,"enemies":"Exordium Thugs","floor":12.0,"turns":2.0},{"damage":4.0,"enemies":"Replay:BlueRogue","floor":14.0,"turns":2.0},{"damage":0.0,"enemies":"Fading Forest","floor":16.0,"turns":11.0},{"damage":0.0,"enemies":"Spheric Guardian","floor":18.0,"turns":1.0},{"damage":26.0,"enemies":"2 Thieves","floor":20.0,"turns":2.0},{"damage":48.0,"enemies":"Nightmare","floor":23.0,"turns":3.0},{"damage":32.0,"enemies":"Replay:Snechameleon","floor":25.0,"turns":3.0},{"damage":7.0,"enemies":"conspire:HollyBat","floor":28.0,"turns":4.0},{"damage":0.0,"enemies":"Snecko","floor":29.0,"turns":2.0},{"damage":0.0,"enemies":"Gremlin Leader","floor":30.0,"turns":1.0},{"damage":31.0,"enemies":"Automaton","floor":33.0,"turns":4.0},{"damage":0.0,"enemies":"Orb Walker","floor":35.0,"turns":1.0},{"damage":0.0,"enemies":"3 Shapes","floor":39.0,"turns":1.0},{"damage":0.0,"enemies":"3 Darklings","floor":40.0,"turns":1.0},{"damage":24.0,"enemies":"Giant Head","floor":41.0,"turns":3.0},{"damage":0.0,"enemies":"Spire Growth","floor":42.0,"turns":2.0},{"damage":0.0,"enemies":"conspire:MimicChest","floor":45.0,"turns":2.0},{"damage":0.0,"enemies":"4 Shapes","floor":48.0,"turns":1.0},{"damage":0.0,"enemies":"Replay:Hell Engine","floor":50.0,"turns":3.0},{"damage":4.0,"enemies":"Replay:Hell Engine","floor":52.0,"turns":7.0},{"damage":59.0,"enemies":"Replay:Hell Engine","floor":53.0,"turns":3.0},{"damage":145.0,"enemies":"Replay:Hell Engine","floor":57.0,"turns":6.0},{"damage":1.0,"enemies":"paleoftheancients:N","floor":61.0,"turns":5.0},{"damage":0.0,"enemies":"Jaw Worm","floor":63.0,"turns":1.0},{"damage":0.0,"enemies":"Cultist","floor":65.0,"turns":1.0},{"damage":9.0,"enemies":"Nightmare","floor":68.0,"turns":1.0},{"damage":0.0,"enemies":"Gremlin Nob","floor":70.0,"turns":1.0},{"damage":0.0,"enemies":"Lagavulin","floor":72.0,"turns":1.0},{"damage":0.0,"enemies":"2 Louse","floor":73.0,"turns":1.0},{"damage":0.0,"enemies":"Exordium Thugs","floor":74.0,"turns":1.0},{"damage":0.0,"enemies":"Gremlin Nob","floor":75.0,"turns":2.0},{"damage":0.0,"enemies":"Blue Slaver","floor":76.0,"turns":1.0},{"damage":0.0,"enemies":"Fading Forest","floor":78.0,"turns":2.0},{"damage":0.0,"enemies":"theJungle:GiantWrat","floor":80.0,"turns":1.0},{"damage":0.0,"enemies":"theJungle:MamaSnecko","floor":86.0,"turns":1.0},{"damage":0.0,"enemies":"theJungle:MUSHROOMGANG","floor":87.0,"turns":1.0},{"damage":0.0,"enemies":"theJungle:2_Phrogs","floor":90.0,"turns":2.0},{"damage":0.0,"enemies":"theJungle:JungleHuntersEncounter","floor":91.0,"turns":1.0},{"damage":0.0,"enemies":"theJungle:MamaSnecko","floor":92.0,"turns":1.0},{"damage":0.0,"enemies":"theJungle:2_Snecko_Cultists","floor":93.0,"turns":1.0},{"damage":0.0,"enemies":"theJungle:FunGuy","floor":95.0,"turns":1.0},{"damage":0.0,"enemies":"3 Shapes","floor":97.0,"turns":1.0},{"damage":0.0,"enemies":"Orb Walker","floor":99.0,"turns":1.0},{"damage":0.0,"enemies":"Jaw Worm Horde","floor":101.0,"turns":1.0},{"damage":0.0,"enemies":"Giant Head","floor":102.0,"turns":1.0},{"damage":0.0,"enemies":"Maw","floor":103.0,"turns":1.0},{"damage":0.0,"enemies":"R_Hoarder","floor":104.0,"turns":1.0},{"damage":0.0,"enemies":"Giant Head","floor":106.0,"turns":1.0},{"damage":0.0,"enemies":"Writhing Mass","floor":108.0,"turns":1.0},{"damage":0.0,"enemies":"Reptomancer","floor":109.0,"turns":1.0},{"damage":0.0,"enemies":"infinitespire:Three Voidlings","floor":110.0,"turns":1.0},{"damage":7.0,"enemies":"Nightmare_Alpha","floor":110.0,"turns":2.0},{"damage":0.0,"enemies":"Awakened One","floor":112.0,"turns":2.0},{"damage":0.0,"enemies":"Awakened One","floor":114.0,"turns":2.0},{"damage":0.0,"enemies":"Awakened One","floor":115.0,"turns":1.0},{"damage":0.0,"enemies":"Awakened One","floor":119.0,"turns":1.0},{"damage":0.0,"enemies":"paleoftheancients:N","floor":123.0,"turns":2.0},{"damage":0,"enemies":"2 Louse","floor":125,"turns":1}],"seed_played":"-4624312993155624390","potions_obtained":[{"floor":4.0,"key":"Flashbang"},{"floor":5.0,"key":"AttackPotion"},{"floor":6.0,"key":"DuplicationPotion"},{"floor":16.0,"key":"Weak Potion"},{"floor":18.0,"key":"StancePotion"},{"floor":20.0,"key":"DistilledChaos"},{"floor":30.0,"key":"Weak Potion"},{"floor":33.0,"key":"LiquidMemories"},{"floor":40.0,"key":"BottledMiracle"},{"floor":45.0,"key":"EssenceOfSteel"},{"floor":50.0,"key":"Languid Potion"},{"floor":52.0,"key":"Block Potion"},{"floor":57.0,"key":"Regen Potion"},{"floor":57.0,"key":"BottledMiracle"},{"floor":63.0,"key":"ColorlessPotion"},{"floor":70.0,"key":"SteroidPotion"},{"floor":73.0,"key":"Block Potion"},{"floor":80.0,"key":"Doom Potion"},{"floor":91.0,"key":"LifebloodPotion"},{"floor":110.0,"key":"Strength Potion"}],"is_trial":false,"path_per_floor":["M","?","?","M","M","E","R","M","T","R","$","M","$","E","R","B",null,"M","AVR","M","$","?","NM","R","E","T","R","M","M","E","$","R","B",null,"M","?","?","$","M","M","E","M","T","AVR","?","R","$","M","R","B",null,"M","M","?","$","R","M","R","$","?","B",null,"M","?","M","?","$","NM","R","E","T","E","M","M","E","M","R","B",null,"M","?","?","?","$","?","E","M","T","?","E","M","E","M","R","B",null,"M","?","M","?","M","E","M","E","T","E","R","M","E","?","R","B",null,"M","M","?","$","R","M","R","$","?","B",null,"M"],"character_chosen":"WATCHER","items_purchased":["MerchantsRug","FlurryOfBlows","LessonLearned","FlurryOfBlows","Master of Strategy","ReplayTheSpireMod:Private Reserves","hubris:EnhanceAbility+1","Bag of Preparation","War Paint","Membership Card","conspire:Dentures","StuffTheSpire:CleanHardDrive","Pen Nib","hubris:TenFootPole","aspiration:Nostalgia","Buffer+1","FlyingSleeves+1","Midas Touch","ReplayTheSpireMod:Private Reserves","Core Surge+1","hubris:Metronome","hubris:EmptyBottle","Peace Pipe","Secret Weapon"],"campfire_rested":2,"item_purchase_floors":[11,11,13,21,21,31,31,38,55,59,59,67,84,84,117,117,117,117,117,117,121,121,121,121],"current_hp_per_floor":[72,72,58,58,58,58,58,58,64,64,64,64,64,60,60,84,84,84,84,58,58,58,10,35,3,9,36,29,36,36,51,51,51,103,103,103,103,103,103,103,79,81,87,87,89,89,104,106,106,115,120,118,91,91,106,106,120,120,120,120,126,126,126,97,97,86,101,94,94,101,107,109,111,113,122,124,124,144,144,144,144,144,144,144,150,150,150,156,156,156,156,156,156,156,162,162,162,168,168,168,168,168,168,168,177,177,177,177,177,186,186,195,204,204,204,213,216,216,219,219,222,222,231,231,231,231],"gold":524,"neow_bonus":"","is_daily":true,"chose_seed":false,"campfire_upgraded":13,"win_rate":0.0,"timestamp":1610863316,"path_taken":["M","?","?","M","M","E","R","M","T","R","$","M","?","E","R","BOSS","M","AVR","M","$","?","NM","R","E","T","R","M","M","E","?","R","BOSS","M","?","?","$","?","M","E","M","T","AVR","?","R","?","M","R","BOSS","M","M","?","$","R","M","R","$","?","BOSS","M","?","M","?","?","NM","R","E","T","E","M","?","E","M","R","BOSS","M","?","?","?","$","?","E","M","T","?","E","M","E","?","R","BOSS","M","?","M","?","M","E","M","E","T","E","R","M","E","?","R","BOSS","M","M","?","$","R","M","R","$","?","BOSS","M"],"items_purchased_type":["Relic","Card","Card","Card","Card","Card","Card","Relic","Relic","Relic","Relic","Card","Relic","Relic","Relic","Card","Card","Card","Card","Card","Relic","Relic","Relic","Card"],"build_version":"2020-12-22","purchased_purges":6,"victory":false,"max_hp_per_floor":[72,72,72,72,72,72,72,72,78,78,78,78,78,78,78,84,84,84,84,84,84,84,84,84,84,90,90,90,97,97,97,97,103,103,103,103,103,103,103,103,103,103,109,109,109,109,109,109,109,115,120,120,120,120,120,120,120,120,120,120,126,126,126,126,126,126,126,126,126,131,137,137,137,137,144,144,144,144,144,144,144,144,144,144,150,150,150,156,156,156,156,156,156,156,162,162,162,168,168,168,168,168,168,168,177,177,177,177,177,186,186,195,204,204,204,213,216,216,219,219,222,222,231,231,231,231],"card_choices":[{"not_picked":["WheelKick","Study"],"picked":"Halt","floor":6.0},{"not_picked":["Swivel","Replay:AtTheReady"],"picked":"Replay:BluntJabs","floor":14.0},{"not_picked":["Wish","ConjureBlade"],"picked":"Replay:AllIn","floor":16.0},{"not_picked":["FollowUp","Replay:Cycle"],"picked":"Wallop","floor":23.0},{"not_picked":["Replay:DivineShield","ClearTheMind"],"picked":"FlurryOfBlows","floor":25.0},{"not_picked":["WheelKick","EmptyBody"],"picked":"Adaptation+1","floor":30.0},{"not_picked":["Replay:LoomingThreat+1","Wish"],"picked":"Omniscience","floor":33.0},{"not_picked":["Weave+1","ReplaySolidLightProjector+1","ClearTheMind","Redo"],"picked":"SKIP","floor":41.0},{"not_picked":["Brilliance","Reboot","StuffTheSpire:EventHorizon"],"picked":"Scrawl","floor":50.0},{"not_picked":["StuffTheSpire:Innocence","StuffTheSpire:BrainWave"],"picked":"StuffTheSpire:Brawn","floor":54.0},{"not_picked":["Thunder Strike","Judgement","Electrodynamics+1"],"picked":"Amplify","floor":61.0},{"not_picked":["Replay:Fractal Strike","infinitespire:Punishment"],"picked":"infinitespire:Gouge","floor":64.0},{"not_picked":["infinitespire:Execution","ReplayTheSpireMod:??????????????????????"],"picked":"hubris:Fate","floor":64.0},{"not_picked":["infinitespire:Gouge","hubris:Rewind"],"picked":"infinitespire:Menacing","floor":68.0},{"not_picked":["StuffTheSpire:Plugnplay","Pray","ReplayTheSpireMod:Omega Cannon","Consume"],"picked":"SKIP","floor":68.0},{"not_picked":["StuffTheSpire:Plugnplay","Pray","Consume"],"picked":"ReplayTheSpireMod:Omega Cannon","floor":68.0},{"not_picked":["Loop+1","SandsOfTime","JustLucky","Lockon"],"picked":"SKIP","floor":70.0},{"not_picked":["hubris:PowerSurge+1","Glacier","Leap","Streamline"],"picked":"SKIP","floor":72.0},{"not_picked":["Glacier","hubris:Prefetch","WreathOfFlame","Sweeping Beam"],"picked":"SKIP","floor":75.0},{"not_picked":["Biased Cognition+1","SpiritShield","DevaForm+1"],"picked":"All For One","floor":78.0},{"not_picked":["ReplayTheSpireMod:Calculation Training","StuffTheSpire:LaunchingStrike","ReplayTheSpireMod:Dual Polarity"],"picked":"JustLucky","floor":86.0},{"not_picked":["EmptyMind+1","Reinforced Body","Sanctity","WaveOfTheHand"],"picked":"SKIP","floor":90.0},{"not_picked":["Sweeping Beam+1","Compile Driver+1","Coolheaded"],"picked":"DeusExMachina","floor":92.0},{"not_picked":["SpiritShield","Biased Cognition+1","Hyperbeam+1"],"picked":"Scrawl","floor":95.0},{"not_picked":["Reprogram","Replay:ManipulateFuture","Collect","EmptyFist+1"],"picked":"SKIP","floor":102.0},{"not_picked":["Steam Power","TalkToTheHand+1","FlyingSleeves+1","ReplayTheSpireMod:GoodbyeWorld+1"],"picked":"SKIP","floor":104.0},{"not_picked":["Go for the Eyes+1","Leap","ForeignInfluence","Barrage+1"],"picked":"SKIP","floor":106.0},{"not_picked":["Study+1","Perseverance+1","EmptyBody","Replay:Cycle+1"],"picked":"SKIP","floor":109.0},{"not_picked":["infinitespire:Gouge","infinitespire:NeuralNetwork"],"picked":"infinitespire:Menacing","floor":110.0},{"not_picked":["hubris:DoWhile","Fission","StuffTheSpire:ForEach"],"picked":"ConjureBlade","floor":112.0}],"player_experience":665848,"relics_obtained":[{"floor":1.0,"key":"infinitespire:Satchel"},{"floor":4.0,"key":"StuffTheSpire:Gunfinga"},{"floor":5.0,"key":"halation:IllGainedPizza"},{"floor":6.0,"key":"infinitespire:Broken Mirror"},{"floor":8.0,"key":"aspiration:HiddenCompartment"},{"floor":9.0,"key":"infinitespire:FocusingShard"},{"floor":12.0,"key":"conspire:TopHat"},{"floor":14.0,"key":"Potion Belt"},{"floor":18.0,"key":"infinitespire:Beetle Shell"},{"floor":20.0,"key":"conspire:Flyswatter"},{"floor":23.0,"key":"MealTicket"},{"floor":23.0,"key":"Akabeko"},{"floor":25.0,"key":"Frozen Egg 2"},{"floor":25.0,"key":"hubris:MobiusCoin"},{"floor":26.0,"key":"infinitespire:ShieldingShard"},{"floor":28.0,"key":"Gambling Chip"},{"floor":29.0,"key":"StuffTheSpire:CocoNut"},{"floor":30.0,"key":"Anchor"},{"floor":30.0,"key":"Gremlin Horn"},{"floor":35.0,"key":"Onion Ring"},{"floor":39.0,"key":"Blood Vial"},{"floor":40.0,"key":"StuffTheSpire:OldFever"},{"floor":41.0,"key":"CeramicFish"},{"floor":41.0,"key":"Replay:Wax Seal"},{"floor":42.0,"key":"Vajra"},{"floor":43.0,"key":"hubris:ToyBattleship"},{"floor":45.0,"key":"aspiration:ChemicalBlood"},{"floor":48.0,"key":"hubris:BottledRain"},{"floor":52.0,"key":"paleoftheancients:SoulOfTheWatcher"},{"floor":52.0,"key":"Blue Candle"},{"floor":53.0,"key":"Letter Opener"},{"floor":63.0,"key":"Centennial Puzzle"},{"floor":65.0,"key":"Blood Vial"},{"floor":68.0,"key":"Anchor"},{"floor":68.0,"key":"hubris:Reverence"},{"floor":70.0,"key":"Durian"},{"floor":70.0,"key":"aspiration:SeaSaltIceCream"},{"floor":71.0,"key":"ReplayTheSpireMod:TigerMarble"},{"floor":72.0,"key":"StuffTheSpire:Experiment12"},{"floor":72.0,"key":"Garlic"},{"floor":73.0,"key":"Omamori"},{"floor":74.0,"key":"halation:IllGainedPizza"},{"floor":75.0,"key":"Strawberry"},{"floor":75.0,"key":"StuffTheSpire:SapphireSignet"},{"floor":76.0,"key":"Oddly Smooth Stone"},{"floor":80.0,"key":"Bag of Marbles"},{"floor":83.0,"key":"Ring of Misfortune"},{"floor":83.0,"key":"ReplayTheSpireMod:Ring of Exchange"},{"floor":86.0,"key":"Smiling Mask"},{"floor":86.0,"key":"infinitespire:BottledMercury"},{"floor":87.0,"key":"Nunchaku"},{"floor":88.0,"key":"Mirror"},{"floor":90.0,"key":"aspiration:FaultyCoupler"},{"floor":90.0,"key":"infinitespire:Satchel"},{"floor":91.0,"key":"Molten Egg 2"},{"floor":92.0,"key":"Ancient Tea Set"},{"floor":92.0,"key":"Orichalcum"},{"floor":93.0,"key":"Matryoshka"},{"floor":94.0,"key":"aspiration:HummingbirdHeart"},{"floor":97.0,"key":"aspiration:StickyExplosives_weak"},{"floor":99.0,"key":"infinitespire:Lucky Rock"},{"floor":101.0,"key":"hubris:SphereOfDissonance"},{"floor":102.0,"key":"Toy Ornithopter"},{"floor":102.0,"key":"Replay:Ringing Soul"},{"floor":103.0,"key":"conspire:TopHat"},{"floor":104.0,"key":"InkBottle"},{"floor":104.0,"key":"Damaru"},{"floor":105.0,"key":"Iron Hammer"},{"floor":105.0,"key":"Spirit Poop"},{"floor":106.0,"key":"infinitespire:Bottled Soul"},{"floor":106.0,"key":"StuffTheSpire:RubySignet"},{"floor":108.0,"key":"Juzu Bracelet"},{"floor":109.0,"key":"halation:AfternoonTea"},{"floor":109.0,"key":"conspire:InfiniteJournal"},{"floor":110.0,"key":"Calipers"},{"floor":111.0,"key":"Golden Egg"},{"floor":114.0,"key":"Circlet"},{"floor":114.0,"key":"infinitespire:PuzzleCube"},{"floor":115.0,"key":"StuffTheSpire:Nightcore"},{"floor":116.0,"key":"CloakClasp"},{"floor":116.0,"key":"aspiration:HiddenCompartment"},{"floor":119.0,"key":"Grinning Jar"}],"event_choices":[{"damage_healed":72.0,"max_hp_gain":0.0,"max_hp_loss":72.0,"gold_gain":0.0,"event_name":"betterThird:BetterShining","player_choice":"Upgrade","floor":3.0,"gold_loss":0.0,"damage_taken":14.0,"cards_upgraded":["ForeignInfluence","Defend_P"]},{"damage_healed":0.0,"max_hp_gain":0.0,"max_hp_loss":0.0,"gold_gain":0.0,"event_name":"Fountain of Cleansing","player_choice":"Ignored","floor":22.0,"gold_loss":0.0,"damage_taken":0.0},{"cards_removed":["Defend_P"],"damage_healed":0.0,"max_hp_gain":0.0,"max_hp_loss":0.0,"gold_gain":0.0,"event_name":"Purifier","player_choice":"Purged","floor":37.0,"gold_loss":0.0,"damage_taken":0.0},{"damage_healed":0.0,"max_hp_gain":1.0,"max_hp_loss":0.0,"gold_gain":0.0,"event_name":"betterThird:BetterGoop","player_choice":"Slimed","floor":66.0,"gold_loss":0.0,"damage_taken":11.0},{"damage_healed":41.0,"max_hp_gain":0.0,"max_hp_loss":0.0,"gold_gain":0.0,"event_name":"Winding Halls","player_choice":"Writhe","floor":98.0,"gold_loss":0.0,"damage_taken":0.0,"cards_obtained":["Writhe"]},{"damage_healed":44.0,"max_hp_gain":0.0,"max_hp_loss":0.0,"gold_gain":0.0,"event_name":"Winding Halls","player_choice":"Writhe","floor":110.0,"gold_loss":0.0,"damage_taken":0.0,"cards_obtained":["Writhe"]}],"is_beta":false,"boss_relics":[{"not_picked":["hubris:HollowSoul","energizedSpire:SpiderWeb"],"picked":"Black Star"},{"not_picked":["halation:Prosthetics","hubris:Stopwatch"],"picked":"aspiration:DefectSkillbook"},{"not_picked":["energizedSpire:RedRose","Snecko Heart"],"picked":"hubris:TerracottaHorce"},{"not_picked":["hubris:BlackHole","halation:LoveArrow"],"picked":"hubris:Backtick"},{"not_picked":["aspiration:Stellarator","halation:Risk"],"picked":"StuffTheSpire:Kangaroo"},{"not_picked":["Painkiller Herb","Coffee Dripper"],"picked":"Replay:Grab Bag"},{"not_picked":["energizedSpire:StickyHand","hubris:GrandSneckoEye"],"picked":"Replay:Bronze Core"},{"not_picked":["hubris:CrackedHourglass","energizedSpire:HugeHouse"],"picked":"energizedSpire:DeadBattery"},{"not_picked":["hubris:BlackHole","halation:PlatinumPhoenix"],"picked":"VioletLotus"},{"not_picked":["Lee\u0027s Waffle","aspiration:RunicSpoon"],"picked":"Guide Book"},{"not_picked":["halation:LostSnail","Calling Bell"],"picked":"aspiration:RitualDagger"}],"items_purged_floors":[11,47,67,84,117,121],"is_endless":true,"potions_floor_spawned":[4,5,6,16,18,20,30,33,40,45,50,52,57,63,70,73,76,80,91,92,104,108,109,110,114,115],"killed_by":"2 Louse","ascension_level":0}}