{"host":"9jj9tzo2iym4bpat","time":1610901602,"event":{"mods":["Act Like it!","BaseMod","CapriCore","Colored Map","Dark Map","Luminous","Minty Spire (QoL Compilation)","Permanent Neow","StSLib","Td1madao Mod","The Animator","The Immortal","The Marked","The Servant 0.9.4","Yakumo Yukari mod"],"gold_per_floor":[109,168,13,13,13,45,64,64,64,84,98,98,115,127,127,224,224,235,235,250,250,250,250,261,272,272,23,23,36,36,53,53,53,53],"floor_reached":33,"language":"ENG","playtime":1273,"items_purged":["Pain","Strike_G+1"],"score":311,"play_id":"6ff6414d-d9a2-4bc8-968f-bccd38310a1d","local_time":"20210117104002","is_ascension_mode":true,"campfire_choices":[{"floor":8,"key":"REST"},{"floor":15,"key":"REST"},{"floor":23,"key":"REST"},{"floor":28,"key":"REST"},{"floor":30,"key":"REST"},{"floor":32,"key":"REST"}],"circlet_count":0,"master_deck":["Strike_G+1","Strike_G+1","Strike_G+1","Strike_G+1","Defend_G+1","Defend_G+1","Defend_G+1","Defend_G+1","Defend_G+1","Survivor","Neutralize","Die Die Die","Noxious Fumes+1","Accuracy","Slice","Deadly Poison","Blade Dance","Slice","Envenom","Blade Dance","Prepared","Neutralize","Blade Dance+1","Blade Dance","Accuracy","Terror","Cloak And Dagger","Infinite Blades+1"],"relics":["Ring of the Snake","Centennial Puzzle","Akabeko","Black Star","animator:PurgingStone","Omamori"],"acts_visited":["Exordium","TheCity"],"potions_floor_usage":[13,16,20,24,25,33],"damage_taken":[{"damage":7,"enemies":"Small Slimes","floor":1,"turns":3},{"damage":29,"enemies":"Lagavulin","floor":6,"turns":7},{"damage":0,"enemies":"Jaw Worm","floor":7,"turns":6},{"damage":0,"enemies":"Cultist","floor":10,"turns":4},{"damage":8,"enemies":"3 Louse","floor":11,"turns":3},{"damage":2,"enemies":"Lots of Slimes","floor":13,"turns":2},{"damage":0,"enemies":"Exordium Wildlife","floor":14,"turns":1},{"damage":25,"enemies":"Slime Boss","floor":16,"turns":7},{"damage":33,"enemies":"3 Byrds","floor":18,"turns":5},{"damage":10,"enemies":"2 Thieves","floor":20,"turns":3},{"damage":16,"enemies":"Shelled Parasite and Fungi","floor":24,"turns":3},{"damage":14,"enemies":"Snecko","floor":25,"turns":6},{"damage":11,"enemies":"Sentry and Sphere","floor":29,"turns":3},{"damage":23,"enemies":"Chosen and Byrds","floor":31,"turns":6},{"damage":47,"enemies":"Champ","floor":33,"turns":7}],"seed_played":"2303436408438214414","potions_obtained":[{"floor":6,"key":"Block Potion"},{"floor":12,"key":"Weak Potion"},{"floor":12,"key":"Block Potion"},{"floor":12,"key":"GhostInAJar"},{"floor":13,"key":"DistilledChaos"},{"floor":18,"key":"Energy Potion"},{"floor":24,"key":"Swift Potion"}],"is_trial":false,"path_per_floor":["M","?","$","?","$","E","M","R","T","M","M","?","M","M","R","B",null,"M","?","M","?","?","R","M","M","T","$","R","M","R","M","R","B"],"character_chosen":"THE_SILENT","items_purchased":["Noxious Fumes","Accuracy","Terror"],"campfire_rested":6,"item_purchase_floors":[3,27,27],"current_hp_per_floor":[63,63,63,49,49,20,20,41,41,41,33,33,31,31,52,27,70,37,37,27,27,27,48,32,18,18,18,39,28,49,26,47,0,0],"gold":53,"neow_bonus":"THREE_RARE_CARDS","is_daily":false,"chose_seed":false,"campfire_upgraded":0,"win_rate":0.0,"timestamp":1610901602,"path_taken":["M","?","$","?","?","E","M","R","T","M","?","?","M","?","R","BOSS","M","?","?","?","?","R","M","M","T","$","R","M","R","M","R","BOSS"],"items_purchased_type":["Card","Card","Card"],"build_version":"2020-12-22","purchased_purges":2,"victory":false,"max_hp_per_floor":[70,70,70,70,70,70,70,70,70,70,70,70,70,70,70,70,70,70,70,70,70,70,70,70,70,70,70,70,70,70,70,70,70,70],"card_choices":[{"not_picked":["Tools of the Trade","Unload"],"picked":"Die Die Die","floor":0},{"not_picked":["Prepared","Underhanded Strike","Escape Plan"],"picked":"SKIP","floor":1},{"not_picked":["Dash","Storm of Steel"],"picked":"Accuracy","floor":6},{"not_picked":["Reflex","Expertise"],"picked":"Slice","floor":7},{"not_picked":["Flying Knee","Calculated Gamble"],"picked":"Deadly Poison","floor":10},{"not_picked":["Concentrate","Deadly Poison"],"picked":"Blade Dance","floor":11},{"not_picked":["Noxious Fumes","Dagger Throw"],"picked":"Slice","floor":13},{"not_picked":["Eviscerate","Dagger Spray","Flying Knee"],"picked":"SKIP","floor":14},{"not_picked":["Die Die Die","Grand Finale"],"picked":"Envenom","floor":16},{"not_picked":["PiercingWail","Dagger Throw"],"picked":"Blade Dance","floor":18},{"not_picked":["Well Laid Plans+1","Underhanded Strike+1"],"picked":"Blade Dance+1","floor":20},{"not_picked":["Flechettes","Dodge and Roll","Quick Slash"],"picked":"SKIP","floor":24},{"not_picked":["Underhanded Strike+1","Acrobatics"],"picked":"Blade Dance","floor":25},{"not_picked":["After Image","Distraction"],"picked":"Cloak And Dagger","floor":29},{"not_picked":["Masterful Stab+1","Backflip"],"picked":"Infinite Blades+1","floor":31}],"player_experience":267605,"relics_obtained":[{"floor":6,"key":"Centennial Puzzle"},{"floor":9,"key":"Akabeko"},{"floor":26,"key":"Omamori"}],"event_choices":[{"damage_healed":0,"gold_gain":59,"player_choice":"Gained Gold","damage_taken":0,"max_hp_gain":0,"max_hp_loss":0,"event_name":"Golden Wing","floor":2,"gold_loss":0},{"damage_healed":0,"gold_gain":0,"player_choice":"Entered Light","damage_taken":14,"max_hp_gain":0,"max_hp_loss":0,"event_name":"Shining Light","floor":4,"gold_loss":0,"cards_upgraded":["Noxious Fumes","Defend_G"]},{"damage_healed":0,"gold_gain":0,"player_choice":"Got Potions","damage_taken":0,"max_hp_gain":0,"max_hp_loss":0,"event_name":"Lab","floor":12,"gold_loss":0},{"damage_healed":0,"gold_gain":0,"player_choice":"2 cards matched","damage_taken":0,"max_hp_gain":0,"max_hp_loss":0,"event_name":"Match and Keep!","floor":19,"gold_loss":0,"cards_obtained":["Prepared","Neutralize"]},{"damage_healed":0,"gold_gain":0,"player_choice":"Simplicity","damage_taken":0,"max_hp_gain":0,"max_hp_loss":0,"event_name":"Back to Basics","floor":21,"gold_loss":0,"cards_upgraded":["Strike_G","Strike_G","Strike_G","Strike_G","Strike_G","Defend_G","Defend_G","Defend_G","Defend_G"]}],"is_beta":false,"boss_relics":[{"not_picked":["SacredBark","SlaversCollar"],"picked":"Black Star"}],"items_purged_floors":[3,27],"is_endless":false,"potions_floor_spawned":[6,13,14,18,24],"killed_by":"Champ","ascension_level":3}}