{"host":"4rvakrj1idbgia3f","time":1610879678,"event":{"mods":["BaseMod","Colored Map","Colored Powertips","DeckTracker","Highlight Path","Minty Spire (QoL Compilation)","Random Character Button","StSLib"],"gold_per_floor":[116,134,146,161,161,161,195,208,256,295,295,295,316,352,352,443,443,457,372,372,386,410,410,425,469,548,548,628,628,643,676,676,676,676],"floor_reached":33,"language":"JPN","playtime":1433,"items_purged":[],"score":714,"play_id":"6d1f2527-f9c9-40f6-b5fd-27499dc38a69","local_time":"20210117193438","is_ascension_mode":true,"campfire_choices":[{"data":"Dagger Spray","floor":6.0,"key":"SMITH"},{"data":"Die Die Die","floor":11.0,"key":"SMITH"},{"data":"Envenom","floor":15.0,"key":"SMITH"},{"data":"Adrenaline","floor":23.0,"key":"SMITH"},{"floor":27.0,"key":"REST"},{"floor":29.0,"key":"REST"},{"data":"Bouncing Flask","floor":32.0,"key":"SMITH"}],"circlet_count":0,"master_deck":["AscendersBane","Strike_G","Strike_G","Strike_G","Strike_G","Strike_G","Defend_G","Defend_G","Defend_G","Defend_G","Defend_G","Survivor","Neutralize","Dagger Spray+1","Leg Sweep","Poisoned Stab","Predator","Die Die Die+1","Deadly Poison","PiercingWail","Dodge and Roll","Envenom+1","Adrenaline+1","Bouncing Flask+1","Acrobatics+1","Normality","Parasite","Escape Plan"],"relics":["Ring of the Snake","NeowsBlessing","Golden Idol","Oddly Smooth Stone","Orichalcum","Gremlin Horn","Lantern","Cursed Key","Boot","Blue Candle","Letter Opener","Mercury Hourglass"],"acts_visited":["Exordium","TheCity"],"potions_floor_usage":[33,33,33,33],"damage_taken":[{"damage":0.0,"enemies":"Cultist","floor":1.0,"turns":1.0},{"damage":0.0,"enemies":"Small Slimes","floor":2.0,"turns":1.0},{"damage":0.0,"enemies":"2 Louse","floor":3.0,"turns":1.0},{"damage":1.0,"enemies":"Looter","floor":4.0,"turns":4.0},{"damage":27.0,"enemies":"3 Sentries","floor":7.0,"turns":9.0},{"damage":0.0,"enemies":"2 Fungi Beasts","floor":8.0,"turns":2.0},{"damage":15.0,"enemies":"Lagavulin","floor":10.0,"turns":7.0},{"damage":2.0,"enemies":"Blue Slaver","floor":13.0,"turns":4.0},{"damage":0.0,"enemies":"3 Sentries","floor":14.0,"turns":2.0},{"damage":8.0,"enemies":"Hexaghost","floor":16.0,"turns":9.0},{"damage":0.0,"enemies":"Chosen","floor":18.0,"turns":5.0},{"damage":18.0,"enemies":"Spheric Guardian","floor":21.0,"turns":8.0},{"damage":4.0,"enemies":"3 Cultists","floor":22.0,"turns":3.0},{"damage":0.0,"enemies":"Snake Plant","floor":24.0,"turns":4.0},{"damage":24.0,"enemies":"Slavers","floor":25.0,"turns":5.0},{"damage":6.0,"enemies":"Snecko","floor":30.0,"turns":4.0},{"damage":2.0,"enemies":"Gremlin Leader","floor":31.0,"turns":5.0},{"damage":32,"enemies":"Automaton","floor":33,"turns":8}],"seed_played":"-6789030951837148778","potions_obtained":[{"floor":3.0,"key":"Poison Potion"},{"floor":7.0,"key":"Explosive Potion"},{"floor":10.0,"key":"SmokeBomb"},{"floor":13.0,"key":"SteroidPotion"},{"floor":16.0,"key":"EntropicBrew"},{"floor":22.0,"key":"Weak Potion"}],"is_trial":false,"path_per_floor":["M","M","M","M","?","R","E","M","T","E","R","?","M","E","R","B",null,"M","?","?","M","M","R","M","E","T","R","T","R","M","E","R","B"],"character_chosen":"THE_SILENT","items_purchased":[],"campfire_rested":2,"item_purchase_floors":[],"current_hp_per_floor":[59,59,59,58,58,58,31,31,31,16,16,16,14,14,14,6,47,47,47,47,29,25,25,25,1,1,19,19,37,31,29,29,0,0],"gold":676,"neow_bonus":"THREE_ENEMY_KILL","is_daily":false,"chose_seed":false,"campfire_upgraded":5,"win_rate":0.0,"timestamp":1610879678,"path_taken":["M","M","M","?","?","R","E","M","T","E","R","?","M","E","R","BOSS","M","?","?","M","M","R","M","E","T","R","?","R","M","E","R","BOSS"],"items_purchased_type":[],"build_version":"2020-12-22","purchased_purges":0,"victory":false,"max_hp_per_floor":[66,66,66,66,60,60,60,60,60,60,60,60,60,60,60,60,60,60,60,60,60,60,60,60,60,60,60,60,60,60,60,60,60,60],"card_choices":[{"not_picked":["Sucker Punch","Bane"],"picked":"Dagger Spray","floor":1.0},{"not_picked":["Sucker Punch","Prepared"],"picked":"Leg Sweep","floor":2.0},{"not_picked":["Slice","Bane"],"picked":"Poisoned Stab","floor":3.0},{"not_picked":["Cloak And Dagger","Sucker Punch"],"picked":"Predator","floor":4.0},{"not_picked":["Slice","Finisher"],"picked":"Die Die Die","floor":7.0},{"not_picked":["Acrobatics","Calculated Gamble"],"picked":"Deadly Poison","floor":8.0},{"not_picked":["Caltrops","Calculated Gamble"],"picked":"PiercingWail","floor":10.0},{"not_picked":["Bane","Cloak And Dagger"],"picked":"Dodge and Roll","floor":13.0},{"not_picked":["Bane","Riddle With Holes"],"picked":"Envenom","floor":14.0},{"not_picked":["Doppelganger","Unload"],"picked":"Adrenaline","floor":16.0},{"not_picked":["Dodge and Roll","Cloak And Dagger+1","Dagger Throw"],"picked":"SKIP","floor":18.0},{"not_picked":["Finisher","Dagger Spray","Reflex"],"picked":"SKIP","floor":21.0},{"not_picked":["Reflex","Dagger Spray"],"picked":"Bouncing Flask","floor":22.0},{"not_picked":["Underhanded Strike","Terror","Sucker Punch"],"picked":"SKIP","floor":24.0},{"not_picked":["Reflex","Terror"],"picked":"Acrobatics+1","floor":25.0},{"not_picked":["Underhanded Strike+1","Prepared+1"],"picked":"Escape Plan","floor":30.0},{"not_picked":["Acrobatics","Deadly Poison","Finisher"],"picked":"SKIP","floor":31.0}],"player_experience":2047805,"relics_obtained":[{"floor":7.0,"key":"Oddly Smooth Stone"},{"floor":9.0,"key":"Orichalcum"},{"floor":10.0,"key":"Gremlin Horn"},{"floor":14.0,"key":"Lantern"},{"floor":25.0,"key":"Blue Candle"},{"floor":28.0,"key":"Letter Opener"},{"floor":31.0,"key":"Mercury Hourglass"}],"event_choices":[{"damage_healed":0.0,"max_hp_gain":0.0,"max_hp_loss":6.0,"gold_gain":0.0,"event_name":"Golden Idol","player_choice":"Lose Max HP","floor":5.0,"gold_loss":0.0,"damage_taken":0.0,"relics_obtained":["Golden Idol"]},{"damage_healed":0.0,"max_hp_gain":0.0,"max_hp_loss":0.0,"gold_gain":0.0,"event_name":"Shining Light","player_choice":"Ignored","floor":12.0,"gold_loss":0.0,"damage_taken":0.0},{"damage_healed":0.0,"max_hp_gain":0.0,"max_hp_loss":0.0,"gold_gain":0.0,"event_name":"Addict","player_choice":"Obtained Relic","floor":19.0,"gold_loss":85.0,"damage_taken":0.0,"relics_obtained":["Boot"]},{"damage_healed":0.0,"max_hp_gain":0.0,"max_hp_loss":0.0,"gold_gain":0.0,"event_name":"Ghosts","player_choice":"Ignored","floor":20.0,"gold_loss":0.0,"damage_taken":0.0}],"is_beta":false,"boss_relics":[{"not_picked":["Pandora\u0027s Box","SlaversCollar"],"picked":"Cursed Key"}],"items_purged_floors":[],"is_endless":false,"potions_floor_spawned":[3,7,10,13,16,22,24,30],"killed_by":"Automaton","ascension_level":20}}