{"host":"vl29iwkwnyytuw8q","time":1610900084,"event":{"mods":["BaseMod","Minty Spire (QoL Compilation)","Permanent Neow","Relic Stats","StSLib"],"gold_per_floor":[111,122,122,132,132,132,132,132,184,218,235,335,43,74,74,152,152,165,165,165],"floor_reached":19,"language":"ENG","playtime":594,"items_purged":["Strike_R"],"score":324,"play_id":"d65c9175-80bd-4caa-aa23-e79ebbb7bfb1","local_time":"20210117171444","is_ascension_mode":true,"campfire_choices":[{"data":"Armaments","floor":6.0,"key":"SMITH"},{"data":"Rage","floor":8.0,"key":"SMITH"},{"data":"Entrench","floor":15.0,"key":"SMITH"}],"circlet_count":0,"master_deck":["AscendersBane","Strike_R","Strike_R","Strike_R","Strike_R","Defend_R","Defend_R","Defend_R","Defend_R","Bash+1","Rage+1","Metallicize","Armaments+1","Cleave","Inflame","Mayhem","Entrench+1","Feed","Headbutt+1"],"relics":["Runic Pyramid","Gremlin Horn","Mercury Hourglass","Oddly Smooth Stone","Philosopher\u0027s Stone"],"acts_visited":["Exordium","TheCity"],"potions_floor_usage":[19],"damage_taken":[{"damage":3.0,"enemies":"2 Louse","floor":1.0,"turns":3.0},{"damage":6.0,"enemies":"Jaw Worm","floor":2.0,"turns":2.0},{"damage":0.0,"enemies":"Small Slimes","floor":4.0,"turns":4.0},{"damage":2.0,"enemies":"Lagavulin","floor":10.0,"turns":8.0},{"damage":0.0,"enemies":"2 Fungi Beasts","floor":11.0,"turns":2.0},{"damage":7.0,"enemies":"3 Sentries","floor":14.0,"turns":5.0},{"damage":34,"enemies":"The Guardian","floor":16,"turns":13},{"damage":57,"enemies":"3 Byrds","floor":18,"turns":5},{"damage":9,"enemies":"Shell Parasite","floor":19,"turns":2}],"seed_played":"7915316240863383513","potions_obtained":[{"floor":1.0,"key":"FearPotion"},{"floor":2.0,"key":"SneckoOil"},{"floor":16,"key":"BlessingOfTheForge"},{"floor":18,"key":"GamblersBrew"}],"is_trial":false,"path_per_floor":["M","M","?","M","T","R","?","R","T","E","M","?","$","E","R","B",null,"M","M"],"character_chosen":"IRONCLAD","items_purchased":["Mayhem"],"campfire_rested":0,"item_purchase_floors":[13],"current_hp_per_floor":[65,59,59,59,59,59,59,59,59,57,57,57,57,50,50,16,60,6,0,0],"gold":165,"neow_bonus":"BOSS_RELIC","is_daily":false,"chose_seed":false,"campfire_upgraded":3,"win_rate":0.0,"timestamp":1610900084,"path_taken":["M","M","?","M","?","R","?","R","T","E","M","?","$","E","R","BOSS","M","?"],"items_purchased_type":["Card"],"build_version":"2020-12-22","purchased_purges":1,"victory":false,"max_hp_per_floor":[75,75,75,75,75,75,75,75,75,75,75,75,75,75,75,75,75,78,78,78],"relic_stats":{"Gremlin Horn":[5,5],"counters":[9,44],"obtain_stats":[{"Gremlin Horn":5,"Oddly Smooth Stone":14,"Philosopher\u0027s Stone":17,"Burning Blood":0,"Runic Pyramid":0,"Mercury Hourglass":10},{"Gremlin Horn":3,"Oddly Smooth Stone":6,"Philosopher\u0027s Stone":7,"Burning Blood":0,"Runic Pyramid":0,"Mercury Hourglass":4},{"Gremlin Horn":9,"Oddly Smooth Stone":24,"Philosopher\u0027s Stone":37,"Burning Blood":0,"Runic Pyramid":0,"Mercury Hourglass":17}],"Mercury Hourglass":[127]},"card_choices":[{"not_picked":["Searing Blow","Cleave"],"picked":"Rage","floor":1.0},{"not_picked":["True Grit","Iron Wave"],"picked":"Metallicize","floor":2.0},{"not_picked":["True Grit","Perfected Strike"],"picked":"Armaments","floor":4.0},{"not_picked":["Sword Boomerang","Iron Wave"],"picked":"Cleave","floor":10.0},{"not_picked":["Disarm","Searing Blow"],"picked":"Inflame","floor":11.0},{"not_picked":["Flex","Corruption"],"picked":"Entrench","floor":14.0},{"not_picked":["Offering","Reaper"],"picked":"Feed","floor":16},{"not_picked":["Havoc","Heavy Blade"],"picked":"Headbutt+1","floor":18}],"player_experience":632528,"relics_obtained":[{"floor":5.0,"key":"Gremlin Horn"},{"floor":10.0,"key":"Mercury Hourglass"},{"floor":14.0,"key":"Oddly Smooth Stone"}],"event_choices":[{"damage_healed":0.0,"max_hp_gain":0.0,"max_hp_loss":0.0,"gold_gain":0.0,"event_name":"Liars Game","player_choice":"Ignored","floor":3.0,"gold_loss":0.0,"damage_taken":0.0},{"damage_healed":0.0,"max_hp_gain":0.0,"max_hp_loss":0.0,"gold_gain":0.0,"event_name":"Living Wall","player_choice":"Grow","floor":7.0,"gold_loss":0.0,"damage_taken":0.0,"cards_upgraded":["Bash"]},{"damage_healed":0.0,"max_hp_gain":0.0,"max_hp_loss":0.0,"gold_gain":100.0,"event_name":"Wheel of Change","player_choice":"Gold","floor":12.0,"gold_loss":0.0,"damage_taken":0.0}],"is_beta":false,"boss_relics":[{"not_picked":["Mark of Pain","Sozu"],"picked":"Philosopher\u0027s Stone"}],"items_purged_floors":[13],"is_endless":false,"potions_floor_spawned":[1,2,16,18],"killed_by":"Shell Parasite","ascension_level":17}}