{"host":"5dow3bd5jfgo9g35","time":1610909795,"event":{"mods":["AchievementEnabler","BaseMod","Colored Powertips","Minty Spire (QoL Compilation)","Quick Restart"],"gold_per_floor":[112,112,187,187,187,187,207,234,234,15,30,30,81,4,4,106,106,125,138,53,53,73,73,73],"floor_reached":23,"language":"ENG","playtime":1407,"items_purged":["Regret"],"score":254,"play_id":"88e0f0c7-1e85-4135-9fc0-b56174d3e497","local_time":"20210117135635","is_ascension_mode":true,"campfire_choices":[{"data":"Zap","floor":6,"key":"SMITH"},{"data":"Leap","floor":12,"key":"SMITH"},{"data":"Loop","floor":15,"key":"SMITH"}],"circlet_count":0,"master_deck":["Strike_B","Strike_B","Strike_B","Defend_B","Defend_B","Defend_B","Defend_B","Zap+1","Dualcast","Double Energy","Chill","Doom and Gloom","Steam","Leap+1","Loop+1","Thunder Strike","CurseOfTheBell","Ball Lightning","Chaos","Recycle+1","Capacitor","Chaos","Coolheaded+1","Hologram"],"relics":["Cracked Core","NeowsBlessing","Sundial","HornCleat","Prayer Wheel","Lantern","Centennial Puzzle","Calling Bell","PreservedInsect","The Courier","Bird Faced Urn","Omamori"],"acts_visited":["Exordium","TheCity"],"potions_floor_usage":[16,19,22],"damage_taken":[{"damage":0,"enemies":"2 Louse","floor":1,"turns":1},{"damage":0,"enemies":"Small Slimes","floor":7,"turns":1},{"damage":2,"enemies":"3 Sentries","floor":8,"turns":2},{"damage":0,"enemies":"Cultist","floor":11,"turns":3},{"damage":27,"enemies":"Hexaghost","floor":16,"turns":9},{"damage":5,"enemies":"Chosen","floor":18,"turns":6},{"damage":9,"enemies":"3 Byrds","floor":19,"turns":4},{"damage":15,"enemies":"Snake Plant","floor":22,"turns":6},{"damage":58,"enemies":"Book of Stabbing","floor":23,"turns":5}],"seed_played":"-5187496350752683078","potions_obtained":[{"floor":1,"key":"Swift Potion"},{"floor":11,"key":"SpeedPotion"},{"floor":19,"key":"Swift Potion"},{"floor":22,"key":"Explosive Potion"}],"is_trial":false,"path_per_floor":["M","?","?","?","?","R","M","E","T","$","M","R","T","$","R","B",null,"M","M","?","?","M","E"],"character_chosen":"DEFECT","items_purchased":["Lantern","Loop"],"campfire_rested":0,"item_purchase_floors":[10,14],"current_hp_per_floor":[75,75,64,64,75,75,75,73,73,73,73,73,73,73,73,46,75,70,63,63,63,52,0,0],"gold":73,"neow_bonus":"THREE_ENEMY_KILL","is_daily":false,"chose_seed":false,"campfire_upgraded":3,"win_rate":0.0,"timestamp":1610909795,"path_taken":["M","?","?","?","?","R","?","E","T","$","M","R","?","$","R","BOSS","M","?","?","?","M","E"],"items_purchased_type":["Relic","Card"],"build_version":"2020-12-22","purchased_purges":1,"victory":false,"max_hp_per_floor":[75,75,75,75,75,75,75,75,75,75,75,75,75,75,75,75,75,75,75,75,75,75,75,75],"card_choices":[{"not_picked":["Darkness","Hologram"],"picked":"Doom and Gloom","floor":1},{"not_picked":["Lockon","Barrage"],"picked":"Chill","floor":7},{"not_picked":["Aggregate","Redo"],"picked":"Doom and Gloom","floor":8},{"not_picked":["Storm","Coolheaded"],"picked":"Steam","floor":11},{"not_picked":["Go for the Eyes","Redo"],"picked":"Leap","floor":11},{"not_picked":["Hyperbeam","Amplify"],"picked":"Thunder Strike","floor":16},{"not_picked":["Go for the Eyes+1","Loop"],"picked":"Ball Lightning","floor":18},{"not_picked":["Sweeping Beam","Loop"],"picked":"Chaos","floor":18},{"not_picked":["Double Energy","Beam Cell"],"picked":"Recycle+1","floor":19},{"not_picked":["Compile Driver+1","Stack"],"picked":"Capacitor","floor":19},{"not_picked":["Tempest","Consume"],"picked":"Coolheaded+1","floor":22},{"not_picked":["Coolheaded","Core Surge"],"picked":"Hologram","floor":22}],"player_experience":1012398,"relics_obtained":[{"floor":8,"key":"HornCleat"},{"floor":9,"key":"Prayer Wheel"},{"floor":13,"key":"Centennial Puzzle"},{"floor":17,"key":"PreservedInsect"},{"floor":17,"key":"The Courier"},{"floor":17,"key":"Bird Faced Urn"}],"event_choices":[{"damage_healed":0,"gold_gain":0,"player_choice":"Box","damage_taken":0,"relics_obtained":["Sundial"],"max_hp_gain":0,"max_hp_loss":0,"event_name":"Big Fish","floor":2,"gold_loss":0,"cards_obtained":["Regret"]},{"damage_healed":0,"gold_gain":75,"player_choice":"Gather Gold","damage_taken":11,"max_hp_gain":0,"max_hp_loss":0,"event_name":"World of Goop","floor":3,"gold_loss":0},{"damage_healed":0,"gold_gain":0,"cards_transformed":["Strike_B"],"player_choice":"Change","damage_taken":0,"max_hp_gain":0,"max_hp_loss":0,"event_name":"Living Wall","floor":4,"gold_loss":0,"cards_obtained":["Double Energy"]},{"cards_removed":["Doom and Gloom"],"damage_healed":11,"gold_gain":0,"player_choice":"Offered Uncommon","damage_taken":0,"max_hp_gain":0,"max_hp_loss":0,"event_name":"Bonfire Elementals","floor":5,"gold_loss":0},{"damage_healed":0,"gold_gain":0,"player_choice":"Obtained Relic","damage_taken":0,"relics_obtained":["Omamori"],"max_hp_gain":0,"max_hp_loss":0,"event_name":"Addict","floor":20,"gold_loss":85},{"damage_healed":0,"gold_gain":0,"player_choice":"1 cards matched","damage_taken":0,"max_hp_gain":0,"max_hp_loss":0,"event_name":"Match and Keep!","floor":21,"gold_loss":0,"cards_obtained":["Chaos"]}],"is_beta":false,"boss_relics":[{"not_picked":["Philosopher\u0027s Stone","Cursed Key"],"picked":"Calling Bell"}],"items_purged_floors":[10],"is_endless":false,"potions_floor_spawned":[1,11,19,22],"killed_by":"Book of Stabbing","ascension_level":4}}