{"host":"x52zk6e1f2bye2h7","time":1610881125,"event":{"mods":["AchievementEnabler","BaseMod","Highlight Path","Minty Spire (QoL Compilation)","everything is the same but u backflip on backflip"],"gold_per_floor":[118,133,308,84,98,129,129,129,129],"floor_reached":8,"language":"ENG","playtime":616,"items_purged":["Strike_G"],"score":59,"play_id":"c564120a-91f3-413f-8a23-9b23d3c72998","local_time":"20210117105845","is_ascension_mode":true,"campfire_choices":[{"data":"Well Laid Plans","floor":7,"key":"SMITH"}],"circlet_count":0,"master_deck":["Strike_G","Strike_G","Strike_G","Strike_G","Defend_G","Defend_G","Defend_G","Defend_G","Defend_G","Survivor","Neutralize","Accuracy","Well Laid Plans+1","Doubt","Envenom","Prepared","Backflip"],"relics":["Ring of the Snake","Ancient Tea Set","Bottled Tornado"],"acts_visited":["Exordium"],"potions_floor_usage":[6,8],"damage_taken":[{"damage":0,"enemies":"Jaw Worm","floor":1,"turns":5},{"damage":0,"enemies":"Small Slimes","floor":2,"turns":3},{"damage":7,"enemies":"2 Louse","floor":5,"turns":4},{"damage":43,"enemies":"Gremlin Nob","floor":6,"turns":6},{"damage":31,"enemies":"Lagavulin","floor":8,"turns":10}],"seed_played":"-6661687497366030133","potions_obtained":[{"floor":1,"key":"LiquidMemories"},{"floor":5,"key":"Swift Potion"}],"is_trial":false,"path_per_floor":["M","M","?","$","M","E","R","E"],"character_chosen":"THE_SILENT","items_purchased":["Envenom"],"campfire_rested":0,"item_purchase_floors":[4],"current_hp_per_floor":[70,70,70,70,63,20,20,0,0],"gold":129,"neow_bonus":"RANDOM_COMMON_RELIC","is_daily":false,"chose_seed":false,"campfire_upgraded":1,"win_rate":0.0,"timestamp":1610881125,"path_taken":["M","M","?","$","M","E","R","E"],"items_purchased_type":["Card"],"build_version":"2020-12-22","purchased_purges":1,"victory":false,"max_hp_per_floor":[70,70,70,70,70,70,70,70,70],"card_choices":[{"not_picked":["Predator","Dodge and Roll"],"picked":"Accuracy","floor":1},{"not_picked":["PiercingWail","Flechettes"],"picked":"Well Laid Plans","floor":2},{"not_picked":["Bane","Calculated Gamble"],"picked":"Prepared","floor":5},{"not_picked":["Caltrops","Dagger Throw"],"picked":"Backflip","floor":6}],"player_experience":105426,"relics_obtained":[{"floor":6,"key":"Bottled Tornado"}],"event_choices":[{"damage_healed":0,"gold_gain":175,"player_choice":"AGREE","damage_taken":0,"max_hp_gain":0,"max_hp_loss":0,"event_name":"Liars Game","floor":3,"gold_loss":0,"cards_obtained":["Doubt"]}],"is_beta":false,"boss_relics":[],"items_purged_floors":[4],"is_endless":false,"potions_floor_spawned":[1,5],"killed_by":"Lagavulin","ascension_level":1}}