{"host":"g907ck67u7c3hrs6","time":1610858947,"event":{"mods":["BaseMod","Colored Map","DeckTracker","Highlight Path","Keyboard Shortcuts","Minty Spire (QoL Compilation)","Permanent Neow","Say the Spire","SuperFastMode"],"gold_per_floor":[144,189,234,46,104,104,194,239,239,284,329,374,374,464,464,764,764,809,854,519,519,473,563,563,653,653,698,613,538,628,673,673,973,973,1018,695,695,678,723,813,858,903,903,903,903,568,613,658,658,658],"floor_reached":51,"language":"KOR","playtime":1840,"items_purged":[],"score":1349,"play_id":"5dc29d08-c6a7-4404-9e99-e22d8f7db5ab","local_time":"20210117134907","daily_mods":["SealedDeck","Hoarder","Midas"],"is_ascension_mode":false,"campfire_choices":[{"floor":6,"key":"REST"},{"floor":15,"key":"REST"},{"floor":32,"key":"REST"},{"floor":44,"key":"REST"},{"floor":49,"key":"REST"}],"circlet_count":0,"master_deck":["Rebound","Rebound","Loop","Loop","Loop","Stack","Stack","Stack","Heatsinks","Heatsinks","Heatsinks","Coolheaded","Coolheaded+1","Coolheaded","Turbo","Turbo","Turbo","Stack","Stack","Stack","Stack+1","Stack","Stack","Steam Power","Steam Power","Steam Power","Turbo","Turbo","Turbo","Double Energy","Double Energy","Double Energy","Core Surge","Core Surge","Core Surge","Heatsinks","Heatsinks","Heatsinks","Electrodynamics","Electrodynamics","Electrodynamics","Consume","Consume","Consume","Tempest","Tempest","Tempest","Chill","Chill","Chill","Loop","Loop","Loop","Rainbow","Rainbow","Rainbow","Storm","Storm","Storm","Static Discharge","Static Discharge","Static Discharge","Glacier","Glacier","Glacier","Loop","Loop","Loop","Capacitor","Capacitor","Capacitor","BootSequence+1","BootSequence+1","BootSequence+1","Defragment","Defragment","Defragment","Capacitor+1","Capacitor+1","Capacitor+1","Biased Cognition","Biased Cognition","Biased Cognition","Amplify+1","Amplify+1","Amplify+1","Turbo+1","Turbo+1","Turbo+1","Defragment","Defragment","Defragment","Double Energy+1","Double Energy+1","Double Energy+1","Glacier+1","Glacier+1","Glacier+1","Tempest+1","Tempest+1","Tempest+1","Heatsinks","Heatsinks","Heatsinks"],"relics":["Cracked Core","Membership Card","Pear","Darkstone Periapt","Potion Belt","Bottled Flame","Fusion Hammer","Bottled Lightning","Mango","Toxic Egg 2","Vajra","Enchiridion","Bird Faced Urn","Matryoshka","Shuriken","PreservedInsect","Nuclear Battery","Ice Cream","FossilizedHelix","War Paint","White Beast Statue","Bottled Tornado","CaptainsWheel","Thread and Needle"],"acts_visited":["Exordium","TheCity","TheBeyond"],"potions_floor_usage":[50,50,50,50,50,50],"damage_taken":[{"damage":0,"enemies":"2 Louse","floor":1,"turns":2},{"damage":1,"enemies":"Cultist","floor":2,"turns":7},{"damage":6,"enemies":"Small Slimes","floor":3,"turns":6},{"damage":19,"enemies":"3 Sentries","floor":7,"turns":15},{"damage":10,"enemies":"Looter","floor":8,"turns":2},{"damage":0,"enemies":"2 Fungi Beasts","floor":10,"turns":2},{"damage":0,"enemies":"Large Slime","floor":11,"turns":6},{"damage":14,"enemies":"Lots of Slimes","floor":12,"turns":4},{"damage":0,"enemies":"Lagavulin","floor":14,"turns":5},{"damage":0,"enemies":"Slime Boss","floor":16,"turns":4},{"damage":0,"enemies":"Spheric Guardian","floor":18,"turns":3},{"damage":8,"enemies":"Chosen","floor":19,"turns":4},{"damage":35,"enemies":"Slavers","floor":23,"turns":4},{"damage":0,"enemies":"Gremlin Leader","floor":25,"turns":3},{"damage":23,"enemies":"3 Cultists","floor":27,"turns":4},{"damage":18,"enemies":"Book of Stabbing","floor":30,"turns":6},{"damage":0,"enemies":"Snake Plant","floor":31,"turns":3},{"damage":0,"enemies":"Automaton","floor":33,"turns":6},{"damage":0,"enemies":"3 Darklings","floor":35,"turns":3},{"damage":0,"enemies":"3 Shapes","floor":39,"turns":3},{"damage":61,"enemies":"Reptomancer","floor":40,"turns":5},{"damage":0,"enemies":"Transient","floor":41,"turns":5},{"damage":31,"enemies":"Writhing Mass","floor":42,"turns":5},{"damage":0,"enemies":"Jaw Worm Horde","floor":47,"turns":2},{"damage":0,"enemies":"3 Darklings","floor":48,"turns":3},{"damage":0,"enemies":"Awakened One","floor":50,"turns":4}],"seed_played":"7372172642885907109","potions_obtained":[{"floor":7,"key":"SneckoOil"},{"floor":11,"key":"SpeedPotion"},{"floor":14,"key":"BlessingOfTheForge"},{"floor":16,"key":"FocusPotion"},{"floor":25,"key":"CultistPotion"},{"floor":40,"key":"Swift Potion"},{"floor":41,"key":"EntropicBrew"}],"is_trial":false,"path_per_floor":["M","M","M","$","?","R","E","M","T","M","M","M","?","E","R","B",null,"M","M","$","?","$","E","?","E","T","M","?","?","E","M","R","B",null,"M","$","?","$","M","E","M","M","T","R","?","$","M","M","R","B",null],"character_chosen":"DEFECT","items_purchased":["Membership Card","Heatsinks","Bottled Lightning","Glacier","Loop","Mango","Capacitor","FocusPotion","Ice Cream","Turbo+1","FossilizedHelix","Defragment","Heatsinks","CaptainsWheel","Thread and Needle"],"campfire_rested":5,"item_purchase_floors":[4,4,20,20,20,20,22,22,36,36,36,38,46,46,46],"current_hp_per_floor":[75,74,68,68,68,75,66,56,56,56,56,42,42,42,67,67,85,85,77,91,91,91,56,40,40,40,33,33,33,49,59,88,99,99,99,99,99,99,99,52,96,72,72,99,94,94,94,94,94,94],"gold":658,"neow_bonus":"","is_daily":true,"chose_seed":false,"campfire_upgraded":0,"win_rate":0.0,"timestamp":1610858947,"path_taken":["M","M","M","$","?","R","E","M","T","M","M","M","?","E","R","BOSS","M","M","$","?","$","E","?","E","T","M","?","?","E","M","R","BOSS","M","$","?","$","M","E","M","M","T","R","?","$","M","M","R","BOSS"],"items_purchased_type":["Relic","Card","Relic","Card","Card","Relic","Card","Potion","Relic","Card","Relic","Card","Card","Relic","Relic"],"build_version":"2020-12-22","purchased_purges":0,"victory":true,"max_hp_per_floor":[75,75,75,75,75,75,85,85,85,85,85,85,85,85,85,85,85,85,85,99,99,99,99,99,99,99,99,99,99,99,99,99,99,99,99,99,99,99,99,99,99,99,99,99,94,94,94,94,94,94],"card_choices":[{"not_picked":["Leap","Scrape","Streamline"],"picked":"SKIP","floor":1},{"not_picked":["Cold Snap","Streamline"],"picked":"Double Energy","floor":2},{"not_picked":["Steam","Turbo"],"picked":"Core Surge","floor":3},{"not_picked":["Coolheaded","Reboot"],"picked":"Electrodynamics","floor":7},{"not_picked":["Barrage","Compile Driver","Stack"],"picked":"SKIP","floor":8},{"not_picked":["Beam Cell","FTL"],"picked":"Consume","floor":10},{"not_picked":["Coolheaded","Compile Driver"],"picked":"Tempest","floor":11},{"not_picked":["Recycle","Go for the Eyes"],"picked":"Chill","floor":12},{"not_picked":["Beam Cell","Rebound"],"picked":"Loop","floor":14},{"not_picked":["Multi-Cast","Fission"],"picked":"Rainbow","floor":16},{"not_picked":["Streamline","Ball Lightning"],"picked":"Storm","floor":18},{"not_picked":["Double Energy","Genetic Algorithm"],"picked":"Static Discharge","floor":19},{"not_picked":["FTL","Biased Cognition"],"picked":"BootSequence+1","floor":23},{"not_picked":["Rebound","Heatsinks+1"],"picked":"Defragment","floor":25},{"not_picked":["Hello World","Sweeping Beam+1"],"picked":"Capacitor+1","floor":27},{"not_picked":["Rebound","Gash+1"],"picked":"Biased Cognition","floor":30},{"not_picked":["Conserve Battery+1","Doom and Gloom+1","Streamline+1"],"picked":"SKIP","floor":31},{"not_picked":["Fission+1","Meteor Strike"],"picked":"Amplify+1","floor":33},{"not_picked":["Redo+1","Conserve Battery+1","Barrage"],"picked":"SKIP","floor":35},{"not_picked":["Cold Snap+1","Compile Driver+1"],"picked":"Double Energy+1","floor":39},{"not_picked":["Doom and Gloom","Chaos+1","All For One"],"picked":"SKIP","floor":40},{"not_picked":["Conserve Battery+1","Consume+1"],"picked":"Glacier+1","floor":41},{"not_picked":["Doom and Gloom+1","Reprogram+1"],"picked":"Tempest+1","floor":42},{"not_picked":["Compile Driver","Rip and Tear","Go for the Eyes+1"],"picked":"SKIP","floor":47},{"not_picked":["Compile Driver+1","Barrage","Ball Lightning+1"],"picked":"SKIP","floor":48}],"player_experience":215140,"relics_obtained":[{"floor":7,"key":"Pear"},{"floor":9,"key":"Darkstone Periapt"},{"floor":14,"key":"Bottled Flame"},{"floor":23,"key":"Vajra"},{"floor":24,"key":"Enchiridion"},{"floor":25,"key":"Bird Faced Urn"},{"floor":26,"key":"Matryoshka"},{"floor":30,"key":"PreservedInsect"},{"floor":40,"key":"War Paint"},{"floor":43,"key":"White Beast Statue"},{"floor":43,"key":"Bottled Tornado"}],"event_choices":[{"damage_healed":0,"gold_gain":58,"player_choice":"Gained Gold","damage_taken":0,"max_hp_gain":0,"max_hp_loss":0,"event_name":"Golden Wing","floor":5,"gold_loss":0},{"damage_healed":0,"gold_gain":0,"player_choice":"Gave Potion","damage_taken":0,"relics_obtained":["Potion Belt"],"max_hp_gain":0,"max_hp_loss":0,"event_name":"WeMeetAgain","floor":13,"gold_loss":0},{"damage_healed":0,"gold_gain":0,"player_choice":"Opened","damage_taken":0,"relics_obtained":["Toxic Egg 2"],"max_hp_gain":0,"max_hp_loss":0,"event_name":"The Mausoleum","floor":21,"gold_loss":0},{"damage_healed":0,"gold_gain":0,"player_choice":"Obtained Book","damage_taken":16,"max_hp_gain":0,"max_hp_loss":0,"event_name":"Cursed Tome","floor":24,"gold_loss":0},{"damage_healed":0,"gold_gain":0,"player_choice":"Obtained Relic","damage_taken":0,"relics_obtained":["Shuriken"],"max_hp_gain":0,"max_hp_loss":0,"event_name":"Addict","floor":28,"gold_loss":85},{"cards_removed":["Rebound"],"damage_healed":0,"gold_gain":0,"player_choice":"Gave Gold","damage_taken":0,"max_hp_gain":0,"max_hp_loss":0,"event_name":"Beggar","floor":29,"gold_loss":75},{"damage_healed":0,"gold_gain":0,"player_choice":"Ignored","damage_taken":0,"max_hp_gain":0,"max_hp_loss":0,"event_name":"Tomb of Lord Red Mask","floor":37,"gold_loss":0},{"damage_healed":0,"gold_gain":0,"player_choice":"Max HP","damage_taken":0,"max_hp_gain":0,"max_hp_loss":5,"event_name":"Winding Halls","floor":45,"gold_loss":0}],"is_beta":false,"boss_relics":[{"not_picked":["SlaversCollar","Philosopher\u0027s Stone"],"picked":"Fusion Hammer"},{"not_picked":["Black Star","Astrolabe"],"picked":"Nuclear Battery"}],"items_purged_floors":[],"is_endless":false,"potions_floor_spawned":[7,11,14,16,25,30,33,40,41,47,48],"ascension_level":0}}