{"host":"0009l0kk6tb2u2kt","time":1610907516,"event":{"mods":["AchievementEnabler","BaseMod","BetterRewards","Downfall","Hubris","Infinite Spire","Minty Spire (QoL Compilation)","StSLib"],"gold_per_floor":[99,117,130,130,143,171,198,218,218,236,236,236,236,236],"floor_reached":12,"language":"ENG","playtime":1420,"items_purged":[],"score":80,"play_id":"a7b61910-110e-449c-a44d-07153580e230","local_time":"20210117191836","is_ascension_mode":false,"campfire_choices":[{"data":"hexamod:Float","floor":1,"key":"SMITH"}],"circlet_count":0,"master_deck":["hexamod:Strike","hexamod:Strike","hexamod:Strike","hexamod:Strike","hexamod:Defend","hexamod:Defend","hexamod:Defend","hexamod:Defend","hexamod:Sear","hexamod:Float+1","hexamod:HeatMetal+1","hexamod:HauntingEcho","hexamod:ExtraCrispy","hexamod:Firestarter","hexamod:RadiantFlame","infinitespire:Execution","hexamod:SuperheatedStrike"],"relics":["hexamod:SpiritBrand","hubris:FunFungus","hubris:OldNail","Anchor"],"acts_visited":["Exordium"],"potions_floor_usage":[6,6],"damage_taken":[{"damage":1,"enemies":"Jaw Worm","floor":2,"turns":3},{"damage":0,"enemies":"2 Louse","floor":3,"turns":3},{"damage":2,"enemies":"Small Slimes","floor":5,"turns":3},{"damage":8,"enemies":"3 Sentries","floor":6,"turns":7},{"damage":0,"enemies":"2 Fungi Beasts","floor":8,"turns":3},{"damage":16,"enemies":"Lots of Slimes","floor":10,"turns":4},{"damage":13,"enemies":"Lagavulin","floor":12,"turns":3}],"seed_played":"-1341396593274514483","potions_obtained":[{"floor":2,"key":"hexamod:SoulburnPotion"},{"floor":5,"key":"Energy Potion"}],"is_trial":false,"path_per_floor":["R","M","M","?","M","E","T","M","?","M","?","E"],"character_chosen":"THE_SPIRIT","items_purchased":[],"campfire_rested":0,"item_purchase_floors":[],"current_hp_per_floor":[49,50,51,51,49,43,43,44,26,10,10,0,0,0],"gold":236,"neow_bonus":"ONE_RARE_RELIC","is_daily":false,"chose_seed":false,"campfire_upgraded":1,"win_rate":0.0,"timestamp":1610907516,"path_taken":["R","M","M","?","M","E","T","M","?","M","?","E"],"items_purchased_type":[],"build_version":"2020-12-22","purchased_purges":0,"victory":false,"max_hp_per_floor":[70,70,70,70,70,70,70,70,70,70,70,70,70,70],"card_choices":[{"not_picked":["hexamod:HauntingEcho","hexamod:Again"],"picked":"hexamod:HeatMetal","floor":2},{"not_picked":["hexamod:Hexaguard","hexamod:BacktrackSmack"],"picked":"hexamod:HauntingEcho","floor":3},{"not_picked":["hexamod:SpectersWail","hexamod:CatchUp"],"picked":"hexamod:ExtraCrispy","floor":5},{"not_picked":["hexamod:SwordOfDarkness","hexamod:HeatMetal"],"picked":"hexamod:Firestarter","floor":6},{"not_picked":["hexamod:GhostLash","hexamod:BacktrackSmack"],"picked":"hexamod:RadiantFlame","floor":8},{"not_picked":["infinitespire:FinalStrike","infinitespire:Oblivion"],"picked":"infinitespire:Execution","floor":9},{"not_picked":["hexamod:PhantomFireball","hexamod:Haunt"],"picked":"hexamod:SuperheatedStrike","floor":10}],"player_experience":246296,"relics_obtained":[{"floor":6,"key":"hubris:OldNail"},{"floor":7,"key":"Anchor"}],"event_choices":[{"damage_healed":0,"gold_gain":0,"player_choice":"Fled","damage_taken":0,"max_hp_gain":0,"max_hp_loss":0,"event_name":"Scrap Ooze","floor":11,"gold_loss":0}],"is_beta":false,"boss_relics":[],"items_purged_floors":[],"is_endless":false,"potions_floor_spawned":[2,5],"killed_by":"Lagavulin","ascension_level":0}}