{"host":"vyjryxuuuxkt43k4","time":1610886416,"event":{"mods":["AchievementEnabler","BaseMod","Colored Map","DeckTracker","Keyboard Shortcuts","Minty Spire (QoL Compilation)","Permanent Neow","Quick Restart","StSLib","SuperFastMode","everything is the same but u backflip on backflip"],"gold_per_floor":[113,130,130,55,130,170,17,38,65,106,106,150,173,188,188,188,188],"floor_reached":16,"language":"KOR","playtime":598,"items_purged":["Strike_R"],"score":180,"play_id":"99964214-c352-4ccc-9880-cbfcf17e1a10","local_time":"20210117212656","is_ascension_mode":true,"campfire_choices":[{"floor":11,"key":"REST"},{"floor":15,"key":"REST"}],"circlet_count":0,"master_deck":["AscendersBane","Strike_R","Strike_R","Strike_R","Strike_R","Defend_R","Defend_R","Defend_R","Defend_R","Bash","Wild Strike","Metallicize","Thunderclap","Uppercut","Feed"],"relics":["Burning Blood","Golden Idol","Boot","TheAbacus","Pen Nib","Potion Belt","Orichalcum"],"acts_visited":["Exordium"],"potions_floor_usage":[6,10,10,16],"damage_taken":[{"damage":11,"enemies":"Cultist","floor":1,"turns":4},{"damage":0,"enemies":"Small Slimes","floor":2,"turns":3},{"damage":35,"enemies":"Lagavulin","floor":6,"turns":6},{"damage":2,"enemies":"Jaw Worm","floor":8,"turns":4},{"damage":12,"enemies":"Gremlin Nob","floor":10,"turns":4},{"damage":26,"enemies":"3 Sentries","floor":12,"turns":9},{"damage":7,"enemies":"Exordium Wildlife","floor":13,"turns":3},{"damage":7,"enemies":"Blue Slaver","floor":14,"turns":5},{"damage":44,"enemies":"The Guardian","floor":16,"turns":10}],"seed_played":"190863687804472570","potions_obtained":[{"floor":1,"key":"BlessingOfTheForge"},{"floor":6,"key":"FearPotion"},{"floor":8,"key":"Weak Potion"},{"floor":14,"key":"Explosive Potion"}],"is_trial":false,"path_per_floor":["M","M","?","$","?","E","$","M","T","E","R","E","M","M","R","B"],"character_chosen":"IRONCLAD","items_purchased":["TheAbacus"],"campfire_rested":2,"item_purchase_floors":[7],"current_hp_per_floor":[67,73,53,53,42,13,13,17,17,11,35,15,14,16,40,0,0],"gold":188,"neow_bonus":"THREE_CARDS","is_daily":false,"chose_seed":false,"campfire_upgraded":0,"win_rate":0.0,"timestamp":1610886416,"path_taken":["M","?","?","$","?","E","?","?","T","E","R","E","M","M","R","BOSS"],"items_purchased_type":["Relic"],"build_version":"2020-12-22","purchased_purges":1,"victory":false,"max_hp_per_floor":[80,80,80,80,80,80,80,80,80,80,80,80,80,83,83,83,83],"card_choices":[{"not_picked":["Body Slam","Twin Strike"],"picked":"Wild Strike","floor":0},{"not_picked":["Bloodletting","Anger"],"picked":"Metallicize","floor":1},{"not_picked":["Infernal Blade","Power Through"],"picked":"Thunderclap","floor":2},{"not_picked":["Rupture","Twin Strike"],"picked":"Uppercut","floor":6},{"not_picked":["Dark Embrace","Warcry","Headbutt"],"picked":"SKIP","floor":8},{"not_picked":["Combust","Flex","Thunderclap"],"picked":"SKIP","floor":10},{"not_picked":["Clothesline","Bludgeon"],"picked":"Feed","floor":12},{"not_picked":["Uppercut","Havoc","Headbutt"],"picked":"SKIP","floor":13},{"not_picked":["Searing Blow","Havoc","Warcry"],"picked":"SKIP","floor":14}],"player_experience":412990,"relics_obtained":[{"floor":6,"key":"Boot"},{"floor":9,"key":"Pen Nib"},{"floor":10,"key":"Potion Belt"},{"floor":12,"key":"Orichalcum"}],"event_choices":[{"damage_healed":0,"gold_gain":0,"player_choice":"Take Damage","damage_taken":20,"relics_obtained":["Golden Idol"],"max_hp_gain":0,"max_hp_loss":0,"event_name":"Golden Idol","floor":3,"gold_loss":0},{"damage_healed":0,"gold_gain":75,"player_choice":"Gather Gold","damage_taken":11,"max_hp_gain":0,"max_hp_loss":0,"event_name":"World of Goop","floor":5,"gold_loss":0}],"is_beta":false,"boss_relics":[],"items_purged_floors":[4],"is_endless":false,"potions_floor_spawned":[1,6,8,14],"killed_by":"The Guardian","ascension_level":10}}