{"host":"dqv8oo4v229c1o2l","time":1610922861,"event":{"mods":["AchievementEnabler","BaseMod","Colored Map","Colored Powertips","Minty Spire (QoL Compilation)","Quick Restart","Rare Cards Sparkle","StSLib","Synergy Search"],"gold_per_floor":[115,115,127,142,70,70,100,100,182,182,214,226,250,274,286,394,406,428,455,467,490,515,527,527],"floor_reached":23,"language":"ENG","playtime":1479,"items_purged":[],"score":223,"play_id":"ab8589d4-ddc1-49d5-a367-8348812f1fc5","local_time":"20210117143421","is_ascension_mode":true,"campfire_choices":[{"data":"Glass Knife","floor":6,"key":"SMITH"},{"floor":8,"key":"REST"},{"data":"Neutralize","floor":10,"key":"SMITH"},{"data":"Well Laid Plans","floor":12,"key":"SMITH"},{"floor":15,"key":"REST"}],"circlet_count":0,"master_deck":["Strike_G","Strike_G","Defend_G","Defend_G","Defend_G","Defend_G","Defend_G","Survivor","Neutralize+1","Glass Knife+1","Crippling Poison","Dagger Spray","Well Laid Plans+1","Dagger Spray","Heel Hook","Escape Plan","Backflip","Wraith Form v2","Blade Dance+1","Leg Sweep+1","Riddle With Holes+1","Deadly Poison","Quick Slash","Blade Dance","Accuracy"],"relics":["Ring of the Snake","Blood Vial","MawBank","Astrolabe"],"acts_visited":["Exordium","TheCity"],"potions_floor_usage":[16,16,23,23,23,23,23,23],"damage_taken":[{"damage":0,"enemies":"2 Louse","floor":1,"turns":2},{"damage":0,"enemies":"Cultist","floor":3,"turns":3},{"damage":4,"enemies":"Jaw Worm","floor":4,"turns":3},{"damage":24,"enemies":"Gremlin Nob","floor":7,"turns":4},{"damage":19,"enemies":"Lagavulin","floor":11,"turns":8},{"damage":3,"enemies":"Large Slime","floor":13,"turns":5},{"damage":13,"enemies":"Exordium Wildlife","floor":14,"turns":4},{"damage":35,"enemies":"The Guardian","floor":16,"turns":17},{"damage":13,"enemies":"2 Thieves","floor":18,"turns":4},{"damage":19,"enemies":"Spheric Guardian","floor":19,"turns":6},{"damage":18,"enemies":"Chosen and Byrds","floor":21,"turns":6},{"damage":46,"enemies":"Sentry and Sphere","floor":22,"turns":8},{"damage":22,"enemies":"Gremlin Leader","floor":23,"turns":3}],"seed_played":"-4095251309563573157","potions_obtained":[{"floor":3,"key":"EssenceOfSteel"},{"floor":4,"key":"DuplicationPotion"},{"floor":13,"key":"Block Potion"},{"floor":18,"key":"Explosive Potion"},{"floor":21,"key":"EntropicBrew"}],"is_trial":false,"path_per_floor":["M","?","M","M","$","R","E","R","T","R","E","R","M","M","R","B",null,"M","M","?","M","M","E"],"character_chosen":"THE_SILENT","items_purchased":["Well Laid Plans"],"campfire_rested":2,"item_purchase_floors":[5],"current_hp_per_floor":[49,54,54,50,50,50,26,47,47,47,30,30,29,18,39,6,70,57,40,63,47,3,0,0],"gold":527,"neow_bonus":"THREE_RARE_CARDS","is_daily":false,"chose_seed":false,"campfire_upgraded":3,"win_rate":0.0,"timestamp":1610922861,"path_taken":["M","?","M","M","?","R","E","R","T","R","E","R","M","M","R","BOSS","M","M","?","M","M","E"],"items_purchased_type":["Card"],"build_version":"2020-12-22","purchased_purges":0,"victory":false,"max_hp_per_floor":[70,70,70,70,70,70,70,70,70,70,70,70,70,70,70,70,70,70,70,70,70,70,70,70],"card_choices":[{"not_picked":["Envenom","Doppelganger"],"picked":"Glass Knife","floor":0},{"not_picked":["Deadly Poison","Deflect"],"picked":"Quick Slash","floor":1},{"not_picked":["Backstab","Flechettes"],"picked":"Crippling Poison","floor":3},{"not_picked":["PiercingWail","Cloak And Dagger"],"picked":"Dagger Spray","floor":4},{"not_picked":["Expertise","Slice"],"picked":"Dagger Spray","floor":7},{"not_picked":["Slice","Bane"],"picked":"Heel Hook","floor":11},{"not_picked":["Expertise","Cloak And Dagger"],"picked":"Escape Plan","floor":13},{"not_picked":["Flechettes","Deadly Poison"],"picked":"Backflip","floor":14},{"not_picked":["Corpse Explosion","Envenom"],"picked":"Wraith Form v2","floor":16},{"not_picked":["Setup","PiercingWail"],"picked":"Deadly Poison","floor":18},{"not_picked":["Dash","All Out Attack+1"],"picked":"Quick Slash","floor":19},{"not_picked":["Flechettes","Well Laid Plans"],"picked":"Blade Dance","floor":21},{"not_picked":["Infinite Blades","Blur"],"picked":"Accuracy","floor":22}],"player_experience":288371,"relics_obtained":[{"floor":7,"key":"Blood Vial"},{"floor":11,"key":"MawBank"}],"event_choices":[{"cards_removed":["Quick Slash"],"damage_healed":5,"gold_gain":0,"player_choice":"Offered Common","damage_taken":0,"max_hp_gain":0,"max_hp_loss":0,"event_name":"Bonfire Elementals","floor":2,"gold_loss":0},{"cards_removed":["Quick Slash"],"damage_healed":5,"gold_gain":0,"player_choice":"Offered Special","damage_taken":0,"max_hp_gain":0,"max_hp_loss":0,"event_name":"Bonfire Elementals","floor":2,"gold_loss":0},{"damage_healed":23,"gold_gain":0,"player_choice":"Heal","damage_taken":0,"max_hp_gain":0,"max_hp_loss":0,"event_name":"The Library","floor":20,"gold_loss":0}],"is_beta":false,"boss_relics":[{"not_picked":["Runic Pyramid","Fusion Hammer"],"picked":"Astrolabe"}],"items_purged_floors":[],"is_endless":false,"potions_floor_spawned":[3,4,13,18,21],"killed_by":"Gremlin Leader","ascension_level":2}}