{"host":"chv1qanoipyt46jc","time":1610855406,"event":{"mods":["2.2 Compatiblity","AchievementEnabler","BaseMod","BetterRewards","CapriCore","Card Filter","Evolution","Gold Saver","Grow up Mod","Minty Spire (QoL Compilation)","Rare Cards Sparkle","Relic Filter","Remove Card Discount Mod","Reorder Act Four","StSLib"],"gold_per_floor":[913,913,933,947,959,959,987,987,987,987,1016,1046,1057,1057,1057,1158,1158,1173,1173,1184,1203,1203,1232,1184,1195,1195,1228,1228,1253,1253,1270,1270,1371,1371,1381,1381,1399,1397,1397,1397,1414,1414,1414,1434,1434,1468,1518,1528,1528,1528,1528,1352,1352,1384,1384],"floor_reached":56,"language":"ENG","playtime":1955,"items_purged":["Rebound","Conserve Battery","Rebound","Conserve Battery","Rebound","Conserve Battery","Rebound","Conserve Battery","Dualcast","Defragment"],"score":1600,"play_id":"865cb982-1c71-47d2-bf21-30eb618cde74","local_time":"20210116215006","is_ascension_mode":false,"campfire_choices":[{"floor":6,"key":"REST"},{"data":"Zap","floor":8,"key":"SMITH"},{"floor":15,"key":"REST"},{"data":"Heatsinks","floor":28,"key":"SMITH"},{"floor":30,"key":"RECALL"},{"data":"Creative AI","floor":32,"key":"SMITH"},{"data":"Echo Form","floor":40,"key":"SMITH"},{"data":"Defragment","floor":42,"key":"SMITH"},{"data":"Madness","floor":45,"key":"SMITH"},{"data":"Madness","floor":49,"key":"SMITH"},{"data":"1","floor":53,"key":"LIFT"}],"circlet_count":0,"master_deck":["Zap+1","Defragment+1","Heatsinks+1","Loop","Defragment","Gash+1","Heatsinks","Loop","Creative AI+1","Capacitor+1","Gash","Machine Learning","Defragment","Echo Form+1","Coolheaded+1","Madness+1","Madness+1","Gash","Gash","Coolheaded"],"relics":["FrozenCore","EVO:Axolotl","Symbiotic Virus","Torii","Vajra","Whetstone","Odd Mushroom","Tiny Chest","Inserter","Meat on the Bone","FossilizedHelix","War Paint","Dream Catcher","White Beast Statue","Girya","MealTicket","Medical Kit","Sundial"],"acts_visited":["Exordium","TheCity","TheBeyond","TheEnding"],"potions_floor_usage":[55,55],"damage_taken":[{"damage":8,"enemies":"2 Louse","floor":1,"turns":2},{"damage":11,"enemies":"Small Slimes","floor":3,"turns":3},{"damage":18,"enemies":"Jaw Worm","floor":4,"turns":3},{"damage":27,"enemies":"Large Slime","floor":5,"turns":4},{"damage":36,"enemies":"Lagavulin","floor":7,"turns":5},{"damage":19,"enemies":"The Mushroom Lair","floor":11,"turns":3},{"damage":36,"enemies":"3 Sentries","floor":12,"turns":4},{"damage":13,"enemies":"Red Slaver","floor":13,"turns":2},{"damage":0,"enemies":"Slime Boss","floor":16,"turns":5},{"damage":30,"enemies":"2 Thieves","floor":18,"turns":3},{"damage":24,"enemies":"Shell Parasite","floor":20,"turns":3},{"damage":21,"enemies":"Snake Plant","floor":21,"turns":3},{"damage":54,"enemies":"Gremlin Leader","floor":23,"turns":4},{"damage":26,"enemies":"Snecko","floor":25,"turns":6},{"damage":65,"enemies":"Slavers","floor":27,"turns":4},{"damage":6,"enemies":"Chosen and Byrds","floor":31,"turns":4},{"damage":48,"enemies":"Collector","floor":33,"turns":4},{"damage":30,"enemies":"3 Shapes","floor":35,"turns":7},{"damage":53,"enemies":"Orb Walker","floor":37,"turns":6},{"damage":15,"enemies":"Transient","floor":41,"turns":5},{"damage":57,"enemies":"Writhing Mass","floor":44,"turns":5},{"damage":85,"enemies":"Reptomancer","floor":46,"turns":4},{"damage":20,"enemies":"Sphere and 2 Shapes","floor":48,"turns":3},{"damage":54,"enemies":"Time Eater","floor":50,"turns":7},{"damage":80,"enemies":"Shield and Spear","floor":54,"turns":5},{"damage":90,"enemies":"The Heart","floor":55,"turns":6}],"seed_played":"-1429463804812331067","potions_obtained":[{"floor":3,"key":"PowerPotion"},{"floor":4,"key":"Energy Potion"},{"floor":7,"key":"Swift Potion"}],"is_trial":false,"path_per_floor":["M","$","M","M","M","R","E","R","T","?","?","E","M","$","R","B",null,"M","?","M","M","?","E","$","M","T","E","R","T","R","M","R","B",null,"M","?","M","$","?","R","M","R","T","M","R","E","T","M","R","B",null,"$","R","E","B",null],"character_chosen":"DEFECT","items_purchased":["Defragment","Heatsinks","Symbiotic Virus","Loop","Torii","Defragment","Gash","Vajra","Heatsinks","Gash","Medical Kit","Coolheaded"],"campfire_rested":2,"item_purchase_floors":[0,0,0,0,0,0,0,0,0,24,52,52],"current_hp_per_floor":[43,53,52,44,27,78,52,62,72,82,73,47,44,54,132,142,259,239,249,235,224,164,120,130,126,136,93,103,113,123,139,149,123,434,414,368,325,335,345,355,350,360,370,323,333,270,280,282,292,260,604,614,624,554,474],"gold":1384,"neow_bonus":"","is_daily":false,"chose_seed":false,"campfire_upgraded":7,"win_rate":0.0,"timestamp":1610855406,"path_taken":["M","$","M","M","M","R","E","R","T","?","?","E","M","$","R","BOSS","M","?","M","M","?","E","?","M","T","E","R","?","R","?","R","BOSS","M","?","M","$","?","R","M","R","T","M","R","E","?","M","R","BOSS","$","R","E","BOSS"],"items_purchased_type":["Card","Card","Relic","Card","Relic","Card","Card","Relic","Card","Card","Relic","Card"],"build_version":"2020-12-22","purchased_purges":10,"victory":true,"max_hp_per_floor":[99,109,119,129,139,149,159,169,179,189,199,209,219,229,239,249,259,269,279,289,299,314,324,334,344,354,364,374,384,394,404,414,424,434,444,454,464,474,484,494,504,514,524,534,544,554,564,574,584,594,604,614,624,634,644],"card_choices":[{"not_picked":["Redo","Leap","Streamline"],"picked":"SKIP","floor":1},{"not_picked":["Ball Lightning","Rebound"],"picked":"Loop","floor":3},{"not_picked":["Chill","Redo","Streamline"],"picked":"SKIP","floor":4},{"not_picked":["Sweeping Beam","Conserve Battery"],"picked":"Creative AI","floor":5},{"not_picked":["Rebound","Creative AI","Redo"],"picked":"SKIP","floor":7},{"not_picked":["Ball Lightning","Go for the Eyes"],"picked":"Defragment","floor":12},{"not_picked":["Leap","Rebound","Ball Lightning"],"picked":"SKIP","floor":13},{"not_picked":["Compile Driver","Recycle+1","Sweeping Beam"],"picked":"SKIP","floor":18},{"not_picked":["Barrage+1","Fusion","Compile Driver"],"picked":"SKIP","floor":20},{"not_picked":["Chaos","Melter","Fusion"],"picked":"SKIP","floor":21},{"not_picked":["Leap","White Noise"],"picked":"Capacitor+1","floor":23},{"not_picked":["Streamline","Conserve Battery"],"picked":"Machine Learning","floor":25},{"not_picked":["Rebound","Chaos+1"],"picked":"Defragment","floor":27},{"not_picked":["Heatsinks","Rebound+1","Conserve Battery"],"picked":"SKIP","floor":31},{"not_picked":["Buffer","Machine Learning"],"picked":"Echo Form","floor":33},{"not_picked":["Chill","Force Field+1"],"picked":"Coolheaded+1","floor":35},{"not_picked":["Leap+1","Force Field+1"],"picked":"Gash","floor":37},{"not_picked":["Streamline+1","Fusion"],"picked":"Gash","floor":41},{"not_picked":["Defragment","Turbo+1","Conserve Battery+1"],"picked":"SKIP","floor":44},{"not_picked":["Leap","Rebound","Undo+1"],"picked":"SKIP","floor":46},{"not_picked":["Recycle+1","Creative AI","Streamline"],"picked":"SKIP","floor":48},{"not_picked":["Consume+1","Melter+1","Conserve Battery"],"picked":"SKIP","floor":54}],"player_experience":312170,"relics_obtained":[{"floor":7,"key":"Whetstone"},{"floor":11,"key":"Odd Mushroom"},{"floor":12,"key":"Tiny Chest"},{"floor":23,"key":"Meat on the Bone"},{"floor":26,"key":"FossilizedHelix"},{"floor":27,"key":"War Paint"},{"floor":29,"key":"Dream Catcher"},{"floor":43,"key":"White Beast Statue"},{"floor":46,"key":"Girya"},{"floor":47,"key":"MealTicket"},{"floor":54,"key":"Sundial"}],"event_choices":[{"damage_healed":0,"gold_gain":0,"player_choice":"Ignored","damage_taken":0,"max_hp_gain":0,"max_hp_loss":0,"event_name":"Golden Wing","floor":10,"gold_loss":0},{"damage_healed":0,"gold_gain":0,"player_choice":"Fought Mushrooms","damage_taken":0,"max_hp_gain":0,"max_hp_loss":0,"event_name":"Mushrooms","floor":11,"gold_loss":0},{"damage_healed":0,"gold_gain":0,"player_choice":"Ignored","damage_taken":0,"max_hp_gain":0,"max_hp_loss":0,"event_name":"Ghosts","floor":19,"gold_loss":0},{"damage_healed":0,"gold_gain":0,"player_choice":"Shed Blood","damage_taken":75,"max_hp_gain":5,"max_hp_loss":0,"event_name":"Forgotten Altar","floor":22,"gold_loss":0},{"damage_healed":0,"gold_gain":0,"player_choice":"Embrace Madness","damage_taken":56,"max_hp_gain":0,"max_hp_loss":0,"event_name":"Winding Halls","floor":36,"gold_loss":0,"cards_obtained":["Madness","Madness"]},{"damage_healed":0,"gold_gain":0,"player_choice":"Ignored","damage_taken":0,"max_hp_gain":0,"max_hp_loss":0,"event_name":"Tomb of Lord Red Mask","floor":39,"gold_loss":0}],"is_beta":false,"boss_relics":[{"not_picked":["Cursed Key","Tiny House"],"picked":"Inserter"},{"not_picked":["Coffee Dripper","Busted Crown"],"picked":"FrozenCore"}],"items_purged_floors":[0,0,0,0,0,0,0,0,0,38],"is_endless":false,"potions_floor_spawned":[3,4,7,11,13,21,25,27,33,35,37,44,46,48,54],"ascension_level":0}}