{"host":"y1oqg7uy0jc6f5mb","time":1610898775,"event":{"mods":["BaseMod","Block Reminder","Colored Map","Colored Powertips","Custom Start","DeckTracker","Highlight Path","Minty Spire (QoL Compilation)","Permanent Neow","Quick Restart","Relic Sorter","Relic Stats","StSLib"],"gold_per_floor":[119,136,154,104,104,104,139,149,175,185,215,246,1,17,17,116,166,186,186,196,211,231,231,231,231],"floor_reached":24,"language":"ENG","playtime":3018,"items_purged":[],"score":210,"play_id":"7177555f-5ff4-4e91-8903-96501b87d920","local_time":"20210117235255","is_ascension_mode":false,"campfire_choices":[{"data":"Neutralize","floor":6.0,"key":"SMITH"},{"floor":15.0,"key":"REST"},{"floor":23.0,"key":"REST"}],"circlet_count":0,"master_deck":["Strike_G","Strike_G","Strike_G","Strike_G","Defend_G+1","Defend_G","Defend_G","Defend_G","Survivor","Neutralize+1","A Thousand Cuts","Blur","Dodge and Roll+1","Backflip","Pain","Dagger Throw","Crippling Poison","Dodge and Roll","Dagger Spray","Blur+1","Wraith Form v2","Noxious Fumes","Phantasmal Killer","Dagger Spray","Backstab","J.A.X.","Deadly Poison","Outmaneuver"],"relics":["Ring of the Snake","WarpedTongs","War Paint","Blood Vial","Centennial Puzzle","Tiny House"],"acts_visited":["Exordium","TheCity"],"potions_floor_usage":[24,24],"damage_taken":[{"damage":6.0,"enemies":"2 Louse","floor":1.0,"turns":3.0},{"damage":1.0,"enemies":"Jaw Worm","floor":2.0,"turns":6.0},{"damage":0.0,"enemies":"Cultist","floor":3.0,"turns":6.0},{"damage":14.0,"enemies":"Lagavulin","floor":7.0,"turns":13.0},{"damage":4.0,"enemies":"2 Fungi Beasts","floor":8.0,"turns":4.0},{"damage":13.0,"enemies":"Large Slime","floor":10.0,"turns":9.0},{"damage":23.0,"enemies":"Gremlin Nob","floor":12.0,"turns":5.0},{"damage":5.0,"enemies":"Looter","floor":14.0,"turns":4.0},{"damage":21.0,"enemies":"Slime Boss","floor":16.0,"turns":11.0},{"damage":14.0,"enemies":"3 Byrds","floor":18.0,"turns":6.0},{"damage":14.0,"enemies":"Shell Parasite","floor":20.0,"turns":7.0},{"damage":30.0,"enemies":"Chosen and Byrds","floor":21.0,"turns":8.0},{"damage":9.0,"enemies":"Cultist and Chosen","floor":22.0,"turns":7.0},{"damage":38,"enemies":"Slavers","floor":24,"turns":5}],"seed_played":"-4313096641555829530","potions_obtained":[{"floor":1.0,"key":"Weak Potion"},{"floor":2.0,"key":"SkillPotion"},{"floor":7.0,"key":"GamblersBrew"},{"floor":10.0,"key":"AttackPotion"},{"floor":12.0,"key":"Fire Potion"},{"floor":17.0,"key":"ColorlessPotion"},{"floor":21.0,"key":"Explosive Potion"},{"floor":22.0,"key":"Block Potion"}],"is_trial":false,"path_per_floor":["M","M","M","?","?","R","E","M","T","M","?","E","$","M","R","B",null,"M","?","M","M","M","R","E"],"character_chosen":"THE_SILENT","items_purchased":["Blur","Wraith Form v2"],"campfire_rested":2,"item_purchase_floors":[13,13],"current_hp_per_floor":[64,63,63,63,63,63,49,45,45,34,34,13,13,10,31,12,75,61,61,49,21,14,36,0,0],"gold":231,"neow_bonus":"TRANSFORM_CARD","is_daily":false,"chose_seed":false,"campfire_upgraded":1,"win_rate":0.0,"timestamp":1610898775,"path_taken":["M","M","M","?","?","R","E","M","T","?","?","E","$","M","R","BOSS","M","?","M","M","M","R","E"],"items_purchased_type":["Card","Card"],"build_version":"2020-12-22","purchased_purges":0,"victory":false,"max_hp_per_floor":[70,70,70,70,70,70,70,70,70,70,70,70,70,70,70,70,75,75,75,75,75,75,75,75,75],"relic_stats":{"Blood Vial":16,"Centennial Puzzle":[21],"counters":[14,94],"War Paint":["Defend_G","Dodge and Roll"],"obtain_stats":[{"Blood Vial":9,"Centennial Puzzle":12,"Tiny House":17,"War Paint":7,"Ring of the Snake":0,"WarpedTongs":5},{"Blood Vial":5,"Centennial Puzzle":7,"Tiny House":9,"War Paint":4,"Ring of the Snake":0,"WarpedTongs":3},{"Blood Vial":32,"Centennial Puzzle":46,"Tiny House":61,"War Paint":28,"Ring of the Snake":0,"WarpedTongs":15}],"Ring of the Snake":[28],"WarpedTongs":[78]},"card_choices":[{"not_picked":["Dodge and Roll","Endless Agony"],"picked":"Blur","floor":1.0},{"not_picked":["Dagger Throw","Dagger Spray"],"picked":"Dodge and Roll","floor":2.0},{"not_picked":["Choke","Dodge and Roll"],"picked":"Backflip","floor":3.0},{"not_picked":["Deadly Poison","Finisher"],"picked":"Dagger Throw","floor":7.0},{"not_picked":["Quick Slash","Deadly Poison"],"picked":"Crippling Poison","floor":8.0},{"not_picked":["Quick Slash","Poisoned Stab"],"picked":"Dodge and Roll","floor":10.0},{"not_picked":["Crippling Poison","Reflex"],"picked":"Dagger Spray","floor":12.0},{"not_picked":["Sucker Punch","Prepared"],"picked":"Noxious Fumes","floor":14.0},{"not_picked":["A Thousand Cuts","Bullet Time"],"picked":"Phantasmal Killer","floor":16.0},{"not_picked":["Choke","Slice"],"picked":"Dagger Spray","floor":17.0},{"not_picked":["All Out Attack","Dodge and Roll"],"picked":"Backstab","floor":18.0},{"not_picked":["Sucker Punch","Finisher"],"picked":"Deadly Poison","floor":20.0},{"not_picked":["Quick Slash","Flying Knee+1"],"picked":"Outmaneuver","floor":21.0},{"not_picked":["Expertise","Sucker Punch+1","Dodge and Roll"],"picked":"SKIP","floor":22.0}],"player_experience":45220,"relics_obtained":[{"floor":7.0,"key":"War Paint"},{"floor":9.0,"key":"Blood Vial"},{"floor":12.0,"key":"Centennial Puzzle"}],"event_choices":[{"cards_removed":["Strike_G"],"damage_healed":0.0,"max_hp_gain":0.0,"max_hp_loss":0.0,"gold_gain":0.0,"event_name":"The Cleric","player_choice":"Card Removal","floor":4.0,"gold_loss":50.0,"damage_taken":0.0},{"damage_healed":0.0,"max_hp_gain":0.0,"max_hp_loss":0.0,"gold_gain":0.0,"event_name":"Accursed Blacksmith","player_choice":"Rummage","floor":5.0,"gold_loss":0.0,"damage_taken":0.0,"relics_obtained":["WarpedTongs"],"cards_obtained":["Pain"]},{"damage_healed":0.0,"max_hp_gain":0.0,"max_hp_loss":0.0,"gold_gain":30.0,"event_name":"Dead Adventurer","player_choice":"Searched \u00272\u0027 times","floor":11.0,"gold_loss":0.0,"damage_taken":0.0},{"damage_healed":0.0,"max_hp_gain":0.0,"max_hp_loss":0.0,"gold_gain":0.0,"event_name":"Drug Dealer","player_choice":"Obtain J.A.X.","floor":19.0,"gold_loss":0.0,"damage_taken":0.0,"cards_obtained":["J.A.X."]}],"is_beta":false,"boss_relics":[{"not_picked":["WristBlade","Empty Cage"],"picked":"Tiny House"}],"items_purged_floors":[],"is_endless":false,"potions_floor_spawned":[1,2,7,10,12,21,22],"killed_by":"Slavers","ascension_level":0}}