{"host":"g01l53quoe6lrer0","time":1610896679,"event":{"mods":["2.2 Compatiblity","AchievementEnabler","BaseMod","Colored Map","Highlight Path","Keyboard Shortcuts","Minty Spire (QoL Compilation)","Permanent Neow","StSLib","SuperFastMode","everything is the same but u backflip on backflip"],"gold_per_floor":[15,29,41,55,55,55,68,68,68,68,43,43,17,27,27,101,101,113,132,143,0,0,0,33,33,33,50,50,69,69,69],"floor_reached":30,"language":"KOR","playtime":729,"items_purged":[],"score":472,"play_id":"ce83abb5-87c8-4774-b26c-38d7225deab0","local_time":"20210118001759","is_ascension_mode":true,"campfire_choices":[{"floor":6.0,"key":"REST"},{"data":"Consume","floor":8.0,"key":"SMITH"},{"data":"Capacitor","floor":10.0,"key":"SMITH"},{"data":"Go for the Eyes","floor":12.0,"key":"SMITH"},{"floor":15.0,"key":"REST"},{"floor":23.0,"key":"REST"},{"floor":25.0,"key":"REST"},{"floor":28.0,"key":"REST"}],"circlet_count":0,"master_deck":["AscendersBane","Strike_B+1","Strike_B","Strike_B","Strike_B+1","Defend_B","Defend_B","Defend_B","Defend_B","Zap","Dualcast","Streamline","Capacitor+1","Double Energy","Cold Snap","Consume+1","Go for the Eyes+1","Coolheaded","Melter","Electrodynamics","Hologram","White Noise","Hologram+1","Capacitor+1","Leap","Compile Driver+1"],"relics":["Cracked Core","Calipers","Whetstone","Runic Pyramid","Centennial Puzzle","Art of War"],"acts_visited":["Exordium","TheCity"],"potions_floor_usage":[30],"damage_taken":[{"damage":14.0,"enemies":"Small Slimes","floor":1.0,"turns":4.0},{"damage":0.0,"enemies":"Cultist","floor":2.0,"turns":3.0},{"damage":4.0,"enemies":"2 Louse","floor":3.0,"turns":2.0},{"damage":14.0,"enemies":"Exordium Wildlife","floor":4.0,"turns":3.0},{"damage":11.0,"enemies":"Exordium Thugs","floor":7.0,"turns":4.0},{"damage":12.0,"enemies":"Lots of Slimes","floor":14.0,"turns":4.0},{"damage":16.0,"enemies":"Hexaghost","floor":16.0,"turns":12.0},{"damage":0.0,"enemies":"Spheric Guardian","floor":18.0,"turns":2.0},{"damage":3.0,"enemies":"Chosen","floor":19.0,"turns":5.0},{"damage":17.0,"enemies":"Snake Plant","floor":20.0,"turns":4.0},{"damage":51.0,"enemies":"Slavers","floor":24.0,"turns":5.0},{"damage":23.0,"enemies":"Centurion and Healer","floor":27.0,"turns":7.0},{"damage":25.0,"enemies":"Shelled Parasite and Fungi","floor":29.0,"turns":6.0},{"damage":9,"enemies":"Cultist and Chosen","floor":30,"turns":3}],"seed_played":"-2183296965798280759","potions_obtained":[{"floor":2.0,"key":"Energy Potion"},{"floor":5.0,"key":"Ancient Potion"},{"floor":5.0,"key":"PotionOfCapacity"},{"floor":14.0,"key":"ColorlessPotion"},{"floor":16.0,"key":"Fire Potion"},{"floor":27.0,"key":"Weak Potion"},{"floor":29.0,"key":"Weak Potion"}],"is_trial":false,"path_per_floor":["M","M","M","M","?","R","M","R","T","R","$","R","$","M","R","B",null,"M","M","M","?","?","R","E","R","T","M","R","M","M"],"character_chosen":"DEFECT","items_purchased":["Go for the Eyes","Coolheaded"],"campfire_rested":5,"item_purchase_floors":[11,13],"current_hp_per_floor":[50,50,46,32,32,53,42,42,42,42,42,42,42,30,51,35,62,62,59,42,42,42,63,12,33,33,10,31,6,0,0],"gold":69,"neow_bonus":"ONE_RARE_RELIC","is_daily":false,"chose_seed":false,"campfire_upgraded":3,"win_rate":0.0,"timestamp":1610896679,"path_taken":["M","M","M","M","?","R","M","R","T","R","$","R","?","?","R","BOSS","M","M","M","?","?","R","E","R","T","M","R","M","M"],"items_purchased_type":["Card","Card"],"build_version":"2020-12-22","purchased_purges":0,"victory":false,"max_hp_per_floor":[71,71,71,71,71,71,71,71,71,71,71,71,71,71,71,71,71,71,71,71,71,71,71,71,71,71,71,71,71,71,71],"card_choices":[{"not_picked":["Chill","Hologram"],"picked":"Streamline","floor":1.0},{"not_picked":["Ball Lightning","Turbo"],"picked":"Capacitor","floor":2.0},{"not_picked":["Go for the Eyes","Capacitor"],"picked":"Double Energy","floor":3.0},{"not_picked":["Streamline","Compile Driver"],"picked":"Cold Snap","floor":4.0},{"not_picked":["Coolheaded","Steam"],"picked":"Consume","floor":7.0},{"not_picked":["Rainbow","Heatsinks"],"picked":"Melter","floor":14.0},{"not_picked":["Meteor Strike","Seek"],"picked":"Electrodynamics","floor":16.0},{"not_picked":["Go for the Eyes+1","Stack"],"picked":"Hologram","floor":18.0},{"not_picked":["Redo","Lockon"],"picked":"White Noise","floor":19.0},{"not_picked":["Barrage","Double Energy"],"picked":"Hologram+1","floor":20.0},{"not_picked":["Genetic Algorithm","Streamline","Rip and Tear"],"picked":"SKIP","floor":24.0},{"not_picked":["Rip and Tear","Beam Cell"],"picked":"Leap","floor":27.0},{"not_picked":["Reprogram+1","Static Discharge"],"picked":"Compile Driver+1","floor":29.0}],"player_experience":216808,"relics_obtained":[{"floor":9.0,"key":"Whetstone"},{"floor":24.0,"key":"Centennial Puzzle"},{"floor":26.0,"key":"Art of War"}],"event_choices":[{"damage_healed":0.0,"max_hp_gain":0.0,"max_hp_loss":0.0,"gold_gain":0.0,"event_name":"Lab","player_choice":"Got Potions","floor":5.0,"gold_loss":0.0,"damage_taken":0.0},{"damage_healed":0.0,"max_hp_gain":0.0,"max_hp_loss":0.0,"gold_gain":0.0,"event_name":"Masked Bandits","player_choice":"Paid Fearfully","floor":21.0,"gold_loss":143.0,"damage_taken":0.0},{"damage_healed":0.0,"max_hp_gain":0.0,"max_hp_loss":0.0,"gold_gain":0.0,"event_name":"Duplicator","player_choice":"Copied","floor":22.0,"gold_loss":0.0,"damage_taken":0.0,"cards_obtained":["Capacitor"]}],"is_beta":false,"boss_relics":[{"not_picked":["Runic Dome","Pandora\u0027s Box"],"picked":"Runic Pyramid"}],"items_purged_floors":[],"is_endless":false,"potions_floor_spawned":[2,7,14,16,19,27,29],"killed_by":"Cultist and Chosen","ascension_level":19}}