{"host":"r53pw7z744tg3fxg","time":1610912227,"event":{"mods":["AchievementEnabler","BaseMod","Colored Map","Colored Powertips","Highlight Path","Minty Spire (QoL Compilation)","Quick Restart","Transform Curses"],"gold_per_floor":[16,29,43,56,56,82,82,115,115,115,126,156,167,167,167,241,241,256,256,62,74,74,74],"floor_reached":22,"language":"ENG","playtime":882,"items_purged":[],"score":416,"play_id":"8a8f97fb-6030-4d1e-95ac-d57911fef1f1","local_time":"20210117123707","is_ascension_mode":true,"campfire_choices":[{"floor":7,"key":"REST"},{"data":"Eruption","floor":10,"key":"SMITH"},{"data":"Wallop","floor":15,"key":"SMITH"}],"circlet_count":0,"master_deck":["AscendersBane","Strike_P","Strike_P","Strike_P","Strike_P","Defend_P","Defend_P","Defend_P","Defend_P","Eruption+1","Vigilance","Halt","Consecrate","SandsOfTime","BowlingBash","CutThroughFate","Wallop+1","LessonLearned","PathToVictory","WheelKick+1","Alpha","Swivel","Bandage Up","DeceiveReality","ClearTheMind","FlurryOfBlows"],"relics":["PureWater","Shuriken","Bottled Lightning","StrikeDummy","Pen Nib","Busted Crown"],"acts_visited":["Exordium","TheCity"],"potions_floor_usage":[],"damage_taken":[{"damage":0,"enemies":"Cultist","floor":1,"turns":2},{"damage":3,"enemies":"Small Slimes","floor":2,"turns":7},{"damage":4,"enemies":"Jaw Worm","floor":3,"turns":6},{"damage":2,"enemies":"2 Fungi Beasts","floor":4,"turns":3},{"damage":14,"enemies":"3 Sentries","floor":6,"turns":7},{"damage":8,"enemies":"Gremlin Nob","floor":8,"turns":3},{"damage":0,"enemies":"3 Louse","floor":11,"turns":3},{"damage":0,"enemies":"Lagavulin","floor":12,"turns":3},{"damage":0,"enemies":"Blue Slaver","floor":13,"turns":2},{"damage":28,"enemies":"The Guardian","floor":16,"turns":7},{"damage":26,"enemies":"Spheric Guardian","floor":18,"turns":4},{"damage":25,"enemies":"Shell Parasite","floor":21,"turns":6}],"seed_played":"5131051704672342860","potions_obtained":[{"floor":2,"key":"PowerPotion"},{"floor":3,"key":"ColorlessPotion"}],"is_trial":false,"path_per_floor":["M","M","M","M","$","E","R","E","T","R","M","E","M","?","R","B",null,"M","?","$","M","?"],"character_chosen":"WATCHER","items_purchased":["Bandage Up","DeceiveReality","ClearTheMind"],"campfire_rested":1,"item_purchase_floors":[20,20,20],"current_hp_per_floor":[73,70,66,64,64,50,74,66,66,66,66,66,66,66,66,38,70,44,44,44,23,0,0],"gold":74,"neow_bonus":"TWENTY_PERCENT_HP_BONUS","is_daily":false,"chose_seed":false,"campfire_upgraded":2,"win_rate":0.0,"timestamp":1610912227,"path_taken":["M","M","M","M","?","E","R","E","T","R","?","E","M","?","R","BOSS","M","?","$","M","?"],"items_purchased_type":["Card","Card","Card"],"build_version":"2020-12-22","purchased_purges":0,"victory":false,"max_hp_per_floor":[80,80,80,80,80,80,80,80,80,80,80,80,80,80,80,80,80,80,80,80,80,85,85],"card_choices":[{"not_picked":["JustLucky","Wireheading"],"picked":"Halt","floor":1},{"not_picked":["PathToVictory","CutThroughFate"],"picked":"Consecrate","floor":2},{"not_picked":["Collect","Wireheading"],"picked":"SandsOfTime","floor":3},{"not_picked":["Prostrate","CrushJoints"],"picked":"BowlingBash","floor":4},{"not_picked":["WaveOfTheHand","ThirdEye"],"picked":"CutThroughFate","floor":6},{"not_picked":["CutThroughFate","WaveOfTheHand"],"picked":"Wallop","floor":8},{"not_picked":["Prostrate","Halt"],"picked":"LessonLearned","floor":11},{"not_picked":["JustLucky","Adaptation"],"picked":"PathToVictory","floor":12},{"not_picked":["EmptyFist","EmptyBody"],"picked":"WheelKick","floor":13},{"not_picked":["LessonLearned","Wish"],"picked":"Alpha","floor":16},{"not_picked":[],"picked":"Swivel","floor":18},{"not_picked":[],"picked":"FlurryOfBlows","floor":21}],"player_experience":1289536,"relics_obtained":[{"floor":6,"key":"Shuriken"},{"floor":8,"key":"Bottled Lightning"},{"floor":9,"key":"StrikeDummy"},{"floor":12,"key":"Pen Nib"}],"event_choices":[{"damage_healed":0,"gold_gain":0,"player_choice":"Leave","damage_taken":0,"max_hp_gain":0,"max_hp_loss":0,"event_name":"The Cleric","floor":14,"gold_loss":0},{"damage_healed":0,"gold_gain":0,"player_choice":"Ignored","damage_taken":0,"max_hp_gain":0,"max_hp_loss":0,"event_name":"Beggar","floor":19,"gold_loss":0}],"is_beta":false,"boss_relics":[{"not_picked":["Empty Cage","Cursed Key"],"picked":"Busted Crown"}],"items_purged_floors":[],"is_endless":false,"potions_floor_spawned":[2,3,8,11,18],"ascension_level":16}}