{"host":"0ricjaa7rfq9v76t","time":1610882141,"event":{"mods":["AchievementEnabler","Aspiration","BaseMod","Better Vampires","Colored Powertips","Highlight Path","Hubris","Infinite Spire","Minty Spire (QoL Compilation)","Quick Restart","Rare Cards Sparkle","Relic Sorter","Replay The Spire","StSLib","SuperFastMode","Synergy Search","The Cursed","The Disciple","The Jungle","The Runesmith"],"gold_per_floor":[115,134,134,182,182,207,223,237,263,263,263,281,299,319,319,421,421,438,438,458,458,471,471,501,501,526,526,526,526,541,553,553,553,553],"floor_reached":33,"language":"ENG","playtime":2169,"items_purged":["Defend_B"],"score":269,"play_id":"df11db10-eb7f-43ec-9c4f-0bc4c91726ae","local_time":"20210117191541","is_ascension_mode":false,"campfire_choices":[{"floor":10,"key":"REST"},{"floor":15,"key":"REST"},{"floor":23,"key":"REST"},{"floor":25,"key":"REST"},{"floor":29,"key":"REST"},{"floor":32,"key":"REST"}],"circlet_count":0,"master_deck":["Strike_B","Strike_B","Strike_B","Defend_B","Defend_B","Defend_B","Zap","Dualcast","Stack","Conserve Battery","Strike_B","Seek","Storm+1","Streamline","Barrage","Gash","FIFO Queue","Tempest","Loop","Loop+1","infinitespire:Starlight","White Noise","Pain","Conserve Battery+1","Creative AI"],"relics":["Cracked Core","ReplayTheSpireMod:Ring of Sloth","aspiration:TomeofQuesting","Nunchaku","Happy Flower","hubris:ScarierMask","Prayer Wheel","HandDrill","Anchor","infinitespire:PuzzleCube","WarpedTongs"],"acts_visited":["Exordium","TheCity"],"potions_floor_usage":[12,16,16,18,33],"damage_taken":[{"damage":4,"enemies":"Cultist","floor":1,"turns":4},{"damage":11,"enemies":"Jaw Worm","floor":2,"turns":3},{"damage":19,"enemies":"3 Sentries","floor":6,"turns":10},{"damage":12,"enemies":"infinitespire:Voidling","floor":7,"turns":3},{"damage":28,"enemies":"Exordium Wildlife","floor":8,"turns":6},{"damage":14,"enemies":"Gremlin Gang","floor":12,"turns":4},{"damage":7,"enemies":"Blue Slaver","floor":13,"turns":3},{"damage":2,"enemies":"3 Louse","floor":14,"turns":4},{"damage":17,"enemies":"Slime Boss","floor":16,"turns":9},{"damage":35,"enemies":"Spheric Guardian","floor":18,"turns":6},{"damage":5,"enemies":"2 Thieves","floor":20,"turns":4},{"damage":30,"enemies":"Centurion and Healer","floor":22,"turns":5},{"damage":51,"enemies":"Slavers","floor":24,"turns":5},{"damage":0,"enemies":"Cultist and Chosen","floor":30,"turns":4},{"damage":36,"enemies":"Snake Plant","floor":31,"turns":5},{"damage":55,"enemies":"hubris:MusketHawk","floor":33,"turns":6}],"seed_played":"-4701209989487554372","potions_obtained":[{"floor":1,"key":"Adrenaline Potion"},{"floor":6,"key":"FocusPotion"},{"floor":12,"key":"FearPotion"},{"floor":13,"key":"FearPotion"},{"floor":14,"key":"AttackPotion"},{"floor":18,"key":"Strength Potion"},{"floor":30,"key":"BlessingOfTheForge"},{"floor":31,"key":"Doom Potion"}],"is_trial":false,"path_per_floor":["M","M","?","T","?","E","M","M","T","R","?","M","M","M","R","B",null,"M","?","M","AVR","M","R","E","R","T","?","?","R","M","M","R","B"],"character_chosen":"DEFECT","items_purchased":[],"campfire_rested":6,"item_purchase_floors":[],"current_hp_per_floor":[78,67,67,67,67,48,36,8,8,32,32,18,11,9,33,16,82,47,47,42,42,22,46,5,29,29,13,13,37,47,21,45,0,0],"gold":553,"neow_bonus":"TEN_PERCENT_HP_BONUS","is_daily":false,"chose_seed":false,"campfire_upgraded":0,"win_rate":0.0,"timestamp":1610882141,"path_taken":["M","M","?","?","?","E","?","M","T","R","?","?","M","M","R","BOSS","M","?","M","AVR","M","R","E","R","T","?","?","R","M","?","R","BOSS"],"items_purchased_type":[],"build_version":"2020-12-22","purchased_purges":1,"victory":false,"max_hp_per_floor":[82,82,82,82,82,82,82,82,82,82,82,82,82,82,82,82,82,82,82,82,82,82,82,82,82,82,82,82,82,82,82,82,82,82],"card_choices":[{"not_picked":["Aggregate","Fusion"],"picked":"Stack","floor":1},{"not_picked":["Self Repair","Doom and Gloom"],"picked":"Conserve Battery","floor":2},{"not_picked":["Tempest","Scrape"],"picked":"Seek","floor":6},{"not_picked":["Streamline","Force Field"],"picked":"Storm","floor":7},{"not_picked":["Hologram","Sunder"],"picked":"Streamline","floor":8},{"not_picked":["Aggregate","hubris:PowerSurge"],"picked":"Barrage","floor":12},{"not_picked":["Compile Driver","Steam","BootSequence"],"picked":"SKIP","floor":13},{"not_picked":["Chaos","Stack"],"picked":"Gash","floor":14},{"not_picked":["Thunder Strike","Rainbow"],"picked":"ReplayTheSpireMod:Fabricate Wheel","floor":16},{"not_picked":["Conserve Battery","ReplayTheSpireMod:Calculation Training"],"picked":"FIFO Queue","floor":18},{"not_picked":["Go for the Eyes+1","Stack+1"],"picked":"Tempest","floor":18},{"not_picked":["Barrage","Sunder"],"picked":"Loop","floor":20},{"not_picked":["Barrage","Gash+1"],"picked":"Loop+1","floor":20},{"not_picked":["Panic Button+1","ReplayTheSpireMod:Calculation Training","Loop"],"picked":"SKIP","floor":22},{"not_picked":["Sweeping Beam","Rebound","Go for the Eyes"],"picked":"SKIP","floor":22},{"not_picked":["Beam Cell","Hologram"],"picked":"White Noise","floor":24},{"not_picked":["Coolheaded","Beam Cell"],"picked":"Conserve Battery+1","floor":30},{"not_picked":["Go for the Eyes","Defragment"],"picked":"Creative AI","floor":30},{"not_picked":["Loop","Sweeping Beam","Sunder"],"picked":"SKIP","floor":31},{"not_picked":["Melter","Stack+1","Rip and Tear"],"picked":"SKIP","floor":31}],"player_experience":168143,"relics_obtained":[{"floor":3,"key":"ReplayTheSpireMod:Ring of Sloth"},{"floor":4,"key":"aspiration:TomeofQuesting"},{"floor":6,"key":"Nunchaku"},{"floor":9,"key":"Happy Flower"},{"floor":24,"key":"Anchor"},{"floor":26,"key":"infinitespire:PuzzleCube"}],"event_choices":[{"cards_removed":["Languid"],"damage_healed":0,"gold_gain":0,"player_choice":"Took Card","damage_taken":0,"max_hp_gain":0,"max_hp_loss":0,"event_name":"NoteForYourself","floor":5,"gold_loss":0,"cards_obtained":["Strike_B"]},{"damage_healed":0,"gold_gain":0,"player_choice":"Upgraded","damage_taken":0,"max_hp_gain":0,"max_hp_loss":0,"event_name":"Upgrade Shrine","floor":11,"gold_loss":0,"cards_upgraded":["Storm"]},{"cards_removed":["Strike_B"],"damage_healed":0,"gold_gain":0,"player_choice":"Elegance","damage_taken":0,"max_hp_gain":0,"max_hp_loss":0,"event_name":"Back to Basics","floor":19,"gold_loss":0},{"damage_healed":0,"gold_gain":0,"player_choice":"Obtained Book","damage_taken":16,"max_hp_gain":0,"max_hp_loss":0,"event_name":"Cursed Tome","floor":27,"gold_loss":0},{"damage_healed":0,"gold_gain":0,"player_choice":"Rummage","damage_taken":0,"relics_obtained":["WarpedTongs"],"max_hp_gain":0,"max_hp_loss":0,"event_name":"Accursed Blacksmith","floor":28,"gold_loss":0,"cards_obtained":["Pain"]}],"is_beta":false,"boss_relics":[{"not_picked":["hubris:RunicObelisk","ReplayTheSpireMod:SealedPack"],"picked":"hubris:ScarierMask"}],"items_purged_floors":[21],"is_endless":false,"potions_floor_spawned":[1,6,12,13,14,18,30,31],"killed_by":"hubris:MusketHawk","ascension_level":0}}