{"host":"vyjryxuuuxkt43k4","time":1610870870,"event":{"mods":["AchievementEnabler","BaseMod","Colored Map","DeckTracker","Keyboard Shortcuts","Minty Spire (QoL Compilation)","Permanent Neow","Quick Restart","StSLib","SuperFastMode","everything is the same but u backflip on backflip"],"gold_per_floor":[118,218,230,250,260,285,285,310,361,376,396,396,427,427,427,528,528,547,562,576,589,116,116,145,157,169,181,204,250,262,305,317,428,440,468,46,46,46,56,56,75,75,123,142,153,153,153,180,180,180,180,180,30,55,55],"floor_reached":56,"language":"KOR","playtime":4194,"items_purged":["Strike_B","Strike_B"],"score":1569,"play_id":"e84f6436-26e5-49b0-bd0a-dc56a8e43a08","local_time":"20210117170750","is_ascension_mode":true,"campfire_choices":[{"floor":12.0,"key":"REST"},{"data":"Creative AI","floor":15.0,"key":"SMITH"},{"floor":23.0,"key":"DIG"},{"floor":30.0,"key":"REST"},{"floor":32.0,"key":"DIG"},{"floor":40.0,"key":"RECALL"},{"floor":42.0,"key":"DIG"},{"floor":49.0,"key":"REST"},{"floor":52.0,"key":"DIG"}],"circlet_count":0,"master_deck":["Strike_B","Strike_B","Defend_B","Defend_B","Defend_B","Defend_B","Zap+1","Dualcast","Sweeping Beam","Streamline","Beam Cell","Creative AI+1","Chill","Cold Snap","Turbo+1","Hologram+1","Biased Cognition","Core Surge","Coolheaded+1","Leap+1","Compile Driver+1","Reboot+1","Trip+1","Fission+1","Ghostly+1","Ghostly+1","Ghostly+1","Ghostly+1","Ghostly+1","Stack+1","Skim+1","Electrodynamics","Apotheosis+1","Consume+1","Parasite","Skim+1","Fusion+1"],"relics":["Cracked Core","Thread and Needle","Toxic Egg 2","Dream Catcher","Regal Pillow","Fusion Hammer","Shovel","Pen Nib","MawBank","Pocketwatch","Bottled Flame","FossilizedHelix","SlaversCollar","Runic Capacitor","Potion Belt","Oddly Smooth Stone","Bottled Tornado","Anchor","Sundial","Bag of Preparation"],"acts_visited":["Exordium","TheCity","TheBeyond","TheEnding"],"potions_floor_usage":[55],"damage_taken":[{"damage":2.0,"enemies":"Jaw Worm","floor":1.0,"turns":3.0},{"damage":0.0,"enemies":"Cultist","floor":3.0,"turns":3.0},{"damage":3.0,"enemies":"Small Slimes","floor":4.0,"turns":3.0},{"damage":13.0,"enemies":"Blue Slaver","floor":5.0,"turns":2.0},{"damage":20.0,"enemies":"3 Sentries","floor":6.0,"turns":6.0},{"damage":11.0,"enemies":"Gremlin Nob","floor":8.0,"turns":5.0},{"damage":16.0,"enemies":"Gremlin Gang","floor":10.0,"turns":3.0},{"damage":0.0,"enemies":"2 Fungi Beasts","floor":11.0,"turns":3.0},{"damage":1.0,"enemies":"3 Sentries","floor":13.0,"turns":8.0},{"damage":24.0,"enemies":"The Guardian","floor":16.0,"turns":11.0},{"damage":13.0,"enemies":"2 Thieves","floor":18.0,"turns":3.0},{"damage":6.0,"enemies":"Shell Parasite","floor":19.0,"turns":6.0},{"damage":14.0,"enemies":"Snake Plant","floor":20.0,"turns":5.0},{"damage":1.0,"enemies":"Cultist and Chosen","floor":21.0,"turns":8.0},{"damage":41.0,"enemies":"Gremlin Leader","floor":24.0,"turns":6.0},{"damage":0.0,"enemies":"Sentry and Sphere","floor":28.0,"turns":6.0},{"damage":0.0,"enemies":"Book of Stabbing","floor":29.0,"turns":6.0},{"damage":0.0,"enemies":"Gremlin Leader","floor":31.0,"turns":7.0},{"damage":0.0,"enemies":"Automaton","floor":33.0,"turns":12.0},{"damage":0.0,"enemies":"3 Darklings","floor":35.0,"turns":7.0},{"damage":0.0,"enemies":"Orb Walker","floor":39.0,"turns":3.0},{"damage":0.0,"enemies":"Writhing Mass","floor":41.0,"turns":8.0},{"damage":0.0,"enemies":"4 Shapes","floor":44.0,"turns":5.0},{"damage":16.0,"enemies":"Jaw Worm Horde","floor":45.0,"turns":5.0},{"damage":0.0,"enemies":"Giant Head","floor":48.0,"turns":9.0},{"damage":1.0,"enemies":"Donu and Deca","floor":50.0,"turns":8.0},{"damage":20.0,"enemies":"Shield and Spear","floor":54.0,"turns":5.0},{"damage":10,"enemies":"The Heart","floor":55,"turns":10}],"seed_played":"3607248164361720484","potions_obtained":[{"floor":1.0,"key":"Weak Potion"},{"floor":8.0,"key":"SteroidPotion"},{"floor":10.0,"key":"Dexterity Potion"},{"floor":11.0,"key":"EssenceOfSteel"},{"floor":16.0,"key":"FearPotion"},{"floor":20.0,"key":"AttackPotion"},{"floor":21.0,"key":"EssenceOfDarkness"},{"floor":28.0,"key":"PotionOfCapacity"},{"floor":29.0,"key":"BlessingOfTheForge"},{"floor":45.0,"key":"SkillPotion"}],"is_trial":false,"path_per_floor":["M","?","M","M","M","E","?","E","T","M","M","R","E","?","R","B",null,"M","M","M","M","$","R","E","$","T","?","M","E","R","E","R","B",null,"M","$","?","$","M","R","M","R","T","M","M","T","?","E","R","B",null,"R","$","E","B",null],"character_chosen":"DEFECT","items_purchased":["Trip+1","Shovel","Runic Capacitor","Apotheosis+1","EssenceOfSteel","Fusion+1"],"campfire_rested":3,"item_purchase_floors":[22,22,36,36,53,53],"current_hp_per_floor":[73,73,73,70,57,37,42,31,31,15,15,39,38,38,38,14,80,67,61,47,46,46,46,5,5,5,5,5,5,32,32,32,32,40,40,40,38,38,38,38,38,38,38,38,22,22,22,22,38,37,38,38,38,18,8],"gold":55,"neow_bonus":"UPGRADE_CARD","is_daily":false,"chose_seed":false,"campfire_upgraded":1,"win_rate":0.0,"timestamp":1610870870,"path_taken":["M","?","M","?","M","E","?","E","T","M","M","R","E","?","R","BOSS","M","M","?","M","$","R","E","$","T","?","M","E","R","E","R","BOSS","M","$","?","$","M","R","M","R","T","M","M","?","?","E","R","BOSS","R","$","E","BOSS"],"items_purchased_type":["Card","Relic","Relic","Card","Potion","Card"],"build_version":"2020-12-22","purchased_purges":2,"victory":true,"max_hp_per_floor":[75,75,75,75,75,75,80,80,80,80,80,80,80,80,80,80,80,80,80,80,80,80,80,80,80,80,40,40,40,40,40,40,40,40,40,40,38,38,38,38,38,38,38,38,38,38,38,38,38,38,38,38,38,38,38],"card_choices":[{"not_picked":["Consume","Hologram"],"picked":"Sweeping Beam","floor":1.0},{"not_picked":["Sweeping Beam","Aggregate"],"picked":"Streamline","floor":3.0},{"not_picked":["Barrage","Auto Shields"],"picked":"Beam Cell","floor":4.0},{"not_picked":["Aggregate","Stack"],"picked":"Creative AI","floor":5.0},{"not_picked":["Turbo","Rebound"],"picked":"Chill","floor":6.0},{"not_picked":["Fusion+1","Blizzard"],"picked":"Cold Snap","floor":8.0},{"not_picked":["Storm","Static Discharge","Reprogram+1"],"picked":"SKIP","floor":10.0},{"not_picked":["Sweeping Beam","Streamline","All For One"],"picked":"SKIP","floor":11.0},{"not_picked":["Loop","Barrage"],"picked":"Turbo+1","floor":12.0},{"not_picked":["Heatsinks","Redo+1"],"picked":"Hologram+1","floor":13.0},{"not_picked":["Biased Cognition","All For One"],"picked":"Core Surge","floor":16.0},{"not_picked":["Go for the Eyes","Scrape"],"picked":"Coolheaded+1","floor":18.0},{"not_picked":["Stack+1","Streamline"],"picked":"Leap+1","floor":19.0},{"not_picked":["Stack+1","Coolheaded+1"],"picked":"Compile Driver+1","floor":20.0},{"not_picked":["Lockon+1","Turbo+1"],"picked":"Reboot+1","floor":21.0},{"not_picked":["Coolheaded+1","Chaos+1"],"picked":"Fission+1","floor":24.0},{"not_picked":["Chaos+1","Barrage+1","Cold Snap"],"picked":"SKIP","floor":28.0},{"not_picked":["Cold Snap","Heatsinks"],"picked":"Stack+1","floor":29.0},{"not_picked":["Rebound+1","Stack+1"],"picked":"Skim+1","floor":30.0},{"not_picked":["Melter","Conserve Battery+1","Barrage"],"picked":"SKIP","floor":31.0},{"not_picked":["Reboot+1","Hyperbeam"],"picked":"Electrodynamics","floor":33.0},{"not_picked":["White Noise+1","Conserve Battery+1","Beam Cell"],"picked":"SKIP","floor":35.0},{"not_picked":["Redo+1","Cold Snap+1"],"picked":"Consume+1","floor":39.0},{"not_picked":["Ball Lightning","Barrage","Leap+1"],"picked":"SKIP","floor":41.0},{"not_picked":["Genetic Algorithm+1","Conserve Battery+1","Stack+1"],"picked":"SKIP","floor":44.0},{"not_picked":["Thunder Strike","FTL+1","Stack+1"],"picked":"SKIP","floor":45.0},{"not_picked":["Barrage","Genetic Algorithm+1"],"picked":"Skim+1","floor":48.0},{"not_picked":["Scrape+1","Storm","Streamline+1"],"picked":"SKIP","floor":54.0}],"player_experience":395252,"relics_obtained":[{"floor":6.0,"key":"Thread and Needle"},{"floor":8.0,"key":"Toxic Egg 2"},{"floor":9.0,"key":"Dream Catcher"},{"floor":13.0,"key":"Regal Pillow"},{"floor":23.0,"key":"Pen Nib"},{"floor":24.0,"key":"MawBank"},{"floor":29.0,"key":"Pocketwatch"},{"floor":31.0,"key":"Bottled Flame"},{"floor":32.0,"key":"FossilizedHelix"},{"floor":42.0,"key":"Potion Belt"},{"floor":43.0,"key":"Oddly Smooth Stone"},{"floor":46.0,"key":"Bottled Tornado"},{"floor":48.0,"key":"Anchor"},{"floor":52.0,"key":"Sundial"},{"floor":54.0,"key":"Bag of Preparation"}],"event_choices":[{"damage_healed":0.0,"max_hp_gain":0.0,"max_hp_loss":0.0,"gold_gain":100.0,"event_name":"Golden Shrine","player_choice":"Pray","floor":2.0,"gold_loss":0.0,"damage_taken":0.0},{"damage_healed":0.0,"max_hp_gain":5.0,"max_hp_loss":0.0,"gold_gain":0.0,"event_name":"Big Fish","player_choice":"Donut","floor":7.0,"gold_loss":0.0,"damage_taken":0.0},{"damage_healed":0.0,"max_hp_gain":0.0,"max_hp_loss":0.0,"gold_gain":0.0,"event_name":"Match and Keep!","player_choice":"1 cards matched","floor":14.0,"gold_loss":0.0,"damage_taken":0.0,"cards_obtained":["Biased Cognition"]},{"damage_healed":0.0,"max_hp_gain":0.0,"max_hp_loss":40.0,"gold_gain":0.0,"event_name":"Ghosts","player_choice":"Became a Ghost","floor":27.0,"gold_loss":0.0,"damage_taken":0.0,"cards_obtained":["Ghostly","Ghostly","Ghostly","Ghostly","Ghostly"]},{"damage_healed":0.0,"max_hp_gain":0.0,"max_hp_loss":2.0,"gold_gain":0.0,"event_name":"Winding Halls","player_choice":"Max HP","floor":37.0,"gold_loss":0.0,"damage_taken":0.0},{"damage_healed":0.0,"max_hp_gain":0.0,"max_hp_loss":0.0,"gold_gain":0.0,"event_name":"SensoryStone","player_choice":"Memory 1","floor":47.0,"gold_loss":0.0,"damage_taken":0.0}],"is_beta":false,"boss_relics":[{"not_picked":["FrozenCore","Calling Bell"],"picked":"Fusion Hammer"},{"not_picked":["Cursed Key","Philosopher\u0027s Stone"],"picked":"SlaversCollar"}],"items_purged_floors":[22,36],"is_endless":false,"potions_floor_spawned":[1,8,10,11,16,20,21,28,29,45],"ascension_level":3}}