{"host":"wogey4gsknv4ot2d","time":1610890488,"event":{"mods":["2.2 Compatiblity","AchievementEnabler","BaseMod","Bestiary","Better Third Choice","Colored Map","Colored Powertips","Googly Eyes","Key Reminder","Minty Spire (QoL Compilation)","Permanent Neow","Rare Cards Sparkle","Relic Stats","StSLib"],"gold_per_floor":[144,189,265,206,251,341,341,386,386,431,476,521,566,566,566,866,866,911,956,388,388,73,163,163,253,253,253,298,343,442,442,442,742,742,787,528,528,140,185,275,275,320,320,320,365,90,135,180,180,180],"floor_reached":51,"language":"ENG","playtime":1888,"items_purged":[],"score":1096,"play_id":"4da00aef-19eb-4e7b-9451-c64d0f7518ac","local_time":"20210117073448","daily_mods":["SealedDeck","Hoarder","Midas"],"is_ascension_mode":false,"campfire_choices":[{"floor":7,"key":"REST"},{"floor":15,"key":"REST"},{"floor":27,"key":"REST"},{"floor":32,"key":"REST"},{"floor":41,"key":"REST"},{"floor":44,"key":"REST"},{"floor":49,"key":"REST"}],"circlet_count":0,"master_deck":["Barrage","Barrage","Barrage","Stack","Stack","Stack","Conserve Battery","Conserve Battery","Conserve Battery","Barrage","Barrage","Barrage","Barrage","Barrage","Barrage","Stack","Stack","Stack","Beam Cell","Beam Cell","Beam Cell","Go for the Eyes","Go for the Eyes","Go for the Eyes","Go for the Eyes","Go for the Eyes","Go for the Eyes","Beam Cell","Beam Cell","Beam Cell","Leap","Leap","Leap","Streamline","Streamline","Streamline","Core Surge","Core Surge","Core Surge","Stack","Stack","Stack","Beam Cell","Beam Cell","Beam Cell","Steam","Steam","Steam","Go for the Eyes","Go for the Eyes","Go for the Eyes","Chill","Chill","Chill","Go for the Eyes","Go for the Eyes","Go for the Eyes","Core Surge","Core Surge","Core Surge","Ball Lightning","Ball Lightning","Ball Lightning","Static Discharge","Static Discharge","Static Discharge","The Bomb","The Bomb","The Bomb","Doom and Gloom","Doom and Gloom","Doom and Gloom","Glacier","Glacier","Glacier","Capacitor","Capacitor","Capacitor","BootSequence","BootSequence","BootSequence","Defragment","Defragment","Defragment","Capacitor+1","Capacitor+1","Capacitor+1","Skim+1","Skim+1","Skim+1","Core Surge","Core Surge","Core Surge","Conserve Battery+1","Conserve Battery+1","Conserve Battery+1","Capacitor","Capacitor","Capacitor","Cold Snap+1","Cold Snap+1","Cold Snap+1","Doom and Gloom","Doom and Gloom","Doom and Gloom","Conserve Battery+1","Conserve Battery+1","Conserve Battery+1","Doom and Gloom+1","Doom and Gloom+1","Doom and Gloom+1","Go for the Eyes+1","Go for the Eyes+1","Go for the Eyes+1","Ball Lightning+1","Ball Lightning+1","Ball Lightning+1","Sweeping Beam","Sweeping Beam","Sweeping Beam","Core Surge","Core Surge","Core Surge","Auto Shields+1","Auto Shields+1","Auto Shields+1","Ball Lightning","Ball Lightning","Ball Lightning","Self Repair","Self Repair","Self Repair"],"relics":["Cracked Core","Pear","Potion Belt","Darkstone Periapt","Fusion Hammer","Membership Card","Nunchaku","StrikeDummy","Mango","Bottled Lightning","Bottled Flame","Toxic Egg 2","Matryoshka","Vajra","Shuriken","Nuclear Battery","Orichalcum","OrangePellets","Ice Cream","FossilizedHelix","Bird Faced Urn","Bottled Tornado","PreservedInsect","Ancient Tea Set","Eternal Feather","Orrery"],"acts_visited":["Exordium","TheCity","TheBeyond"],"potions_floor_usage":[16,18,33,33,33,33,36,40,40,40,50],"damage_taken":[{"damage":0,"enemies":"2 Louse","floor":1,"turns":3},{"damage":0,"enemies":"Cultist","floor":2,"turns":5},{"damage":3,"enemies":"Small Slimes","floor":5,"turns":4},{"damage":24,"enemies":"3 Sentries","floor":6,"turns":7},{"damage":0,"enemies":"Looter","floor":8,"turns":2},{"damage":0,"enemies":"2 Fungi Beasts","floor":10,"turns":2},{"damage":0,"enemies":"Large Slime","floor":11,"turns":5},{"damage":12,"enemies":"Lots of Slimes","floor":12,"turns":4},{"damage":9,"enemies":"Exordium Thugs","floor":13,"turns":4},{"damage":50,"enemies":"Slime Boss","floor":16,"turns":17},{"damage":10,"enemies":"Spheric Guardian","floor":18,"turns":6},{"damage":0,"enemies":"Chosen","floor":19,"turns":4},{"damage":32,"enemies":"Slavers","floor":23,"turns":3},{"damage":13,"enemies":"Gremlin Leader","floor":25,"turns":7},{"damage":5,"enemies":"3 Cultists","floor":28,"turns":3},{"damage":4,"enemies":"Snake Plant","floor":29,"turns":3},{"damage":15,"enemies":"Automaton","floor":33,"turns":7},{"damage":25,"enemies":"3 Darklings","floor":35,"turns":3},{"damage":43,"enemies":"3 Shapes","floor":39,"turns":3},{"damage":80,"enemies":"Reptomancer","floor":40,"turns":5},{"damage":0,"enemies":"Transient","floor":42,"turns":5},{"damage":19,"enemies":"Writhing Mass","floor":45,"turns":4},{"damage":17,"enemies":"Jaw Worm Horde","floor":47,"turns":3},{"damage":8,"enemies":"3 Darklings","floor":48,"turns":3},{"damage":50,"enemies":"Awakened One","floor":50,"turns":7}],"seed_played":"7372172642885907109","potions_obtained":[{"floor":6,"key":"Regen Potion"},{"floor":10,"key":"SneckoOil"},{"floor":11,"key":"SneckoOil"},{"floor":28,"key":"DistilledChaos"},{"floor":29,"key":"CultistPotion"},{"floor":47,"key":"Explosive Potion"}],"is_trial":false,"path_per_floor":["M","M","?","?","M","E","R","M","T","M","M","M","M","?","R","B",null,"M","M","$","?","$","E","?","E","T","R","M","M","?","T","R","B",null,"M","$","?","$","M","E","R","M","T","R","M","$","M","M","R","B",null],"character_chosen":"DEFECT","items_purchased":["Membership Card","Nunchaku","StrikeDummy","The Bomb","Doom and Gloom","Glacier","Weak Potion","FocusPotion","Mango","Bottled Lightning","Capacitor","Orichalcum","OrangePellets","Fruit Juice","LiquidBronze","Capacitor","Ice Cream","FossilizedHelix","Regen Potion","FairyPotion","Ancient Tea Set","Eternal Feather","Orrery"],"campfire_rested":7,"item_purchase_floors":[20,20,20,20,20,20,20,20,22,22,22,36,36,36,36,36,38,38,38,38,46,46,46],"current_hp_per_floor":[75,75,75,85,82,58,83,83,83,83,83,71,62,62,85,35,85,75,75,75,75,89,57,90,77,77,99,94,90,90,90,99,84,99,74,79,76,76,33,22,53,61,61,92,79,79,70,68,104,65],"gold":180,"neow_bonus":"","is_daily":true,"chose_seed":false,"campfire_upgraded":0,"win_rate":0.0,"timestamp":1610890488,"path_taken":["M","M","?","?","?","E","R","M","T","M","M","M","M","?","R","BOSS","M","M","$","?","$","E","?","E","T","R","M","M","?","?","R","BOSS","M","$","?","$","M","E","R","M","T","R","?","$","M","M","R","BOSS"],"items_purchased_type":["Relic","Relic","Relic","Card","Card","Card","Potion","Potion","Relic","Relic","Card","Relic","Relic","Potion","Potion","Card","Relic","Relic","Potion","Potion","Relic","Relic","Relic"],"build_version":"2020-12-22","purchased_purges":0,"victory":true,"max_hp_per_floor":[75,75,75,85,85,85,85,85,85,85,85,85,85,85,85,85,85,85,85,85,85,99,99,99,99,99,99,99,99,99,99,99,99,99,99,104,104,104,104,104,104,104,104,104,104,104,104,104,104,104],"relic_stats":{"Darkstone Periapt":0,"OrangePellets":[0],"Nunchaku":[14],"counters":[25,119],"Shuriken":[26],"Bird Faced Urn":[32],"Eternal Feather":36,"PreservedInsect":0,"Orichalcum":[36],"obtain_stats":[{"Darkstone Periapt":9,"Ice Cream":38,"Vajra":31,"Mango":22,"Bottled Tornado":43,"Ancient Tea Set":46,"Nunchaku":20,"Matryoshka":26,"Fusion Hammer":17,"Toxic Egg 2":25,"Cracked Core":0,"Potion Belt":6,"Pear":4,"Eternal Feather":46,"PreservedInsect":43,"Orichalcum":36,"Nuclear Battery":34,"OrangePellets":36,"Bottled Flame":23,"Shuriken":31,"Bird Faced Urn":40,"Orrery":46,"Membership Card":20,"Bottled Lightning":22,"StrikeDummy":20,"FossilizedHelix":38},{"Darkstone Periapt":5,"Ice Cream":18,"Vajra":16,"Mango":12,"Bottled Tornado":21,"Ancient Tea Set":22,"Nunchaku":12,"Matryoshka":14,"Fusion Hammer":10,"Toxic Egg 2":14,"Cracked Core":0,"Potion Belt":4,"Pear":2,"Eternal Feather":22,"PreservedInsect":21,"Orichalcum":18,"Nuclear Battery":17,"OrangePellets":18,"Bottled Flame":13,"Shuriken":16,"Bird Faced Urn":20,"Orrery":22,"Membership Card":12,"Bottled Lightning":12,"StrikeDummy":12,"FossilizedHelix":18},{"Darkstone Periapt":21,"Ice Cream":89,"Vajra":79,"Mango":63,"Bottled Tornado":102,"Ancient Tea Set":106,"Nunchaku":63,"Matryoshka":73,"Fusion Hammer":53,"Toxic Egg 2":73,"Cracked Core":0,"Potion Belt":19,"Pear":8,"Eternal Feather":106,"PreservedInsect":102,"Orichalcum":89,"Nuclear Battery":86,"OrangePellets":89,"Bottled Flame":66,"Shuriken":79,"Bird Faced Urn":97,"Orrery":106,"Membership Card":63,"Bottled Lightning":63,"StrikeDummy":63,"FossilizedHelix":89}]},"card_choices":[{"not_picked":["Scrape","Streamline"],"picked":"Leap","floor":1},{"not_picked":["Cold Snap","Double Energy"],"picked":"Streamline","floor":2},{"not_picked":["Steam","Turbo"],"picked":"Core Surge","floor":5},{"not_picked":["Gash","FTL"],"picked":"Stack","floor":6},{"not_picked":["Storm","Hello World"],"picked":"Beam Cell","floor":8},{"not_picked":["Reboot","Hologram"],"picked":"Steam","floor":10},{"not_picked":["Machine Learning","Consume"],"picked":"Go for the Eyes","floor":11},{"not_picked":["FTL","Redo"],"picked":"Chill","floor":12},{"not_picked":["Compile Driver","Conserve Battery"],"picked":"Go for the Eyes","floor":13},{"not_picked":["Echo Form","Machine Learning"],"picked":"Core Surge","floor":16},{"not_picked":["Streamline","Storm"],"picked":"Ball Lightning","floor":18},{"not_picked":["Double Energy","Genetic Algorithm"],"picked":"Static Discharge","floor":19},{"not_picked":["FTL","Biased Cognition"],"picked":"BootSequence","floor":23},{"not_picked":["Rebound","Heatsinks+1"],"picked":"Defragment","floor":25},{"not_picked":["Hello World","Sweeping Beam+1"],"picked":"Capacitor+1","floor":28},{"not_picked":["Rebound+1","Gash"],"picked":"Skim+1","floor":29},{"not_picked":["Seek+1","Machine Learning"],"picked":"Core Surge","floor":33},{"not_picked":["Redo+1","Barrage"],"picked":"Conserve Battery+1","floor":35},{"not_picked":["Double Energy+1","Compile Driver+1"],"picked":"Cold Snap+1","floor":39},{"not_picked":["Chaos+1","All For One"],"picked":"Doom and Gloom","floor":40},{"not_picked":["Glacier+1","Consume+1"],"picked":"Conserve Battery+1","floor":42},{"not_picked":["Reprogram+1","Tempest+1"],"picked":"Doom and Gloom+1","floor":45},{"not_picked":["Compile Driver","Rip and Tear"],"picked":"Go for the Eyes+1","floor":46},{"not_picked":["Compile Driver+1","Barrage"],"picked":"Ball Lightning+1","floor":46},{"not_picked":["Gash","Static Discharge+1"],"picked":"Sweeping Beam","floor":46},{"not_picked":["Coolheaded+1","Streamline"],"picked":"Core Surge","floor":46},{"not_picked":["Defragment","Recycle+1"],"picked":"Auto Shields+1","floor":46},{"not_picked":["Coolheaded+1","Recycle+1"],"picked":"Ball Lightning","floor":47},{"not_picked":["Aggregate+1","Reinforced Body+1"],"picked":"Self Repair","floor":48}],"player_experience":45075,"relics_obtained":[{"floor":6,"key":"Potion Belt"},{"floor":9,"key":"Darkstone Periapt"},{"floor":23,"key":"Bottled Flame"},{"floor":25,"key":"Toxic Egg 2"},{"floor":26,"key":"Matryoshka"},{"floor":31,"key":"Vajra"},{"floor":31,"key":"Shuriken"},{"floor":40,"key":"Bird Faced Urn"},{"floor":43,"key":"Bottled Tornado"},{"floor":43,"key":"PreservedInsect"}],"event_choices":[{"damage_healed":0,"gold_gain":76,"player_choice":"Gained Gold","damage_taken":0,"max_hp_gain":0,"max_hp_loss":0,"event_name":"Golden Wing","floor":3,"gold_loss":0},{"damage_healed":0,"gold_gain":0,"player_choice":"Paid Gold","damage_taken":0,"relics_obtained":["Pear"],"max_hp_gain":0,"max_hp_loss":0,"event_name":"WeMeetAgain","floor":4,"gold_loss":59},{"damage_healed":0,"gold_gain":0,"player_choice":"Ignored","damage_taken":566,"max_hp_gain":0,"max_hp_loss":0,"event_name":"betterThird:BetterSerpent","floor":14,"gold_loss":0},{"damage_healed":0,"gold_gain":0,"player_choice":"Ignored","damage_taken":0,"max_hp_gain":0,"max_hp_loss":0,"event_name":"Beggar","floor":21,"gold_loss":0},{"damage_healed":33,"gold_gain":0,"player_choice":"Heal","damage_taken":0,"max_hp_gain":0,"max_hp_loss":0,"event_name":"The Library","floor":24,"gold_loss":0},{"damage_healed":0,"gold_gain":99,"player_choice":"Steal","damage_taken":0,"max_hp_gain":0,"max_hp_loss":0,"event_name":"betterThird:BetterNest","floor":30,"gold_loss":0},{"damage_healed":0,"gold_gain":0,"player_choice":"Punched","damage_taken":3,"max_hp_gain":0,"max_hp_loss":0,"event_name":"Designer","floor":37,"gold_loss":0}],"is_beta":false,"boss_relics":[{"not_picked":["SlaversCollar","Philosopher\u0027s Stone"],"picked":"Fusion Hammer"},{"not_picked":["Black Star","Astrolabe"],"picked":"Nuclear Battery"}],"items_purged_floors":[],"is_endless":false,"potions_floor_spawned":[6,10,11,18,28,29,39,47],"ascension_level":0}}