{"host":"siro","time":1610886564,"event":{"mods":["Act Like it!","BaseMod","Colored Powertips","Defuse TimeMaze Blight","Gensokyo","Hallownest","Marisa£¨ìFÓê¡¡Ä§ÀíÉ³£©","Minty Spire (QoL Compilation)","Replay The Spire","RumiaBox-Â¶Ã×æ«µÄÉñÃØºÐ×Ó","StSLib","The Bug Knight","The Cursed","The Hierophant","The Senshi","Youmu£¨»êÆÇÑýÃÎ£©","[IsaacMod]ÒÔÈö¼âËþ","¡¾ÒÅÎï¿¨ÅÆ¡¿REMEMod"],"gold_per_floor":[119,138,68,14,132,158,258,277,277,289,307,324,324,370,370,418,418],"floor_reached":16,"language":"ZHS","playtime":677,"items_purged":[],"score":156,"play_id":"385af0a6-40f3-42db-bc46-33c65eea6e45","local_time":"20210117202924","daily_mods":["Heirloom","Time Dilation"],"is_ascension_mode":false,"campfire_choices":[{"data":"theSenshi:MercurysCunning","floor":13,"key":"SMITH"},{"data":"theSenshi:Sidestep","floor":15,"key":"SMITH"}],"circlet_count":0,"master_deck":["theSenshi:SailorKick","theSenshi:SailorKick","theSenshi:SailorKick","theSenshi:SailorKick+1","theSenshi:SailorBlock","theSenshi:SailorBlock","theSenshi:SailorBlock+1","theSenshi:SailorBlock","theSenshi:RoseThrow","theSenshi:MoonPrismPowerMakeUp","EpicFetus","Poisoned Strike","theSenshi:InTheNickOfTime","theSenshi:MoonPunch","theSenshi:SailorUranusAssists","theSenshi:InTheNickOfTime","theSenshi:TallSilhouette","theSenshi:MercurysCunning+1","theSenshi:TuxedoSmokingBomber","theSenshi:SailorMarsAssists","theSenshi:Sidestep+1"],"relics":["theSenshi:TransformationBroochRelic","HushsDoor","REME_ComplimentaryCards","Leech","BloodDonationMachine","Toy Ornithopter","MagicDraw2","Onion Ring","theSenshi:CosmicHeartCompactRelic","REME_ArchaeologicalTools","Replay:Towering Pillar of Hats"],"acts_visited":["Exordium"],"potions_floor_usage":[12,16,16],"damage_taken":[{"damage":0,"enemies":"Gensokyo:3_Fairies","floor":1,"turns":3},{"damage":0,"enemies":"Gensokyo:Python","floor":2,"turns":3},{"damage":0,"enemies":"Gensokyo:2_Kodama","floor":5,"turns":3},{"damage":25,"enemies":"Gensokyo:Cirno","floor":6,"turns":7},{"damage":0,"enemies":"Gensokyo:VengefulSpirit","floor":8,"turns":3},{"damage":0,"enemies":"Gensokyo:3_Kodama","floor":10,"turns":3},{"damage":0,"enemies":"Gensokyo:Python_and_Kodama","floor":11,"turns":2},{"damage":0,"enemies":"Gensokyo:CorruptedTreant","floor":12,"turns":3},{"damage":0,"enemies":"Gensokyo:LivingMonolith","floor":14,"turns":2},{"damage":9,"enemies":"Gensokyo:Kokoro","floor":16,"turns":4}],"seed_played":"-1964262786393865127","potions_obtained":[{"floor":1,"key":"Languid Potion"},{"floor":8,"key":"GamblersBrew"},{"floor":11,"key":"FearPotion"},{"floor":12,"key":"Weak Potion"}],"is_trial":true,"path_per_floor":["M","M","?","$","M","E","?","M","T","M","M","M","R","M","R","B"],"character_chosen":"THE_SENSHI","items_purchased":["theSenshi:MoonPunch"],"campfire_rested":0,"item_purchase_floors":[4],"current_hp_per_floor":[75,75,75,75,50,31,31,33,33,35,36,43,43,44,44,0,0],"gold":418,"neow_bonus":"","is_daily":false,"chose_seed":false,"campfire_upgraded":2,"win_rate":0.0,"timestamp":1610886564,"path_taken":["M","M","?","?","?","E","?","M","T","M","M","M","R","M","R","BOSS"],"items_purchased_type":["Card"],"build_version":"2020-12-18","purchased_purges":0,"victory":false,"max_hp_per_floor":[75,75,75,75,75,75,75,75,75,75,75,75,75,75,75,75,75],"card_choices":[{"not_picked":[],"picked":"EpicFetus","floor":0},{"not_picked":["theSenshi:SailorMercuryAssists","theSenshi:MoonCrisisMakeUp"],"picked":"theSenshi:InTheNickOfTime","floor":1},{"not_picked":["theSenshi:SailorChibiMoonAssists","theSenshi:SilverMoonCrystalPowerKiss","theSenshi:SupersonicWaves"],"picked":"SKIP","floor":2},{"not_picked":["theSenshi:MoonsReflection","theSenshi:SailorPlanetAttack"],"picked":"theSenshi:SailorUranusAssists","floor":5},{"not_picked":["theSenshi:SchoolBag","theSenshi:MoonTwilightFlash"],"picked":"theSenshi:InTheNickOfTime","floor":6},{"not_picked":["theSenshi:SilverMoonCrystalPowerKiss","theSenshi:MoonTiaraMagic"],"picked":"theSenshi:TallSilhouette","floor":7},{"not_picked":["theSenshi:HesSoDreamy","theSenshi:MoonPunch"],"picked":"theSenshi:MercurysCunning","floor":8},{"not_picked":["theSenshi:InTheNickOfTime","theSenshi:MoonPower"],"picked":"theSenshi:TuxedoSmokingBomber","floor":10},{"not_picked":["theSenshi:OdangoHead","theSenshi:SailorChibiMoonAssists"],"picked":"theSenshi:SailorMarsAssists","floor":11},{"not_picked":["theSenshi:GatheringStrength","theSenshi:SailorPlanetPower"],"picked":"theSenshi:Sidestep","floor":12},{"not_picked":["theSenshi:SailorV","theSenshi:SailorUranusAssists","theSenshi:MercurysCunning"],"picked":"SKIP","floor":14}],"player_experience":192369,"relics_obtained":[{"floor":6,"key":"Damocles"},{"floor":8,"key":"Toy Ornithopter"},{"floor":9,"key":"MagicDraw2"},{"floor":10,"key":"Onion Ring"},{"floor":11,"key":"theSenshi:CosmicHeartCompactRelic"},{"floor":12,"key":"REME_ArchaeologicalTools"},{"floor":14,"key":"Replay:Towering Pillar of Hats"}],"event_choices":[],"is_beta":true,"boss_relics":[],"items_purged_floors":[],"is_endless":true,"potions_floor_spawned":[1,8,11,12],"killed_by":"Gensokyo:Kokoro","ascension_level":0}}