{"host":"d9m9v0h6vo0edadb","time":1610882126,"event":{"mods":["BaseMod","Hermit","Keyboard Shortcuts","Minty Spire (QoL Compilation)","StSLib","SuperFastMode","The Cursed"],"gold_per_floor":[114,39,39,39,54,83,98,98,98,113,124,142,160,170,170,170,170],"floor_reached":16,"language":"KOR","playtime":229,"items_purged":[],"score":262,"play_id":"a8fec6af-7735-4eb1-a5df-0ca9f26faa41","local_time":"20210117201526","is_ascension_mode":true,"campfire_choices":[{"data":"Neutralize","floor":8,"key":"SMITH"},{"floor":15,"key":"REST"}],"circlet_count":0,"master_deck":["AscendersBane","Strike_G","Strike_G","Strike_G","Strike_G","Defend_G","Defend_G","Defend_G","Defend_G","Defend_G","Survivor","Neutralize+1","Heel Hook","Masterful Stab","Grand Finale","Well Laid Plans","Reflex","Acrobatics"],"relics":["Ring of the Snake","NeowsBlessing","Blue Candle","Boot","Orichalcum"],"acts_visited":["Exordium"],"potions_floor_usage":[14],"damage_taken":[{"damage":0,"enemies":"Jaw Worm","floor":1,"turns":1},{"damage":0,"enemies":"Small Slimes","floor":5,"turns":1},{"damage":0,"enemies":"Lagavulin","floor":6,"turns":1},{"damage":1,"enemies":"Cultist","floor":7,"turns":4},{"damage":14,"enemies":"Gremlin Gang","floor":10,"turns":6},{"damage":5,"enemies":"Blue Slaver","floor":11,"turns":5},{"damage":2,"enemies":"2 Fungi Beasts","floor":12,"turns":3},{"damage":15,"enemies":"Exordium Wildlife","floor":13,"turns":4},{"damage":4,"enemies":"Lots of Slimes","floor":14,"turns":5},{"damage":22,"enemies":"Slime Boss","floor":16,"turns":6}],"seed_played":"1513981776864216847","potions_obtained":[{"floor":6,"key":"FairyPotion"},{"floor":7,"key":"FairyPotion"},{"floor":13,"key":"CunningPotion"}],"is_trial":false,"path_per_floor":["M","?","?","$","M","E","M","R","T","M","M","M","M","M","R","B"],"character_chosen":"THE_SILENT","items_purchased":[],"campfire_rested":1,"item_purchase_floors":[],"current_hp_per_floor":[59,59,59,59,59,59,58,58,58,44,39,37,22,18,37,15,15],"gold":170,"neow_bonus":"THREE_ENEMY_KILL","is_daily":false,"chose_seed":false,"campfire_upgraded":1,"win_rate":0.0,"timestamp":1610882126,"path_taken":["M","?","?","$","M","E","M","R","T","M","M","?","M","?","R","BOSS"],"items_purchased_type":[],"build_version":"2020-12-22","purchased_purges":0,"victory":false,"max_hp_per_floor":[66,66,66,66,66,66,66,66,66,66,66,66,66,66,66,66,66],"card_choices":[{"not_picked":["Backflip","Setup"],"picked":"Heel Hook","floor":1},{"not_picked":["PiercingWail","Sucker Punch"],"picked":"Masterful Stab","floor":5},{"not_picked":["Deadly Poison","Skewer"],"picked":"Grand Finale","floor":6},{"not_picked":["Heel Hook","Dodge and Roll","Dagger Spray"],"picked":"SKIP","floor":7},{"not_picked":["Crippling Poison","Flechettes"],"picked":"Well Laid Plans","floor":10},{"not_picked":["Flying Knee","Bouncing Flask"],"picked":"Reflex","floor":11},{"not_picked":["PiercingWail","Reflex"],"picked":"Acrobatics","floor":12},{"not_picked":["Bane","Deflect","Quick Slash"],"picked":"SKIP","floor":13},{"not_picked":["Outmaneuver","Bane","Blade Dance"],"picked":"SKIP","floor":14}],"player_experience":972904,"relics_obtained":[{"floor":3,"key":"Blue Candle"},{"floor":6,"key":"Boot"},{"floor":9,"key":"Orichalcum"}],"event_choices":[{"cards_removed":["Strike_G"],"damage_healed":0,"gold_gain":0,"player_choice":"Card Removal","damage_taken":0,"max_hp_gain":0,"max_hp_loss":0,"event_name":"The Cleric","floor":2,"gold_loss":75},{"damage_healed":0,"gold_gain":0,"player_choice":"Relic","damage_taken":0,"max_hp_gain":0,"max_hp_loss":0,"event_name":"Wheel of Change","floor":3,"gold_loss":0}],"is_beta":false,"boss_relics":[],"items_purged_floors":[],"is_endless":false,"potions_floor_spawned":[6,7,11,13],"killed_by":"Slime Boss","ascension_level":20}}