{"host":"r53pw7z744tg3fxg","time":1610897720,"event":{"mods":["AchievementEnabler","BaseMod","Colored Map","Colored Powertips","Highlight Path","Minty Spire (QoL Compilation)","Quick Restart","Transform Curses"],"gold_per_floor":[116,127,127,8,8,8,37,37,37,37,37],"floor_reached":10,"language":"ENG","playtime":285,"items_purged":[],"score":112,"play_id":"9543231a-6eb2-45da-b6a8-192dd18ab5a1","local_time":"20210117083520","is_ascension_mode":true,"campfire_choices":[{"floor":6,"key":"REST"},{"floor":8,"key":"REST"}],"circlet_count":0,"master_deck":["AscendersBane","Strike_P","Strike_P","Strike_P","Strike_P","Defend_P+1","Defend_P","Defend_P","Defend_P","Eruption+1","Vigilance","Jack Of All Trades","Meditate","Consecrate","WindmillStrike","CarveReality","Regret"],"relics":["PureWater","Nunchaku","Juzu Bracelet","Lantern"],"acts_visited":["Exordium"],"potions_floor_usage":[],"damage_taken":[{"damage":0,"enemies":"Small Slimes","floor":1,"turns":3},{"damage":11,"enemies":"Jaw Worm","floor":2,"turns":4},{"damage":49,"enemies":"Gremlin Nob","floor":7,"turns":3},{"damage":32,"enemies":"Lagavulin","floor":10,"turns":4}],"seed_played":"905932973688987237","potions_obtained":[{"floor":1,"key":"SneckoOil"}],"is_trial":false,"path_per_floor":["M","M","?","$","?","R","E","R","T","E"],"character_chosen":"WATCHER","items_purchased":["WindmillStrike","CarveReality"],"campfire_rested":2,"item_purchase_floors":[4,4],"current_hp_per_floor":[61,50,30,30,30,50,1,21,21,0,0],"gold":37,"neow_bonus":"RANDOM_COLORLESS","is_daily":false,"chose_seed":false,"campfire_upgraded":0,"win_rate":0.0,"timestamp":1610897720,"path_taken":["M","M","?","$","?","R","E","R","T","E"],"items_purchased_type":["Card","Card"],"build_version":"2020-12-22","purchased_purges":0,"victory":false,"max_hp_per_floor":[68,68,68,68,68,68,68,68,68,68,68],"card_choices":[{"not_picked":["Purity","Enlightenment"],"picked":"Jack Of All Trades","floor":0},{"not_picked":["LikeWater","Fasting2"],"picked":"Meditate","floor":1},{"not_picked":["Prostrate","Vengeance"],"picked":"Consecrate","floor":2},{"not_picked":["Protect","FlyingSleeves","JustLucky"],"picked":"SKIP","floor":7}],"player_experience":1283050,"relics_obtained":[{"floor":7,"key":"Juzu Bracelet"},{"floor":9,"key":"Lantern"}],"event_choices":[{"damage_healed":0,"gold_gain":0,"player_choice":"Entered Light","damage_taken":20,"max_hp_gain":0,"max_hp_loss":0,"event_name":"Shining Light","floor":3,"gold_loss":0,"cards_upgraded":["Eruption","Defend_P"]},{"damage_healed":0,"gold_gain":0,"player_choice":"Box","damage_taken":0,"relics_obtained":["Nunchaku"],"max_hp_gain":0,"max_hp_loss":0,"event_name":"Big Fish","floor":5,"gold_loss":0,"cards_obtained":["Regret"]}],"is_beta":false,"boss_relics":[],"items_purged_floors":[],"is_endless":false,"potions_floor_spawned":[1],"killed_by":"Lagavulin","ascension_level":15}}