{"host":"7k7fhzlbqzyu5ijh","time":1610846710,"event":{"mods":["AchievementEnabler","BaseMod","Bestiary","Colored Powertips","Filter the Spire","Highlight Path","Minty Spire (QoL Compilation)","Potion Indicator Mod","RNG Fix","Relic Stats"],"gold_per_floor":[216,232,182,192,192,219,219,235,235,235,248,277,289,138,138,237,237,248,3,22,47,67,67,101,111,111,111,138,150,170,170,170,271,271,271,271],"floor_reached":35,"language":"ENG","playtime":9486,"items_purged":["Pain","Strike_B"],"score":645,"play_id":"1b5949c6-fab9-4d58-a561-a1c2e49506b4","local_time":"20210116202510","is_ascension_mode":true,"campfire_choices":[{"data":"Zap","floor":7.0,"key":"SMITH"},{"data":"Sweeping Beam","floor":10.0,"key":"SMITH"},{"data":"Echo Form","floor":15.0,"key":"SMITH"},{"data":"Recycle","floor":23.0,"key":"SMITH"},{"floor":27.0,"key":"REST"},{"floor":32.0,"key":"REST"}],"circlet_count":0,"master_deck":["Strike_B","Strike_B","Defend_B","Defend_B","Defend_B","Defend_B","Zap+1","Dualcast","Rebound","Sweeping Beam+1","Ball Lightning","Glacier","Chaos","Leap","Compile Driver","Echo Form+1","Core Surge","Hologram","Recycle+1","Conserve Battery","Barrage","Consume","Decay","Buffer"],"relics":["Cracked Core","WarpedTongs","Orichalcum","Bronze Scales","Darkstone Periapt","Runic Pyramid","Runic Capacitor","Red Mask","Happy Flower","Pear","Du-Vu Doll","Velvet Choker"],"acts_visited":[],"potions_floor_usage":[],"damage_taken":[{"damage":4.0,"enemies":"Jaw Worm","floor":1.0,"turns":4.0},{"damage":0.0,"enemies":"Small Slimes","floor":2.0,"turns":2.0},{"damage":1.0,"enemies":"Cultist","floor":4.0,"turns":3.0},{"damage":19.0,"enemies":"Lagavulin","floor":6.0,"turns":6.0},{"damage":2.0,"enemies":"3 Louse","floor":8.0,"turns":3.0},{"damage":2.0,"enemies":"Looter","floor":11.0,"turns":3.0},{"damage":4.0,"enemies":"Gremlin Nob","floor":12.0,"turns":3.0},{"damage":4.0,"enemies":"2 Fungi Beasts","floor":13.0,"turns":3.0},{"damage":0.0,"enemies":"The Guardian","floor":16.0,"turns":10.0},{"damage":1.0,"enemies":"Spheric Guardian","floor":18.0,"turns":3.0},{"damage":0.0,"enemies":"Chosen","floor":20.0,"turns":4.0},{"damage":17.0,"enemies":"Masked Bandits","floor":21.0,"turns":4.0},{"damage":3.0,"enemies":"Shelled Parasite and Fungi","floor":22.0,"turns":5.0},{"damage":34.0,"enemies":"Slavers","floor":24.0,"turns":6.0},{"damage":1.0,"enemies":"Snake Plant","floor":25.0,"turns":4.0},{"damage":7.0,"enemies":"Gremlin Leader","floor":28.0,"turns":5.0},{"damage":0.0,"enemies":"Cultist and Chosen","floor":29.0,"turns":5.0},{"damage":0.0,"enemies":"Chosen and Byrds","floor":30.0,"turns":4.0},{"damage":26.0,"enemies":"Champ","floor":33.0,"turns":9.0},{"damage":2,"enemies":"3 Darklings","floor":35,"turns":2}],"seed_played":"9138430935788012068","potions_obtained":[{"floor":2.0,"key":"DuplicationPotion"},{"floor":6.0,"key":"Block Potion"},{"floor":16.0,"key":"EssenceOfDarkness"},{"floor":20.0,"key":"AttackPotion"},{"floor":24.0,"key":"Energy Potion"},{"floor":25.0,"key":"Explosive Potion"},{"floor":28.0,"key":"Weak Potion"},{"floor":30.0,"key":"AttackPotion"}],"is_trial":false,"path_per_floor":["M","M","?","M","?","E","R","M","T","R","M","E","M","$","R","B",null,"M","$","M","?","M","R","E","M","T","R","E","M","M","?","R","B",null,"M"],"character_chosen":"DEFECT","items_purchased":["EssenceOfSteel","Runic Capacitor"],"campfire_rested":2,"item_purchase_floors":[14,19],"current_hp_per_floor":[64,64,64,63,63,44,44,42,42,42,40,36,32,32,32,32,64,63,63,63,46,43,43,9,8,18,43,36,36,36,42,69,43,79,77,77],"gold":271,"neow_bonus":"HUNDRED_GOLD","is_daily":false,"chose_seed":false,"campfire_upgraded":4,"win_rate":0.0,"timestamp":1610846710,"path_taken":["M","M","?","M","?","E","R","M","T","R","M","E","M","$","R","BOSS","M","?","M","?","M","R","E","M","T","R","E","M","M","?","R","BOSS","M"],"items_purchased_type":["Potion","Relic"],"build_version":"2020-12-22","purchased_purges":2,"victory":false,"max_hp_per_floor":[75,75,75,75,75,75,75,75,75,75,75,75,75,75,75,75,75,75,75,75,75,75,75,75,75,85,85,85,85,85,91,91,91,91,91,91],"relic_stats":{"Darkstone Periapt":0,"Happy Flower":[0],"counters":[1,2],"Bronze Scales":[6],"Orichalcum":[0],"obtain_stats":[{"Darkstone Periapt":0,"Du-Vu Doll":0,"Pear":0,"Happy Flower":0,"Bronze Scales":0,"Velvet Choker":0,"Runic Capacitor":0,"Red Mask":0,"Orichalcum":0,"Cracked Core":0,"WarpedTongs":0,"Runic Pyramid":0},{"Darkstone Periapt":0,"Du-Vu Doll":0,"Pear":0,"Happy Flower":0,"Bronze Scales":0,"Velvet Choker":0,"Runic Capacitor":0,"Red Mask":0,"Orichalcum":0,"Cracked Core":0,"WarpedTongs":0,"Runic Pyramid":0},{"Darkstone Periapt":0,"Du-Vu Doll":0,"Pear":0,"Happy Flower":0,"Bronze Scales":0,"Velvet Choker":0,"Runic Capacitor":0,"Red Mask":0,"Orichalcum":0,"Cracked Core":0,"WarpedTongs":0,"Runic Pyramid":0}],"WarpedTongs":[2]},"card_choices":[{"not_picked":["Stack","Leap"],"picked":"Rebound","floor":1.0},{"not_picked":["Cold Snap","Streamline"],"picked":"Sweeping Beam","floor":2.0},{"not_picked":["Steam Power","Machine Learning"],"picked":"Ball Lightning","floor":4.0},{"not_picked":["Redo","Thunder Strike"],"picked":"Glacier","floor":6.0},{"not_picked":["Turbo","Aggregate"],"picked":"Chaos","floor":8.0},{"not_picked":["Turbo","Streamline"],"picked":"Leap","floor":11.0},{"not_picked":["Ball Lightning","Doom and Gloom"],"picked":"Compile Driver","floor":12.0},{"not_picked":["Double Energy","Steam Power"],"picked":"Echo Form","floor":13.0},{"not_picked":["All For One","Seek"],"picked":"Core Surge","floor":16.0},{"not_picked":["Steam","Sweeping Beam"],"picked":"Hologram","floor":18.0},{"not_picked":["Turbo+1","Auto Shields"],"picked":"Recycle","floor":20.0},{"not_picked":["Ball Lightning","Steam Power+1"],"picked":"Conserve Battery","floor":21.0},{"not_picked":["BootSequence","Stack+1","Hologram"],"picked":"SKIP","floor":22.0},{"not_picked":["BootSequence","Stack+1","Hologram"],"picked":"SKIP","floor":22.0},{"not_picked":["Darkness","Conserve Battery+1"],"picked":"Barrage","floor":24.0},{"not_picked":["Stack","Beam Cell"],"picked":"Consume","floor":25.0},{"not_picked":["Rip and Tear+1","White Noise","Cold Snap"],"picked":"SKIP","floor":28.0},{"not_picked":["Gash","Chaos","Double Energy+1"],"picked":"SKIP","floor":29.0},{"not_picked":["Reprogram","Streamline","Hologram"],"picked":"SKIP","floor":30.0},{"not_picked":["Amplify","Machine Learning"],"picked":"Buffer","floor":33.0}],"player_experience":441015,"relics_obtained":[{"floor":6.0,"key":"Orichalcum"},{"floor":9.0,"key":"Bronze Scales"},{"floor":12.0,"key":"Darkstone Periapt"},{"floor":21.0,"key":"Red Mask"},{"floor":24.0,"key":"Happy Flower"},{"floor":26.0,"key":"Pear"},{"floor":28.0,"key":"Du-Vu Doll"}],"event_choices":[{"cards_removed":["Strike_B"],"damage_healed":0.0,"max_hp_gain":0.0,"max_hp_loss":0.0,"gold_gain":0.0,"event_name":"The Cleric","player_choice":"Card Removal","floor":3.0,"gold_loss":50.0,"damage_taken":0.0},{"damage_healed":0.0,"max_hp_gain":0.0,"max_hp_loss":0.0,"gold_gain":0.0,"event_name":"Accursed Blacksmith","player_choice":"Rummage","floor":5.0,"gold_loss":0.0,"damage_taken":0.0,"relics_obtained":["WarpedTongs"],"cards_obtained":["Pain"]},{"damage_healed":0.0,"max_hp_gain":0.0,"max_hp_loss":0.0,"gold_gain":0.0,"event_name":"Masked Bandits","player_choice":"Fought Bandits","floor":21.0,"gold_loss":0.0,"damage_taken":0.0},{"damage_healed":0.0,"max_hp_gain":0.0,"max_hp_loss":0.0,"gold_gain":0.0,"event_name":"Forgotten Altar","player_choice":"Smashed Altar","floor":31.0,"gold_loss":0.0,"damage_taken":0.0,"cards_obtained":["Decay"]}],"is_beta":false,"boss_relics":[{"not_picked":["Tiny House","Calling Bell"],"picked":"Runic Pyramid"},{"not_picked":["Astrolabe","Pandora\u0027s Box"],"picked":"Velvet Choker"}],"items_purged_floors":[14,19],"is_endless":false,"potions_floor_spawned":[2,6,16,20,24,25,28,30],"killed_by":"3 Darklings","ascension_level":7}}