{"host":"q9718omregw4er46","time":1610879744,"event":{"mods":["BaseMod","Bestiary","Colored Powertips","Minty Spire (QoL Compilation)","Quick Restart","Relic Stats"],"gold_per_floor":[117,117,117,65,75,75,109,109,134,1,19,47,47,58,58,133,133,143,143,162,162,182,213,213,213,213],"floor_reached":25,"language":"ENG","playtime":597,"items_purged":["Strike_P"],"score":608,"play_id":"a9ba711d-6a22-42fe-b461-6b83800856fb","local_time":"20210117153544","is_ascension_mode":true,"campfire_choices":[{"data":"Conclude","floor":6,"key":"SMITH"},{"data":"FollowUp","floor":8,"key":"SMITH"},{"data":"EmptyMind","floor":15,"key":"SMITH"},{"data":"Ghostly","floor":24,"key":"SMITH"}],"circlet_count":0,"master_deck":["AscendersBane","Strike_P","Strike_P","Strike_P","Defend_P","Defend_P","Defend_P+1","Defend_P","Eruption+1","Vigilance","FlurryOfBlows+1","FollowUp+1","Conclude+1","Adaptation","CarveReality","ThirdEye","EmptyMind+1","Vault","Ghostly+1","Ghostly","Ghostly","ClearTheMind+1","MentalFortress","Scrawl"],"relics":["PureWater","NeowsBlessing","Smiling Mask","Ancient Tea Set","Happy Flower","VioletLotus","Lantern"],"acts_visited":["Exordium","TheCity"],"potions_floor_usage":[25],"damage_taken":[{"damage":0,"enemies":"Jaw Worm","floor":1,"turns":1},{"damage":0,"enemies":"Small Slimes","floor":5,"turns":1},{"damage":0,"enemies":"Lagavulin","floor":7,"turns":1},{"damage":0,"enemies":"2 Louse","floor":11,"turns":1},{"damage":10,"enemies":"3 Sentries","floor":12,"turns":3},{"damage":4,"enemies":"Looter","floor":14,"turns":4},{"damage":0,"enemies":"Slime Boss","floor":16,"turns":5},{"damage":26,"enemies":"Shell Parasite","floor":18,"turns":4},{"damage":0,"enemies":"Spheric Guardian","floor":20,"turns":3},{"damage":64,"enemies":"Cultist and Chosen","floor":22,"turns":8},{"damage":4,"enemies":"Gremlin Leader","floor":23,"turns":5},{"damage":12,"enemies":"Book of Stabbing","floor":25,"turns":6}],"seed_played":"5318715293880552053","potions_obtained":[{"floor":7,"key":"CultistPotion"},{"floor":14,"key":"FairyPotion"},{"floor":22,"key":"Block Potion"}],"is_trial":false,"path_per_floor":["M","?","?","$","M","R","E","R","T","$","M","E","?","M","R","B",null,"M","?","M","?","M","E","R","E"],"character_chosen":"WATCHER","items_purchased":["FollowUp","CarveReality"],"campfire_rested":0,"item_purchase_floors":[4,10],"current_hp_per_floor":[61,66,66,66,66,66,66,66,66,66,66,56,34,30,30,30,62,36,36,36,36,10,6,6,0,0],"gold":213,"neow_bonus":"THREE_ENEMY_KILL","is_daily":false,"chose_seed":false,"campfire_upgraded":4,"win_rate":0.0,"timestamp":1610879744,"path_taken":["M","?","?","$","M","R","E","R","T","$","M","E","?","M","R","BOSS","M","?","M","?","M","E","R","E"],"items_purchased_type":["Card","Card"],"build_version":"2020-12-22","purchased_purges":1,"victory":false,"max_hp_per_floor":[68,73,73,73,73,73,73,73,73,73,73,73,73,73,73,73,73,73,36,36,36,36,36,36,36,36],"relic_stats":{"Happy Flower":[11],"counters":[12,42],"VioletLotus":[6],"Smiling Mask":25,"obtain_stats":[{"Lantern":23,"NeowsBlessing":0,"Happy Flower":12,"VioletLotus":17,"PureWater":0,"Smiling Mask":7,"Ancient Tea Set":9},{"Lantern":11,"NeowsBlessing":0,"Happy Flower":5,"VioletLotus":7,"PureWater":0,"Smiling Mask":3,"Ancient Tea Set":3},{"Lantern":36,"NeowsBlessing":0,"Happy Flower":7,"VioletLotus":16,"PureWater":0,"Smiling Mask":3,"Ancient Tea Set":3}]},"card_choices":[{"not_picked":["JustLucky","WindmillStrike"],"picked":"FlurryOfBlows","floor":1},{"not_picked":["FlurryOfBlows","BowlingBash"],"picked":"Conclude","floor":5},{"not_picked":["SashWhip","PathToVictory"],"picked":"Adaptation","floor":7},{"not_picked":["CarveReality","BowlingBash"],"picked":"ThirdEye","floor":11},{"not_picked":["Establishment","ThirdEye"],"picked":"EmptyMind","floor":12},{"not_picked":["JustLucky","FlyingSleeves","EmptyBody"],"picked":"SKIP","floor":14},{"not_picked":["Ragnarok","Scrawl"],"picked":"Vault","floor":16},{"not_picked":["ThirdEye","Prostrate","Nirvana"],"picked":"SKIP","floor":18},{"not_picked":["Sanctity","Evaluate+1"],"picked":"ClearTheMind+1","floor":20},{"not_picked":["Prostrate","PathToVictory","Protect"],"picked":"SKIP","floor":22},{"not_picked":["Crescendo","DeceiveReality"],"picked":"Scrawl","floor":23}],"player_experience":1216563,"relics_obtained":[{"floor":7,"key":"Smiling Mask"},{"floor":9,"key":"Ancient Tea Set"},{"floor":12,"key":"Happy Flower"},{"floor":23,"key":"Lantern"}],"event_choices":[{"damage_healed":0,"gold_gain":0,"player_choice":"Donut","damage_taken":0,"max_hp_gain":5,"max_hp_loss":0,"event_name":"Big Fish","floor":2,"gold_loss":0},{"damage_healed":0,"gold_gain":0,"player_choice":"Grow","damage_taken":0,"max_hp_gain":0,"max_hp_loss":0,"event_name":"Living Wall","floor":3,"gold_loss":0,"cards_upgraded":["Eruption"]},{"damage_healed":0,"gold_gain":0,"player_choice":"Entered Light","damage_taken":22,"max_hp_gain":0,"max_hp_loss":0,"event_name":"Shining Light","floor":13,"gold_loss":0,"cards_upgraded":["FlurryOfBlows","Defend_P"]},{"damage_healed":0,"gold_gain":0,"player_choice":"Became a Ghost","damage_taken":0,"max_hp_gain":0,"max_hp_loss":37,"event_name":"Ghosts","floor":19,"gold_loss":0,"cards_obtained":["Ghostly","Ghostly","Ghostly"]},{"damage_healed":0,"gold_gain":0,"player_choice":"Read","damage_taken":0,"max_hp_gain":0,"max_hp_loss":0,"event_name":"The Library","floor":21,"gold_loss":0,"cards_obtained":["MentalFortress"]}],"is_beta":false,"boss_relics":[{"not_picked":["Tiny House","Philosopher\u0027s Stone"],"picked":"VioletLotus"}],"items_purged_floors":[10],"is_endless":false,"potions_floor_spawned":[7,14,16,18,22],"killed_by":"Book of Stabbing","ascension_level":20}}