{"host":"a5523bqxi3k68xf3","time":1610850468,"event":{"mods":["BaseMod","BetterRewards","Hermit","Koishi","Marisa????????","Minty Spire (QoL Compilation)","Quick Restart","Random Character Button","Relic Stats","Shop Mod","StSLib","The Animator","The Cursed","The Necromancer","The Servant 0.9.4"],"gold_per_floor":[118,136,211,211,211,211,172,204,227,257,269,299,337,349,361,469,481,508,314,325,325,325],"floor_reached":21,"language":"ENG","playtime":642,"items_purged":["Defend_P","Wireheading"],"score":431,"play_id":"f4a1a3af-eadc-47fc-b922-714367091f86","local_time":"20210117032748","is_ascension_mode":true,"campfire_choices":[{"data":"Eruption","floor":6,"key":"SMITH"},{"floor":11,"key":"REST"},{"floor":15,"key":"REST"}],"circlet_count":0,"master_deck":["AscendersBane","Eruption+1","Vigilance","FlurryOfBlows+1","FollowUp","CarveReality","FlyingSleeves","Prostrate","FlurryOfBlows","WreathOfFlame","CrushJoints","Brilliance","Halt","Meditate","Wireheading","Swivel","ClearTheMind"],"relics":["PureWater","Strawberry","Juzu Bracelet","HandDrill","Dream Catcher","MawBank","Bag of Marbles","Pandora\u0027s Box","Membership Card"],"acts_visited":["Exordium","TheCity"],"potions_floor_usage":[16,16],"damage_taken":[{"damage":7,"enemies":"Jaw Worm","floor":1,"turns":2},{"damage":0,"enemies":"Cultist","floor":2,"turns":2},{"damage":20,"enemies":"3 Sentries","floor":8,"turns":7},{"damage":0,"enemies":"2 Louse","floor":10,"turns":2},{"damage":13,"enemies":"Blue Slaver","floor":12,"turns":3},{"damage":16,"enemies":"Gremlin Nob","floor":13,"turns":3},{"damage":32,"enemies":"The Guardian","floor":16,"turns":6},{"damage":3,"enemies":"Spheric Guardian","floor":18,"turns":3},{"damage":22,"enemies":"2 Thieves","floor":20,"turns":2},{"damage":49,"enemies":"Cultist and Chosen","floor":21,"turns":4}],"seed_played":"4806068226708853016","potions_obtained":[{"floor":1,"key":"Ambrosia"},{"floor":8,"key":"SkillPotion"},{"floor":10,"key":"Strength Potion"}],"is_trial":false,"path_per_floor":["M","M","?","?","?","R","$","E","T","M","R","M","E","?","R","B",null,"M","$","M","M"],"character_chosen":"WATCHER","items_purchased":["Strawberry","Juzu Bracelet","HandDrill","FlurryOfBlows","CarveReality","Membership Card"],"campfire_rested":2,"item_purchase_floors":[0,0,0,0,7,19],"current_hp_per_floor":[45,45,38,64,48,48,48,28,28,28,51,38,22,22,45,13,63,60,60,38,0,0],"gold":325,"neow_bonus":"","is_daily":false,"chose_seed":false,"campfire_upgraded":1,"win_rate":0.0,"timestamp":1610850468,"path_taken":["M","M","?","?","?","R","$","E","T","M","R","M","E","?","R","BOSS","M","$","M","M"],"items_purchased_type":["Relic","Relic","Relic","Card","Card","Relic"],"build_version":"2020-12-22","purchased_purges":2,"victory":false,"max_hp_per_floor":[79,79,79,79,79,79,79,79,79,79,79,79,79,79,79,79,79,79,79,79,79,79],"relic_stats":{"Dream Catcher":6,"counters":[76,244],"Pandora\u0027s Box":["Halt","Meditate","Wireheading","Swivel","ClearTheMind","Wireheading"],"Juzu Bracelet":2,"HandDrill":[8],"MawBank":120,"obtain_stats":[{"Tiny House":34,"Calipers":46,"Gremlin Horn":0,"CeramicFish":9,"Vajra":21,"Sling":37,"Boot":4,"Blood Vial":9,"Lizard Tail":37,"HornCleat":6,"Sundial":8,"Strawberry":0,"HandDrill":0,"Pear":12,"Astrolabe":34,"Eternal Feather":19,"Pen Nib":22,"War Paint":0,"Akabeko":6,"Bottled Flame":43,"Molten Egg 2":0,"Pandora\u0027s Box":17,"Black Star":17,"Regal Pillow":9,"Singing Bowl":31,"Juzu Bracelet":21,"Bag of Preparation":9,"TeardropLocket":10,"Ancient Tea Set":29,"Dream Catcher":8,"Mummified Hand":0,"Tiny Chest":7,"Red Mask":38,"Potion Belt":12,"Lee\u0027s Waffle":0,"NeowsBlessing":0,"Damaru":0,"The Courier":26,"Omamori":31,"Frozen Egg 2":41,"Orichalcum":10,"MawBank":9,"CaptainsWheel":6,"Anchor":24,"Busted Crown":17,"Bag of Marbles":13,"Bottled Lightning":36,"Membership Card":14,"PureWater":0},{"Tiny House":47,"Calipers":52,"Gremlin Horn":55,"CeramicFish":59,"Vajra":41,"Sling":16,"Boot":34,"Blood Vial":25,"Lizard Tail":48,"HornCleat":24,"Sundial":36,"Strawberry":66,"HandDrill":66,"Pear":38,"Astrolabe":15,"Eternal Feather":29,"Pen Nib":12,"War Paint":19,"Akabeko":4,"Bottled Flame":50,"Molten Egg 2":32,"Pandora\u0027s Box":73,"Black Star":28,"Regal Pillow":4,"Singing Bowl":46,"Juzu Bracelet":12,"Bag of Preparation":36,"TeardropLocket":5,"Ancient Tea Set":44,"Dream Catcher":69,"Mummified Hand":19,"Tiny Chest":4,"Red Mask":16,"Potion Belt":7,"Lee\u0027s Waffle":55,"NeowsBlessing":0,"Damaru":55,"The Courier":13,"Omamori":14,"Frozen Egg 2":50,"Orichalcum":60,"MawBank":69,"CaptainsWheel":35,"Anchor":42,"Busted Crown":10,"Bag of Marbles":72,"Bottled Lightning":16,"Membership Card":38,"PureWater":0},{"Tiny House":158,"Calipers":166,"Gremlin Horn":177,"CeramicFish":188,"Vajra":138,"Sling":49,"Boot":119,"Blood Vial":86,"Lizard Tail":159,"HornCleat":79,"Sundial":124,"Strawberry":210,"HandDrill":210,"Pear":127,"Astrolabe":45,"Eternal Feather":100,"Pen Nib":32,"War Paint":59,"Akabeko":7,"Bottled Flame":162,"Molten Egg 2":115,"Pandora\u0027s Box":235,"Black Star":97,"Regal Pillow":7,"Singing Bowl":152,"Juzu Bracelet":32,"Bag of Preparation":124,"TeardropLocket":10,"Ancient Tea Set":144,"Dream Catcher":221,"Mummified Hand":59,"Tiny Chest":7,"Red Mask":49,"Potion Belt":13,"Lee\u0027s Waffle":177,"NeowsBlessing":0,"Damaru":177,"The Courier":35,"Omamori":38,"Frozen Egg 2":162,"Orichalcum":192,"MawBank":221,"CaptainsWheel":121,"Anchor":142,"Busted Crown":25,"Bag of Marbles":229,"Bottled Lightning":49,"Membership Card":127,"PureWater":0}]},"card_choices":[{"not_picked":["MentalFortress","EmptyBody","Meditate"],"picked":"SKIP","floor":1},{"not_picked":["ClearTheMind","Adaptation"],"picked":"FollowUp","floor":2},{"not_picked":["CutThroughFate","PathToVictory","JustLucky"],"picked":"SKIP","floor":8},{"not_picked":["Sanctity","Indignation"],"picked":"FlyingSleeves","floor":10},{"not_picked":["Consecrate","EmptyFist"],"picked":"Prostrate","floor":11},{"not_picked":["Consecrate","Collect"],"picked":"FlurryOfBlows","floor":12},{"not_picked":["DeceiveReality","JustLucky","SignatureMove"],"picked":"SKIP","floor":13},{"not_picked":["Prostrate","JustLucky"],"picked":"CrushJoints","floor":15},{"not_picked":["Alpha","Establishment"],"picked":"Brilliance","floor":16},{"not_picked":["FollowUp","Crescendo","JustLucky"],"picked":"SKIP","floor":18},{"not_picked":["Halt+1","Crescendo","BowlingBash"],"picked":"SKIP","floor":20}],"player_experience":1700456,"relics_obtained":[{"floor":8,"key":"Dream Catcher"},{"floor":9,"key":"MawBank"},{"floor":13,"key":"Bag of Marbles"}],"event_choices":[{"damage_healed":0,"gold_gain":75,"player_choice":"Touch","damage_taken":7,"max_hp_gain":0,"max_hp_loss":0,"event_name":"FaceTrader","floor":3,"gold_loss":0},{"damage_healed":26,"gold_gain":0,"player_choice":"Banana","damage_taken":0,"max_hp_gain":0,"max_hp_loss":0,"event_name":"Big Fish","floor":4,"gold_loss":0},{"damage_healed":0,"gold_gain":0,"player_choice":"Entered Light","damage_taken":16,"max_hp_gain":0,"max_hp_loss":0,"event_name":"Shining Light","floor":5,"gold_loss":0,"cards_upgraded":["Strike_P","FlurryOfBlows"]},{"damage_healed":0,"gold_gain":0,"cards_transformed":["Defend_P"],"player_choice":"Transformed","damage_taken":0,"max_hp_gain":0,"max_hp_loss":0,"event_name":"Transmorgrifier","floor":14,"gold_loss":0,"cards_obtained":["WreathOfFlame"]}],"is_beta":false,"boss_relics":[{"not_picked":["Cursed Key","SacredBark"],"picked":"Pandora\u0027s Box"}],"items_purged_floors":[0,19],"is_endless":false,"potions_floor_spawned":[1,8,10],"killed_by":"Cultist and Chosen","ascension_level":10}}