{"host":"i7jfea87xc8lz16p","time":1610924652,"event":{"mods":["AchievementEnabler","BaseMod","Colored Powertips","Minty Spire (QoL Compilation)","Relic Stats"],"gold_per_floor":[111,125,125,144,194,221,221,251,302,327,357,387,399,261,261,261,261],"floor_reached":16,"language":"ENG","playtime":621,"items_purged":["Strike_R"],"score":224,"play_id":"a3615cad-4f9d-49df-a3a5-d67f34b64213","local_time":"20210118000412","is_ascension_mode":true,"campfire_choices":[{"floor":7,"key":"REST"},{"floor":15,"key":"REST"}],"circlet_count":0,"master_deck":["AscendersBane","Strike_R","Strike_R","Strike_R","Defend_R","Defend_R","Defend_R","Defend_R","Bash","Battle Trance","Shrug It Off","Whirlwind","Clothesline","Shrug It Off","Warcry","Disarm","Disarm"],"relics":["Sozu","Gremlin Horn","Boot","MawBank"],"acts_visited":["Exordium"],"potions_floor_usage":[],"damage_taken":[{"damage":1,"enemies":"2 Louse","floor":1,"turns":3},{"damage":1,"enemies":"Cultist","floor":2,"turns":3},{"damage":2,"enemies":"Jaw Worm","floor":4,"turns":2},{"damage":37,"enemies":"Lagavulin","floor":6,"turns":8},{"damage":34,"enemies":"3 Sentries","floor":8,"turns":9},{"damage":0,"enemies":"3 Louse","floor":10,"turns":1},{"damage":11,"enemies":"Exordium Wildlife","floor":11,"turns":4},{"damage":1,"enemies":"Looter","floor":12,"turns":3},{"damage":29,"enemies":"Hexaghost","floor":16,"turns":12}],"seed_played":"-4366766783096479679","potions_obtained":[],"is_trial":false,"path_per_floor":["M","M","?","M","?","E","R","E","T","M","M","M","?","$","R","B"],"character_chosen":"IRONCLAD","items_purchased":["Disarm"],"campfire_rested":2,"item_purchase_floors":[14],"current_hp_per_floor":[67,66,66,64,64,27,49,15,15,15,4,3,3,3,25,0,0],"gold":261,"neow_bonus":"BOSS_RELIC","is_daily":false,"chose_seed":false,"campfire_upgraded":0,"win_rate":0.0,"timestamp":1610924652,"path_taken":["M","M","?","M","?","E","R","E","T","M","M","?","?","$","R","BOSS"],"items_purchased_type":["Card"],"build_version":"2020-12-22","purchased_purges":1,"victory":false,"max_hp_per_floor":[75,75,75,75,75,75,75,75,75,75,75,75,75,75,75,75,75],"relic_stats":{"Sozu":4,"Gremlin Horn":[2,3],"counters":[9,45],"Boot":[0],"MawBank":60,"obtain_stats":[{"Sozu":0,"Gremlin Horn":6,"Boot":8,"MawBank":9,"Burning Blood":0},{"Sozu":0,"Gremlin Horn":4,"Boot":5,"MawBank":5,"Burning Blood":0},{"Sozu":0,"Gremlin Horn":16,"Boot":25,"MawBank":25,"Burning Blood":0}]},"card_choices":[{"not_picked":["Burning Pact","Armaments"],"picked":"Battle Trance","floor":1},{"not_picked":["Rampage","Warcry"],"picked":"Shrug It Off","floor":2},{"not_picked":["Clash","Second Wind"],"picked":"Whirlwind","floor":4},{"not_picked":["Armaments","Headbutt"],"picked":"Clothesline","floor":6},{"not_picked":["Clothesline","Sentinel"],"picked":"Shrug It Off","floor":8},{"not_picked":["Rampage","Dual Wield","Corruption"],"picked":"SKIP","floor":10},{"not_picked":["Twin Strike","Dual Wield"],"picked":"Warcry","floor":11},{"not_picked":["Pummel","Pommel Strike"],"picked":"Disarm","floor":12}],"player_experience":1798554,"relics_obtained":[{"floor":6,"key":"Gremlin Horn"},{"floor":8,"key":"Boot"},{"floor":9,"key":"MawBank"}],"event_choices":[{"damage_healed":0,"gold_gain":0,"player_choice":"Ignored","damage_taken":0,"max_hp_gain":0,"max_hp_loss":0,"event_name":"Liars Game","floor":3,"gold_loss":0},{"damage_healed":0,"gold_gain":50,"player_choice":"Pray","damage_taken":0,"max_hp_gain":0,"max_hp_loss":0,"event_name":"Golden Shrine","floor":5,"gold_loss":0},{"cards_removed":["Strike_R"],"damage_healed":0,"gold_gain":0,"player_choice":"Offered Basic","damage_taken":0,"max_hp_gain":0,"max_hp_loss":0,"event_name":"Bonfire Elementals","floor":13,"gold_loss":0}],"is_beta":false,"boss_relics":[],"items_purged_floors":[14],"is_endless":false,"potions_floor_spawned":[1,4,8,11],"killed_by":"Hexaghost","ascension_level":20}}