{"host":"qxeepl7ydvsgmfdb","time":1610860220,"event":{"mods":["AchievementEnabler","BaseMod","Colored Powertips","Minty Spire (QoL Compilation)","Quick Restart","slay the spire mod where everything is the same but ironclad has a cowboy hat"],"gold_per_floor":[119,119,119,44,219,219,219,219,219,234,268,291,329,279,279,279,279],"floor_reached":16,"language":"ENG","playtime":562,"items_purged":["Regret"],"score":142,"play_id":"c7efe9fb-cce1-4383-a25c-d13b431cd3f6","local_time":"20210117001020","is_ascension_mode":true,"campfire_choices":[{"data":"Bash","floor":6,"key":"SMITH"},{"floor":8,"key":"REST"},{"data":"Perfected Strike","floor":15,"key":"SMITH"}],"circlet_count":0,"master_deck":["Strike_R","Strike_R","Strike_R","Strike_R","Strike_R","Defend_R","Defend_R","Defend_R","Bash+1","Ghostly Armor","Perfected Strike+1"],"relics":["Burning Blood","Golden Idol","Omamori","Art of War","HornCleat","Magic Flower","Strawberry"],"acts_visited":["Exordium"],"potions_floor_usage":[13,16],"damage_taken":[{"damage":7,"enemies":"Small Slimes","floor":1,"turns":4},{"damage":7,"enemies":"Jaw Worm","floor":10,"turns":3},{"damage":37,"enemies":"Lagavulin","floor":11,"turns":10},{"damage":0,"enemies":"2 Louse","floor":12,"turns":3},{"damage":18,"enemies":"3 Sentries","floor":13,"turns":8},{"damage":72,"enemies":"Slime Boss","floor":16,"turns":15}],"seed_played":"8700490323239747308","potions_obtained":[{"floor":1,"key":"DuplicationPotion"},{"floor":12,"key":"SpeedPotion"},{"floor":13,"key":"Fruit Juice"}],"is_trial":false,"path_per_floor":["M","?","?","$","?","R","?","R","T","M","E","M","E","?","R","B"],"character_chosen":"IRONCLAD","items_purchased":[],"campfire_rested":1,"item_purchase_floors":[],"current_hp_per_floor":[87,65,65,65,65,65,65,88,88,87,56,65,68,68,68,0,0],"gold":279,"neow_bonus":"TEN_PERCENT_HP_BONUS","is_daily":false,"chose_seed":false,"campfire_upgraded":2,"win_rate":0.0,"timestamp":1610860220,"path_taken":["M","?","?","?","?","R","?","R","T","M","E","?","E","?","R","BOSS"],"items_purchased_type":[],"build_version":"2020-12-22","purchased_purges":1,"victory":false,"max_hp_per_floor":[88,88,88,88,88,88,88,88,88,88,88,88,100,100,100,100,100],"card_choices":[{"not_picked":["Power Through","Clothesline","Uppercut"],"picked":"SKIP","floor":1},{"not_picked":["True Grit","Sword Boomerang"],"picked":"Ghostly Armor","floor":10},{"not_picked":["Havoc","Blood for Blood","Armaments"],"picked":"SKIP","floor":11},{"not_picked":["Havoc","Twin Strike"],"picked":"Perfected Strike","floor":12},{"not_picked":["Heavy Blade","Pummel","Corruption"],"picked":"SKIP","floor":13}],"player_experience":156133,"relics_obtained":[{"floor":9,"key":"HornCleat"},{"floor":11,"key":"Magic Flower"},{"floor":13,"key":"Strawberry"}],"event_choices":[{"damage_healed":0,"gold_gain":0,"player_choice":"Take Damage","damage_taken":22,"relics_obtained":["Golden Idol"],"max_hp_gain":0,"max_hp_loss":0,"event_name":"Golden Idol","floor":2,"gold_loss":0},{"damage_healed":0,"gold_gain":0,"player_choice":"Box","damage_taken":0,"relics_obtained":["Omamori"],"max_hp_gain":0,"max_hp_loss":0,"event_name":"Big Fish","floor":3,"gold_loss":0,"cards_obtained":["Regret"]},{"damage_healed":0,"gold_gain":175,"player_choice":"AGREE","damage_taken":0,"max_hp_gain":0,"max_hp_loss":0,"event_name":"Liars Game","floor":5,"gold_loss":0,"cards_obtained":["Doubt"]},{"damage_healed":0,"gold_gain":0,"player_choice":"Gave Potion","damage_taken":0,"relics_obtained":["Art of War"],"max_hp_gain":0,"max_hp_loss":0,"event_name":"WeMeetAgain","floor":7,"gold_loss":0},{"cards_removed":["Defend_R"],"damage_healed":0,"gold_gain":0,"player_choice":"Card Removal","damage_taken":0,"max_hp_gain":0,"max_hp_loss":0,"event_name":"The Cleric","floor":14,"gold_loss":50}],"is_beta":false,"boss_relics":[],"items_purged_floors":[4],"is_endless":false,"potions_floor_spawned":[1,12,13],"killed_by":"Slime Boss","ascension_level":2}}