{"host":"87fdiiwflhrwsj8a","time":1610916827,"event":{"mods":["Aspiration","BaseMod","Better Match","Better Third Choice","BetterRewards","Colored Map","Conspire","GifTheSpireLib","Infinite Spire","Minty Spire (QoL Compilation)","Quick Restart","Relic Sorter","Replay The Spire","StSLib","Stuff the Spire","thorton"],"gold_per_floor":[119,44,66,66,66,66,110,110,133,159,198,198,198,216,216,345,345,373,373,373,363,363,406,439,439,439,479,287,287,287,312,312,312],"floor_reached":31,"language":"ENG","playtime":1761,"items_purged":["Normality"],"score":286,"play_id":"cbc5839b-2851-4851-915c-f5b98ead94bb","local_time":"20210117155347","is_ascension_mode":false,"campfire_choices":[{"data":"thethorton:GemGun","floor":6.0,"key":"SMITH"},{"data":"thethorton:BusinessBoom","floor":8.0,"key":"SMITH"},{"data":"thethorton:SheetShred","floor":13.0,"key":"SMITH"},{"data":"thethorton:SeeingDouble","floor":15.0,"key":"SMITH"},{"data":"infinitespire:UltimateForm","floor":25.0,"key":"SMITH"},{"floor":29.0,"key":"REST"}],"circlet_count":0,"master_deck":["thethorton:Strike","thethorton:Strike","thethorton:Strike","thethorton:Defend","thethorton:Defend","thethorton:Defend","thethorton:Defend","thethorton:Heckle","thethorton:CreditCard","thethorton:BusinessBoom+1","thethorton:GemGun+1","thethorton:SheetShred+1","thethorton:BusinessBash+1","thethorton:SeeingDouble+1","thethorton:Fatigue","thethorton:BusinessCard","infinitespire:UltimateForm+1","thethorton:TakeAccounts","thethorton:BusinessBurst","thethorton:RichRun+1","thethorton:SheetShred","ReplayUltimateDefense"],"relics":["thethorton:CouragePotion","NeowsBlessing","Golden Idol","Replay:Baseball","Lantern","thethorton:StoneOfSprinting","Snecko Heart","Frozen Eye","Ring of Chaos","StuffTheSpire:DarkSteelAnvil","aspiration:FetidBarrel"],"acts_visited":["Exordium","TheCity"],"potions_floor_usage":[],"damage_taken":[{"damage":0.0,"enemies":"2 Louse","floor":1.0,"turns":3.0},{"damage":1.0,"enemies":"Small Slimes","floor":3.0,"turns":3.0},{"damage":0.0,"enemies":"Lagavulin","floor":7.0,"turns":2.0},{"damage":0.0,"enemies":"Jaw Worm","floor":10.0,"turns":2.0},{"damage":14.0,"enemies":"Gremlin Nob","floor":11.0,"turns":3.0},{"damage":8.0,"enemies":"Lots of Slimes","floor":14.0,"turns":4.0},{"damage":27.0,"enemies":"Fading Forest","floor":16.0,"turns":11.0},{"damage":20.0,"enemies":"Spheric Guardian","floor":18.0,"turns":4.0},{"damage":0.0,"enemies":"2 Thieves","floor":21.0,"turns":2.0},{"damage":6.0,"enemies":"conspire:Head Lice","floor":23.0,"turns":5.0},{"damage":24.0,"enemies":"Cultist and Chosen","floor":24.0,"turns":5.0},{"damage":6.0,"enemies":"Snake Plant","floor":27.0,"turns":4.0},{"damage":46,"enemies":"Slavers","floor":31,"turns":4}],"seed_played":"-3062645609395713742","potions_obtained":[{"floor":3.0,"key":"Swift Potion"},{"floor":7.0,"key":"PowerPotion"},{"floor":10.0,"key":"Swift Potion"},{"floor":18.0,"key":"Venom Potion"},{"floor":21.0,"key":"Languid Potion"}],"is_trial":false,"path_per_floor":["M","$","M","?","?","R","E","R","T","M","E","?","R","M","R","B",null,"M","AVR","?","M","?","E","M","R","T","M","$","R","?","E"],"character_chosen":"THE_THORT","items_purchased":["ReplayUltimateDefense"],"campfire_rested":1,"item_purchase_floors":[28],"current_hp_per_floor":[68,68,67,50,50,50,50,50,50,50,36,36,36,28,28,27,68,48,48,48,48,48,42,18,18,18,12,12,32,32,0,0,0],"gold":312,"neow_bonus":"THREE_ENEMY_KILL","is_daily":false,"chose_seed":false,"campfire_upgraded":5,"win_rate":0.0,"timestamp":1610916827,"path_taken":["M","$","M","?","?","R","E","R","T","M","E","?","R","M","R","BOSS","M","AVR","?","M","?","E","M","R","T","?","?","R","?","E"],"items_purchased_type":["Card"],"build_version":"2020-12-22","purchased_purges":1,"victory":false,"max_hp_per_floor":[68,68,68,68,68,68,68,68,68,68,68,68,68,68,68,68,68,68,68,68,68,68,68,68,68,68,68,68,68,68,68,68,68],"card_choices":[{"not_picked":["thethorton:ElbowSmash","thethorton:DownPayment"],"picked":"thethorton:BusinessBoom","floor":1.0},{"not_picked":["thethorton:StumblingSlap","thethorton:LongDaysWork"],"picked":"thethorton:GemGun","floor":3.0},{"not_picked":["thethorton:DualBap","thethorton:DoubleRun"],"picked":"thethorton:SheetShred","floor":7.0},{"not_picked":["thethorton:FearfulRun","thethorton:SicklyRun","thethorton:AngerMoment"],"picked":"SKIP","floor":10.0},{"not_picked":["thethorton:BattleTrash","thethorton:AngerMoment"],"picked":"thethorton:BusinessBash","floor":11.0},{"not_picked":["thethorton:AngerMoment","thethorton:WhirlingBriefcase"],"picked":"thethorton:SeeingDouble","floor":14.0},{"not_picked":["thethorton:CardboardBox","thethorton:CallShop"],"picked":"thethorton:Fatigue","floor":16.0},{"not_picked":["thethorton:CashBash","thethorton:Rebalance"],"picked":"thethorton:BusinessCard","floor":18.0},{"not_picked":["thethorton:BookBash","thethorton:CoinClash"],"picked":"thethorton:TakeAccounts","floor":21.0},{"not_picked":["thethorton:DesperateRun","thethorton:BookBash"],"picked":"thethorton:BusinessBurst","floor":23.0},{"not_picked":["thethorton:LastDitchEffort","thethorton:BusinessCard"],"picked":"thethorton:RichRun+1","floor":24.0},{"not_picked":["thethorton:ElbowSmash","thethorton:FearfulRun"],"picked":"thethorton:SheetShred","floor":27.0}],"player_experience":2525488,"relics_obtained":[{"floor":7.0,"key":"Replay:Baseball"},{"floor":9.0,"key":"Lantern"},{"floor":11.0,"key":"thethorton:StoneOfSprinting"},{"floor":23.0,"key":"StuffTheSpire:DarkSteelAnvil"}],"event_choices":[{"damage_healed":0.0,"max_hp_gain":0.0,"max_hp_loss":0.0,"gold_gain":0.0,"event_name":"Golden Idol","player_choice":"Take Damage","floor":4.0,"gold_loss":0.0,"damage_taken":17.0,"relics_obtained":["Golden Idol"]},{"damage_healed":0.0,"max_hp_gain":0.0,"max_hp_loss":0.0,"gold_gain":0.0,"event_name":"Living Wall","player_choice":"Grow","floor":12.0,"gold_loss":0.0,"damage_taken":0.0,"cards_upgraded":["thethorton:BusinessBash"]},{"damage_healed":0.0,"max_hp_gain":0.0,"max_hp_loss":0.0,"gold_gain":0.0,"event_name":"Vampires","player_choice":"Ignored","floor":20.0,"gold_loss":0.0,"damage_taken":0.0},{"cards_removed":["thethorton:Strike"],"damage_healed":0.0,"max_hp_gain":0.0,"max_hp_loss":0.0,"gold_gain":0.0,"event_name":"Purifier","player_choice":"Purged","floor":22.0,"gold_loss":0.0,"damage_taken":0.0},{"damage_healed":0,"gold_gain":0,"player_choice":"Ignored","damage_taken":0,"max_hp_gain":0,"max_hp_loss":0,"event_name":"Cursed Tome","floor":30,"gold_loss":0}],"is_beta":false,"boss_relics":[{"not_picked":["Runic Dome","ReplayTheSpireMod:SealedPack"],"picked":"Snecko Heart"}],"items_purged_floors":[2],"is_endless":false,"potions_floor_spawned":[3,7,10,18,21],"killed_by":"Slavers","ascension_level":0}}