{"host":"o8ich17pcr9p9m1c","time":1610912584,"event":{"mods":["Ascension Unlocker","BaseMod","Block Reminder","Colored Map","Colored Powertips","DeckTracker","Highlight Path","Minty Spire (QoL Compilation)","Quick Restart","Random Character Button","StSLib","SuperFastMode","UnlockEverythingMod"],"gold_per_floor":[119,138,138,159,159,199,199,239,239,262,36,55,55,89,89,180,180,198,198,168,181,106,106,60,98,98,98,98,18,37,17,17,113,113,128,461,163,176,187,219,219,249,304,316,35,35,49,65,65,65,65,65,23,51,51,51],"floor_reached":55,"language":"JPN","playtime":5029,"items_purged":["Writhe","Injury","Doubt"],"score":1726,"play_id":"e9a03604-db96-4ca6-92bb-d45fb8c8c1ec","local_time":"20210118044304","is_ascension_mode":true,"campfire_choices":[{"data":"CrushJoints","floor":7,"key":"SMITH"},{"floor":13,"key":"REST"},{"data":"Devotion","floor":15,"key":"SMITH"},{"data":"TalkToTheHand","floor":23,"key":"SMITH"},{"floor":28,"key":"REST"},{"floor":32,"key":"REST"},{"data":"Vault","floor":41,"key":"SMITH"},{"floor":46,"key":"RECALL"},{"floor":49,"key":"REST"},{"data":"Meditate","floor":52,"key":"SMITH"}],"circlet_count":0,"master_deck":["AscendersBane","Strike_P","Defend_P","Defend_P","Defend_P","Defend_P","Eruption","Vigilance","BowlingBash","CrushJoints+1","BowlingBash","CutThroughFate","Meditate+1","SignatureMove","MentalFortress","TalkToTheHand+1","Sanctity","Devotion+1","Ragnarok","Tantrum","EmptyBody","Wallop","Consecrate","Swivel","Protect","Protect","Vault+1","EmptyFist+1","Fasting2","TalkToTheHand","Prostrate","Adaptation+1","WaveOfTheHand+1","Prostrate","Halt+1"],"relics":["SlaversCollar","Letter Opener","The Courier","Bottled Lightning","OrangePellets","InkBottle","Cursed Key","Bag of Preparation","Sundial","Runic Pyramid","Thread and Needle","Nunchaku","Potion Belt","Damaru","Gremlin Horn"],"acts_visited":["Exordium","TheCity","TheBeyond","TheEnding"],"potions_floor_usage":[6,14,18,20,21,25,25,33,40,54,54,55,55],"damage_taken":[{"damage":7,"enemies":"Small Slimes","floor":1,"turns":3},{"damage":2,"enemies":"Jaw Worm","floor":2,"turns":4},{"damage":0,"enemies":"Cultist","floor":4,"turns":2},{"damage":2,"enemies":"3 Sentries","floor":6,"turns":3},{"damage":36,"enemies":"Lagavulin","floor":8,"turns":8},{"damage":1,"enemies":"Red Slaver","floor":10,"turns":3},{"damage":3,"enemies":"Looter","floor":12,"turns":2},{"damage":2,"enemies":"Gremlin Nob","floor":14,"turns":3},{"damage":2,"enemies":"Hexaghost","floor":16,"turns":5},{"damage":17,"enemies":"2 Thieves","floor":18,"turns":4},{"damage":22,"enemies":"Spheric Guardian","floor":21,"turns":3},{"damage":12,"enemies":"Slavers","floor":25,"turns":4},{"damage":1,"enemies":"Centurion and Healer","floor":30,"turns":3},{"damage":22,"enemies":"Collector","floor":33,"turns":9},{"damage":0,"enemies":"Orb Walker","floor":35,"turns":3},{"damage":0,"enemies":"3 Darklings","floor":38,"turns":6},{"damage":0,"enemies":"Maw","floor":39,"turns":9},{"damage":0,"enemies":"Nemesis","floor":40,"turns":8},{"damage":0,"enemies":"Giant Head","floor":42,"turns":7},{"damage":9,"enemies":"Spire Growth","floor":44,"turns":6},{"damage":0,"enemies":"Sphere and 2 Shapes","floor":47,"turns":4},{"damage":0,"enemies":"3 Darklings","floor":48,"turns":8},{"damage":0,"enemies":"Donu and Deca","floor":50,"turns":8},{"damage":56,"enemies":"Shield and Spear","floor":54,"turns":6},{"damage":32,"enemies":"The Heart","floor":55,"turns":3}],"seed_played":"7449889519092725792","potions_obtained":[{"floor":1,"key":"BlessingOfTheForge"},{"floor":10,"key":"Energy Potion"},{"floor":12,"key":"ColorlessPotion"},{"floor":16,"key":"Dexterity Potion"},{"floor":18,"key":"SmokeBomb"},{"floor":20,"key":"Fruit Juice"},{"floor":20,"key":"Swift Potion"},{"floor":25,"key":"PowerPotion"},{"floor":33,"key":"BlessingOfTheForge"},{"floor":38,"key":"FearPotion"},{"floor":40,"key":"Fire Potion"},{"floor":44,"key":"Swift Potion"},{"floor":47,"key":"Ambrosia"},{"floor":54,"key":"SmokeBomb"}],"is_trial":false,"path_per_floor":["M","M","?","M","?","E","R","E","T","M","$","M","R","E","R","B",null,"M","?","?","M","?","R","$","E","T","?","R","$","M","$","R","B",null,"M","?","$","M","M","E","R","E","T","M","$","R","M","M","R","B",null,"R","$","E","B"],"character_chosen":"WATCHER","items_purchased":["TalkToTheHand","OrangePellets","PowerPotion","Protect","Fasting2","Thread and Needle","Damaru","PowerPotion","SpeedPotion"],"campfire_rested":4,"item_purchase_floors":[11,11,24,31,37,37,45,45,53],"current_hp_per_floor":[54,52,52,52,52,50,50,14,14,13,13,10,28,26,26,24,53,36,36,41,19,19,19,19,7,7,7,27,27,26,26,46,24,56,56,56,56,56,56,56,56,56,56,47,47,47,47,47,67,67,67,67,67,11,0,0],"gold":51,"neow_bonus":"BOSS_RELIC","is_daily":false,"chose_seed":false,"campfire_upgraded":5,"win_rate":0.0,"timestamp":1610912584,"path_taken":["M","M","?","M","?","E","R","E","T","?","?","M","R","E","R","BOSS","M","?","?","?","?","R","$","E","T","?","R","$","M","?","R","BOSS","M","?","$","M","M","E","R","E","T","M","?","R","M","M","R","BOSS","R","$","E","BOSS"],"items_purchased_type":["Card","Relic","Potion","Card","Card","Relic","Relic","Potion","Potion"],"build_version":"2020-12-22","purchased_purges":3,"victory":false,"max_hp_per_floor":[68,68,62,62,62,62,62,62,62,62,62,62,62,62,62,62,62,62,62,67,67,67,67,67,67,67,67,67,67,67,67,67,67,67,67,67,67,67,67,67,67,67,67,67,67,67,67,67,67,67,67,67,67,67,67,67],"card_choices":[{"not_picked":["Vengeance","Evaluate"],"picked":"BowlingBash","floor":1},{"not_picked":["ReachHeaven","ClearTheMind"],"picked":"CrushJoints","floor":2},{"not_picked":["Halt","Fasting2"],"picked":"BowlingBash","floor":4},{"not_picked":["Fasting2","Protect"],"picked":"Meditate","floor":6},{"not_picked":["SashWhip","CarveReality"],"picked":"SignatureMove","floor":8},{"not_picked":["CutThroughFate","Conclude"],"picked":"MentalFortress","floor":10},{"not_picked":["EmptyFist","Prostrate"],"picked":"Sanctity","floor":12},{"not_picked":["Weave","FlyingSleeves"],"picked":"Devotion","floor":14},{"not_picked":["Establishment","MasterReality"],"picked":"Ragnarok","floor":16},{"not_picked":["ThirdEye","EmptyBody+1"],"picked":"Tantrum","floor":18},{"not_picked":["SashWhip","Prostrate"],"picked":"EmptyBody","floor":21},{"not_picked":["InnerPeace+1","EmptyMind"],"picked":"Wallop","floor":25},{"not_picked":["ThirdEye","Alpha"],"picked":"Protect","floor":30},{"not_picked":["SpiritShield","Scrawl"],"picked":"Vault","floor":33},{"not_picked":["FlyingSleeves+1","CrushJoints"],"picked":"EmptyFist+1","floor":35},{"not_picked":["Indignation","Adaptation"],"picked":"TalkToTheHand","floor":38},{"not_picked":["Crescendo+1","FlurryOfBlows"],"picked":"Prostrate","floor":39},{"not_picked":["Swivel","ReachHeaven"],"picked":"Adaptation+1","floor":40},{"not_picked":["FlyingSleeves+1","InnerPeace+1"],"picked":"WaveOfTheHand+1","floor":42},{"not_picked":["CrushJoints","Consecrate+1"],"picked":"Prostrate","floor":44},{"not_picked":["Perseverance","Indignation","FearNoEvil"],"picked":"SKIP","floor":47},{"not_picked":["Perseverance","Indignation","FearNoEvil"],"picked":"SKIP","floor":47},{"not_picked":["EmptyBody","DeceiveReality+1","SignatureMove"],"picked":"SKIP","floor":48},{"not_picked":["Evaluate","Crescendo"],"picked":"Halt+1","floor":54}],"player_experience":6966,"relics_obtained":[{"floor":6,"key":"Letter Opener"},{"floor":8,"key":"The Courier"},{"floor":9,"key":"Bottled Lightning"},{"floor":14,"key":"InkBottle"},{"floor":25,"key":"Bag of Preparation"},{"floor":26,"key":"Sundial"},{"floor":40,"key":"Nunchaku"},{"floor":42,"key":"Potion Belt"},{"floor":54,"key":"Gremlin Horn"}],"event_choices":[{"damage_healed":0,"gold_gain":0,"player_choice":"Lose Max HP","damage_taken":0,"relics_obtained":["Golden Idol"],"max_hp_gain":0,"max_hp_loss":6,"event_name":"Golden Idol","floor":3,"gold_loss":0},{"damage_healed":0,"gold_gain":0,"player_choice":"2 cards matched","damage_taken":0,"max_hp_gain":0,"max_hp_loss":0,"event_name":"Match and Keep!","floor":5,"gold_loss":0,"cards_obtained":["Writhe","CutThroughFate"]},{"damage_healed":0,"gold_gain":0,"player_choice":"Ignored","damage_taken":0,"max_hp_gain":0,"max_hp_loss":0,"event_name":"The Mausoleum","floor":19,"gold_loss":0},{"damage_healed":0,"gold_gain":0,"player_choice":"Bought 2 Potions","damage_taken":0,"max_hp_gain":0,"max_hp_loss":0,"event_name":"The Woman in Blue","floor":20,"gold_loss":0},{"cards_removed":["Strike_P"],"damage_healed":0,"gold_gain":0,"player_choice":"Gave Gold","damage_taken":0,"max_hp_gain":0,"max_hp_loss":0,"event_name":"Beggar","floor":22,"gold_loss":75},{"damage_healed":0,"gold_gain":0,"cards_transformed":["Strike_P","Strike_P"],"player_choice":"Became Test Subject","damage_taken":0,"max_hp_gain":0,"max_hp_loss":0,"event_name":"Drug Dealer","floor":27,"gold_loss":0,"cards_obtained":["Consecrate","Swivel"]},{"damage_healed":0,"gold_gain":333,"player_choice":"Gave Idol","damage_taken":0,"max_hp_gain":0,"max_hp_loss":0,"event_name":"The Moai Head","floor":36,"relics_lost":["Golden Idol"],"gold_loss":0}],"is_beta":false,"boss_relics":[{"not_picked":["Runic Dome","SacredBark"],"picked":"Cursed Key"},{"not_picked":["Astrolabe","Pandora\u0027s Box"],"picked":"Runic Pyramid"}],"items_purged_floors":[11,29,45],"is_endless":false,"potions_floor_spawned":[1,10,12,16,18,25,33,38,40,44,47,48,54],"killed_by":"The Heart","ascension_level":20}}