{"host":"3498uni0c31c9bdm","time":1610870396,"event":{"mods":["BaseMod","Better Third Choice","Minty Spire (QoL Compilation)","Replay The Spire","StSLib"],"gold_per_floor":[109,121,121,144,144,144,163,88,88,88,111,135,148,186,186,310,310,331,331,347,371,371,371,405,405,405],"floor_reached":25,"language":"ENG","playtime":2118,"items_purged":["Regret"],"score":304,"play_id":"d8ed3e6c-6658-423f-8214-023181f19dad","local_time":"20210117185956","is_ascension_mode":true,"campfire_choices":[{"floor":6,"key":"RECALL"},{"floor":10,"key":"REST"},{"floor":15,"key":"REST"},{"floor":23,"key":"REST"}],"circlet_count":0,"master_deck":["Strike_B","Strike_B","Strike_B","Strike_B","Defend_B","Defend_B","Defend_B","Defend_B","Zap","Dualcast","Defend_B","Defend_P","ReplayTheSpireMod:Brewmster","BootSequence","Stack","Injury","Double Energy","Gash","Gash","Cold Snap","Rainbow","Ball Lightning","Machine Learning","Tempest","BasicCrystalCard","Leap","Capacitor+1"],"relics":["Cracked Core","Golden Idol","Cables","Mummified Hand","Replay:Wax Seal","Nuclear Battery","Blue Doll","Replay:Ringing Soul","Prayer Wheel"],"acts_visited":["Exordium","TheCity"],"potions_floor_usage":[11,12,14,14,14,16,16,18,21,21,21,24,24,24,25,25,25,25],"damage_taken":[{"damage":5,"enemies":"Cultist","floor":1,"turns":5},{"damage":0,"enemies":"Jaw Worm","floor":2,"turns":3},{"damage":7,"enemies":"Small Slimes","floor":4,"turns":3},{"damage":8,"enemies":"Looter","floor":7,"turns":3},{"damage":2,"enemies":"Gremlin Gang","floor":11,"turns":7},{"damage":0,"enemies":"Exordium Wildlife","floor":12,"turns":3},{"damage":4,"enemies":"Blue Slaver","floor":13,"turns":3},{"damage":28,"enemies":"3 Sentries","floor":14,"turns":12},{"damage":5,"enemies":"Hexaghost","floor":16,"turns":6},{"damage":0,"enemies":"3 Byrds","floor":18,"turns":3},{"damage":2,"enemies":"Chosen","floor":20,"turns":4},{"damage":53,"enemies":"Centurion and Healer","floor":21,"turns":12},{"damage":6,"enemies":"Replay:Snechameleon","floor":24,"turns":8},{"damage":38,"enemies":"3 Cultists","floor":25,"turns":5}],"seed_played":"-1939788202402770204","potions_obtained":[{"floor":2,"key":"BlessingOfTheForge"},{"floor":24,"key":"DistilledChaos"}],"is_trial":false,"path_per_floor":["M","M","?","M","?","R","M","$","T","R","M","M","M","E","R","B",null,"M","?","M","M","?","R","E","M"],"character_chosen":"DEFECT","items_purchased":[],"campfire_rested":3,"item_purchase_floors":[],"current_hp_per_floor":[63,63,63,56,56,56,48,48,48,70,68,68,64,36,58,53,70,70,70,68,15,15,37,34,0,0],"gold":405,"neow_bonus":"RANDOM_COLORLESS_2","is_daily":false,"chose_seed":false,"campfire_upgraded":0,"win_rate":0.0,"timestamp":1610870396,"path_taken":["M","?","?","M","?","R","M","$","T","R","M","M","M","E","R","BOSS","M","?","?","M","?","R","E","M"],"items_purchased_type":[],"build_version":"2020-12-22","purchased_purges":1,"victory":false,"max_hp_per_floor":[75,75,75,75,75,75,75,75,75,75,75,75,75,75,75,75,75,75,75,75,75,75,75,78,78,78],"card_choices":[{"not_picked":["Crow Ritual","ReplayTheSpireMod:Necrogeddon"],"picked":"ReplayTheSpireMod:Brewmster","floor":0},{"not_picked":["Cold Snap","Rebound"],"picked":"BootSequence","floor":1},{"not_picked":["Go for the Eyes","Skim"],"picked":"Stack","floor":2},{"not_picked":["Beam Cell","ReplaySort"],"picked":"Double Energy","floor":4},{"not_picked":["Sweeping Beam","Stack"],"picked":"Gash","floor":7},{"not_picked":["Tempest","Double Energy"],"picked":"Gash","floor":11},{"not_picked":["Gash","Leap"],"picked":"Cold Snap","floor":12},{"not_picked":["Chaos","Leap"],"picked":"Rainbow","floor":13},{"not_picked":["Steam","Gash"],"picked":"Ball Lightning","floor":14},{"not_picked":["ReplayRNGCard","Reboot"],"picked":"Machine Learning","floor":16},{"not_picked":["Stack","Leap"],"picked":"Tempest","floor":18},{"not_picked":["Beam Cell","Rip and Tear"],"picked":"BasicCrystalCard","floor":20},{"not_picked":["BasicCrystalCard","ReplayTheSpireMod:GoodbyeWorld"],"picked":"Leap","floor":21},{"not_picked":["Undo","BasicCrystalCard+1"],"picked":"Capacitor+1","floor":24}],"player_experience":691427,"relics_obtained":[{"floor":9,"key":"Mummified Hand"},{"floor":14,"key":"Replay:Wax Seal"},{"floor":24,"key":"Replay:Ringing Soul"}],"event_choices":[{"damage_healed":0,"gold_gain":0,"player_choice":"Take Wound","damage_taken":0,"relics_obtained":["Golden Idol"],"max_hp_gain":0,"max_hp_loss":0,"event_name":"Golden Idol","floor":3,"gold_loss":0,"cards_obtained":["Injury"]},{"damage_healed":0,"gold_gain":0,"player_choice":"Box","damage_taken":0,"relics_obtained":["Cables"],"max_hp_gain":0,"max_hp_loss":0,"event_name":"Big Fish","floor":5,"gold_loss":0,"cards_obtained":["Regret"]},{"damage_healed":0,"gold_gain":0,"player_choice":"Opened","damage_taken":0,"relics_obtained":["Blue Doll"],"max_hp_gain":0,"max_hp_loss":0,"event_name":"The Mausoleum","floor":19,"gold_loss":0},{"damage_healed":0,"gold_gain":0,"player_choice":"Ignored","damage_taken":0,"max_hp_gain":0,"max_hp_loss":0,"event_name":"Ghosts","floor":22,"gold_loss":0}],"is_beta":false,"boss_relics":[{"not_picked":["Fusion Hammer","Philosopher\u0027s Stone"],"picked":"Nuclear Battery"}],"items_purged_floors":[8],"is_endless":false,"potions_floor_spawned":[2,4,7,12,14,16,24],"killed_by":"3 Cultists","ascension_level":7}}