{"host":"sc0o2qwpf9j16a4i","time":1610890172,"event":{"mods":["AchievementEnabler","BaseMod","BetterRewards","Block Reminder","Colored Map","Colored Powertips","Custom Start","Highlight Path","Minty Spire (QoL Compilation)","Relic Stats"],"gold_per_floor":[110,120,120,120,45,45,68,101,101,101,140,156,199,223,223,316,316,337,352,377,377,178,221,221,255,255,290,320,320,370,393,393,495,495,510,534,593,229,253,253,278,309,309,642,657,657,688,688,688,688,688,688,688,182,212,212],"floor_reached":57,"language":"ENG","playtime":4021,"items_purged":["Strike_R","Strike_R","Strike_R"],"score":3559,"play_id":"9cca6929-aadf-44ed-af93-e8efae3203fc","local_time":"20210117152932","is_ascension_mode":true,"campfire_choices":[{"floor":6,"key":"REST"},{"data":"Shockwave","floor":15,"key":"SMITH"},{"floor":24,"key":"REST"},{"floor":29,"key":"REST"},{"floor":32,"key":"RECALL"},{"data":"Body Slam","floor":40,"key":"SMITH"},{"data":"Body Slam","floor":46,"key":"SMITH"},{"floor":49,"key":"REST"},{"floor":53,"key":"REST"}],"circlet_count":0,"master_deck":["AscendersBane","Defend_R","Defend_R","Defend_R","Defend_R","Bash","Shockwave+1","Apotheosis+1","Anger","Rage","Body Slam+1","Inflame+1","Feed+1","Shrug It Off+1","Burning Pact+1","Combust+1","Bludgeon","Intimidate+1","Shrug It Off+1","Sentinel+1","Entrench+1","Body Slam+1","Disarm+1","Shrug It Off+1","Impervious+1","Reaper","True Grit+1","Feed","Enlightenment+1","Metallicize+1","Heavy Blade"],"relics":["Burning Blood","Lantern","Akabeko","PreservedInsect","Shuriken","Sling","Frozen Egg 2","Toxic Egg 2","Bag of Marbles","Ginger","Runic Pyramid","Enchiridion","Membership Card","CeramicFish","Blood Vial","Whetstone","Busted Crown","Dead Branch","Bottled Lightning","Happy Flower","Orrery","Orichalcum","Red Skull","ClockworkSouvenir","Bronze Scales","Du-Vu Doll","Mango"],"acts_visited":["Exordium","TheCity","TheBeyond","TheEnding"],"potions_floor_usage":[11,13,37,51,56,56],"damage_taken":[{"damage":0,"enemies":"2 Louse","floor":1,"turns":3},{"damage":2,"enemies":"Small Slimes","floor":2,"turns":3},{"damage":0,"enemies":"Cultist","floor":7,"turns":2},{"damage":0,"enemies":"Lagavulin","floor":8,"turns":4},{"damage":2,"enemies":"3 Sentries","floor":11,"turns":4},{"damage":8,"enemies":"2 Fungi Beasts","floor":12,"turns":3},{"damage":0,"enemies":"Lagavulin","floor":13,"turns":4},{"damage":8,"enemies":"Exordium Thugs","floor":14,"turns":4},{"damage":28,"enemies":"Slime Boss","floor":16,"turns":9},{"damage":20,"enemies":"Shell Parasite","floor":18,"turns":4},{"damage":1,"enemies":"Chosen","floor":19,"turns":4},{"damage":30,"enemies":"Snecko","floor":20,"turns":6},{"damage":14,"enemies":"Book of Stabbing","floor":23,"turns":2},{"damage":32,"enemies":"Shelled Parasite and Fungi","floor":25,"turns":5},{"damage":11,"enemies":"Slavers","floor":27,"turns":4},{"damage":0,"enemies":"Sentry and Sphere","floor":28,"turns":4},{"damage":38,"enemies":"Book of Stabbing","floor":30,"turns":6},{"damage":0,"enemies":"Centurion and Healer","floor":31,"turns":4},{"damage":5,"enemies":"Automaton","floor":33,"turns":7},{"damage":9,"enemies":"3 Darklings","floor":35,"turns":6},{"damage":0,"enemies":"3 Shapes","floor":36,"turns":4},{"damage":3,"enemies":"2 Orb Walkers","floor":37,"turns":4},{"damage":25,"enemies":"Transient","floor":39,"turns":6},{"damage":17,"enemies":"Maw","floor":41,"turns":6},{"damage":16,"enemies":"Nemesis","floor":42,"turns":5},{"damage":18,"enemies":"Sphere and 2 Shapes","floor":45,"turns":5},{"damage":45,"enemies":"Reptomancer","floor":47,"turns":6},{"damage":78,"enemies":"Awakened One","floor":50,"turns":18},{"damage":66,"enemies":"Time Eater","floor":51,"turns":11},{"damage":46,"enemies":"Shield and Spear","floor":55,"turns":5},{"damage":160,"enemies":"The Heart","floor":56,"turns":12}],"seed_played":"707264528968664560","potions_obtained":[{"floor":7,"key":"DuplicationPotion"},{"floor":8,"key":"FearPotion"},{"floor":11,"key":"Energy Potion"},{"floor":16,"key":"FairyPotion"},{"floor":35,"key":"PowerPotion"},{"floor":37,"key":"Ancient Potion"},{"floor":47,"key":"BloodPotion"}],"is_trial":false,"path_per_floor":["M","M","?","?","?","R","M","E","T","?","E","M","E","M","R","B",null,"M","M","M","?","$","E","R","M","T","E","M","R","E","M","R","B",null,"M","M","?","$","M","R","M","E","T","?","M","R","E","?","R","B","B",null,"R","$","E","B",null],"character_chosen":"IRONCLAD","items_purchased":["Lantern","Akabeko","Shockwave","Apotheosis","PreservedInsect","Shuriken","Sling","Anger","Membership Card","Bottled Lightning","Reaper","Happy Flower","Orrery","ClockworkSouvenir","Bronze Scales","Enlightenment+1","Du-Vu Doll","Weak Potion","Metallicize+1","Heavy Blade"],"campfire_rested":5,"item_purchase_floors":[0,0,0,0,0,0,0,0,22,38,38,38,38,54,54,54,54,54,54,54],"current_hp_per_floor":[31,35,35,35,35,55,61,67,67,67,68,70,72,74,74,52,70,60,69,49,28,28,23,50,27,27,26,34,63,37,49,49,56,97,100,112,121,121,118,118,126,116,116,116,127,127,94,94,135,94,114,141,150,150,128,13],"gold":212,"neow_bonus":"","is_daily":false,"chose_seed":false,"campfire_upgraded":3,"win_rate":0.0,"timestamp":1610890172,"path_taken":["M","M","?","?","?","R","M","E","T","?","E","M","E","M","R","BOSS","M","M","?","?","$","E","R","M","T","E","M","R","E","M","R","BOSS","M","M","?","$","M","R","M","E","T","?","M","R","E","?","R","BOSS","BOSS","R","$","E","BOSS"],"items_purchased_type":["Relic","Relic","Card","Card","Relic","Relic","Relic","Card","Relic","Relic","Card","Relic","Relic","Relic","Relic","Card","Relic","Potion","Card","Card"],"build_version":"2020-12-22","purchased_purges":3,"victory":true,"max_hp_per_floor":[75,75,75,68,68,68,68,68,68,68,68,72,72,76,76,76,76,80,84,88,88,88,91,91,94,94,98,98,98,102,106,106,110,110,114,118,122,122,122,122,126,126,126,126,134,134,138,138,138,146,150,150,150,150,168,168],"relic_stats":{"Happy Flower":[24],"counters":[102,600],"CeramicFish":108,"Dead Branch":[209],"PreservedInsect":415,"Ginger":[22],"Whetstone":["Feed","Carnage"],"Orichalcum":[276],"Burning Blood":400,"Blood Vial":57,"Busted Crown":28,"Shuriken":[27],"Bronze Scales":[638],"obtain_stats":[{"Nilry\u0027s Codex":19,"CeramicFish":23,"Ginger":0,"Whetstone":30,"Sling":0,"Sozu":17,"Blood Vial":0,"HornCleat":14,"Sundial":31,"Strawberry":41,"Prayer Wheel":0,"Philosopher\u0027s Stone":17,"Toxic Egg 2":9,"Pear":25,"Happy Flower":38,"Blue Candle":9,"Dead Branch":37,"Eternal Feather":0,"War Paint":47,"Akabeko":0,"Du-Vu Doll":54,"OrangePellets":11,"Shuriken":9,"Bronze Scales":0,"Bird Faced Urn":27,"Snecko Eye":34,"Molten Egg 2":0,"Pandora\u0027s Box":17,"Pocketwatch":34,"Regal Pillow":32,"Lantern":0,"Torii":26,"Enchiridion":21,"Mango":55,"Juzu Bracelet":9,"Bag of Preparation":0,"Empty Cage":0,"Smiling Mask":41,"Cursed Key":34,"Burning Blood":0,"ClockworkSouvenir":54,"Dream Catcher":0,"Shovel":7,"Mummified Hand":14,"Red Mask":22,"Red Skull":8,"InkBottle":29,"Runic Pyramid":17,"Lee\u0027s Waffle":20,"Self Forming Clay":26,"Golden Idol":4,"PreservedInsect":0,"Orichalcum":0,"Odd Mushroom":8,"Frozen Egg 2":8,"MawBank":7,"Medical Kit":0,"White Beast Statue":45,"Mercury Hourglass":23,"Calling Bell":34,"Busted Crown":34,"Ornamental Fan":8,"Orrery":38,"Turnip":44,"Art of War":34,"Bag of Marbles":11,"Champion Belt":39,"Membership Card":22,"Bottled Lightning":38,"Toy Ornithopter":11},{"Nilry\u0027s Codex":10,"CeramicFish":84,"Ginger":27,"Whetstone":88,"Sling":71,"Sozu":9,"Blood Vial":50,"HornCleat":35,"Sundial":64,"Strawberry":46,"Prayer Wheel":50,"Philosopher\u0027s Stone":58,"Toxic Egg 2":75,"Pear":39,"Happy Flower":93,"Blue Candle":56,"Dead Branch":93,"Eternal Feather":27,"War Paint":24,"Akabeko":71,"Du-Vu Doll":100,"OrangePellets":33,"Shuriken":5,"Bronze Scales":50,"Bird Faced Urn":61,"Snecko Eye":16,"Molten Egg 2":27,"Pandora\u0027s Box":36,"Pocketwatch":42,"Regal Pillow":64,"Lantern":71,"Torii":13,"Enchiridion":83,"Mango":101,"Juzu Bracelet":32,"Bag of Preparation":50,"Empty Cage":0,"Smiling Mask":20,"Cursed Key":65,"Burning Blood":0,"ClockworkSouvenir":100,"Dream Catcher":27,"Shovel":55,"Mummified Hand":8,"Red Mask":60,"Red Skull":5,"InkBottle":63,"Runic Pyramid":80,"Lee\u0027s Waffle":37,"Self Forming Clay":39,"Golden Idol":73,"PreservedInsect":71,"Orichalcum":27,"Odd Mushroom":56,"Frozen Egg 2":75,"MawBank":32,"Medical Kit":50,"White Beast Statue":23,"Mercury Hourglass":12,"Calling Bell":42,"Busted Crown":90,"Ornamental Fan":32,"Orrery":93,"Turnip":47,"Art of War":42,"Bag of Marbles":76,"Champion Belt":45,"Membership Card":83,"Bottled Lightning":93,"Toy Ornithopter":57},{"Nilry\u0027s Codex":54,"CeramicFish":482,"Ginger":194,"Whetstone":501,"Sling":430,"Sozu":48,"Blood Vial":297,"HornCleat":221,"Sundial":379,"Strawberry":267,"Prayer Wheel":297,"Philosopher\u0027s Stone":342,"Toxic Egg 2":442,"Pear":233,"Happy Flower":526,"Blue Candle":321,"Dead Branch":526,"Eternal Feather":194,"War Paint":136,"Akabeko":430,"Du-Vu Doll":583,"OrangePellets":214,"Shuriken":25,"Bronze Scales":297,"Bird Faced Urn":358,"Snecko Eye":96,"Molten Egg 2":194,"Pandora\u0027s Box":225,"Pocketwatch":248,"Regal Pillow":379,"Lantern":430,"Torii":70,"Enchiridion":480,"Mango":588,"Juzu Bracelet":211,"Bag of Preparation":297,"Empty Cage":0,"Smiling Mask":117,"Cursed Key":392,"Burning Blood":0,"ClockworkSouvenir":583,"Dream Catcher":194,"Shovel":316,"Mummified Hand":33,"Red Mask":352,"Red Skull":25,"InkBottle":373,"Runic Pyramid":466,"Lee\u0027s Waffle":228,"Self Forming Clay":233,"Golden Idol":436,"PreservedInsect":430,"Orichalcum":194,"Odd Mushroom":321,"Frozen Egg 2":442,"MawBank":211,"Medical Kit":297,"White Beast Statue":130,"Mercury Hourglass":65,"Calling Bell":248,"Busted Crown":512,"Ornamental Fan":211,"Orrery":526,"Turnip":273,"Art of War":248,"Bag of Marbles":446,"Champion Belt":259,"Membership Card":480,"Bottled Lightning":526,"Toy Ornithopter":331}]},"card_choices":[{"not_picked":["Shrug It Off","Armaments"],"picked":"Rage","floor":1},{"not_picked":["Shockwave","Sever Soul","Clash"],"picked":"SKIP","floor":2},{"not_picked":["Flex","Armaments"],"picked":"Body Slam","floor":7},{"not_picked":["Heavy Blade","Rampage"],"picked":"Carnage","floor":8},{"not_picked":["Iron Wave","Body Slam"],"picked":"Feed","floor":11},{"not_picked":["Cleave","Reckless Charge"],"picked":"Shrug It Off+1","floor":12},{"not_picked":["Clash","Anger"],"picked":"Burning Pact+1","floor":13},{"not_picked":["Intimidate+1","Shrug It Off+1"],"picked":"Combust+1","floor":14},{"not_picked":["Offering+1","Brutality+1"],"picked":"Bludgeon","floor":16},{"not_picked":["Wild Strike","Perfected Strike"],"picked":"Intimidate+1","floor":18},{"not_picked":["Carnage","Headbutt","Bloodletting+1"],"picked":"SKIP","floor":19},{"not_picked":["Shockwave+1","Body Slam"],"picked":"Shrug It Off+1","floor":20},{"not_picked":["Warcry+1","Cleave"],"picked":"Sentinel+1","floor":23},{"not_picked":["Perfected Strike","Seeing Red+1"],"picked":"Entrench+1","floor":25},{"not_picked":["Anger","Pommel Strike","Evolve+1"],"picked":"SKIP","floor":27},{"not_picked":["Anger","Cleave"],"picked":"Body Slam","floor":28},{"not_picked":["Hemokinesis","Infernal Blade+1"],"picked":"Disarm+1","floor":30},{"not_picked":["Perfected Strike","Thunderclap"],"picked":"Shrug It Off+1","floor":31},{"not_picked":["Juggernaut+1","Berserk+1"],"picked":"Impervious+1","floor":33},{"not_picked":["Clothesline"],"picked":"SKIP","floor":35},{"not_picked":["Thunderclap"],"picked":"SKIP","floor":36},{"not_picked":[],"picked":"True Grit+1","floor":38},{"not_picked":[],"picked":"Feed","floor":38},{"not_picked":["Twin Strike"],"picked":"SKIP","floor":39},{"not_picked":["Wild Strike+1"],"picked":"SKIP","floor":41},{"not_picked":["Pummel"],"picked":"SKIP","floor":42},{"not_picked":["Armaments+1"],"picked":"SKIP","floor":45},{"not_picked":["Iron Wave"],"picked":"SKIP","floor":47},{"not_picked":["Heavy Blade"],"picked":"SKIP","floor":55}],"player_experience":690312,"relics_obtained":[{"floor":8,"key":"Frozen Egg 2"},{"floor":9,"key":"Toxic Egg 2"},{"floor":11,"key":"Bag of Marbles"},{"floor":13,"key":"Ginger"},{"floor":21,"key":"Enchiridion"},{"floor":23,"key":"CeramicFish"},{"floor":27,"key":"Blood Vial"},{"floor":30,"key":"Whetstone"},{"floor":37,"key":"Dead Branch"},{"floor":43,"key":"Orichalcum"},{"floor":47,"key":"Red Skull"},{"floor":55,"key":"Mango"}],"event_choices":[{"damage_healed":0,"gold_gain":0,"player_choice":"Grow","damage_taken":0,"max_hp_gain":0,"max_hp_loss":0,"event_name":"Living Wall","floor":3,"gold_loss":0,"cards_upgraded":["Apotheosis"]},{"damage_healed":0,"gold_gain":0,"player_choice":"Lose Max HP","damage_taken":0,"relics_obtained":["Golden Idol"],"max_hp_gain":0,"max_hp_loss":7,"event_name":"Golden Idol","floor":4,"gold_loss":0},{"cards_removed":["Strike_R"],"damage_healed":0,"gold_gain":0,"player_choice":"Card Removal","damage_taken":0,"max_hp_gain":0,"max_hp_loss":0,"event_name":"The Cleric","floor":5,"gold_loss":75},{"damage_healed":0,"gold_gain":0,"cards_transformed":["Strike_R"],"player_choice":"Transformed","damage_taken":0,"max_hp_gain":0,"max_hp_loss":0,"event_name":"Transmorgrifier","floor":10,"gold_loss":0,"cards_obtained":["Inflame"]},{"damage_healed":0,"gold_gain":0,"player_choice":"Obtained Book","damage_taken":21,"max_hp_gain":0,"max_hp_loss":0,"event_name":"Cursed Tome","floor":21,"gold_loss":0},{"damage_healed":0,"gold_gain":0,"player_choice":"Fight","damage_taken":0,"max_hp_gain":0,"max_hp_loss":0,"event_name":"Mysterious Sphere","floor":37,"gold_loss":0},{"damage_healed":0,"gold_gain":333,"player_choice":"Gave Idol","damage_taken":0,"max_hp_gain":0,"max_hp_loss":0,"event_name":"The Moai Head","floor":44,"relics_lost":["Golden Idol"],"gold_loss":0},{"cards_removed":["Carnage"],"damage_healed":0,"gold_gain":0,"player_choice":"Removed Attack","damage_taken":0,"max_hp_gain":0,"max_hp_loss":0,"event_name":"Falling","floor":48,"gold_loss":0}],"is_beta":false,"boss_relics":[{"not_picked":["Mark of Pain","Black Blood"],"picked":"Runic Pyramid"},{"not_picked":["SacredBark","Astrolabe"],"picked":"Busted Crown"}],"items_purged_floors":[22,38,54],"is_endless":false,"potions_floor_spawned":[7,8,11,12,16,20,23,28,30,31,35,37,42,45,47],"ascension_level":20}}