{"host":"m9b9nkcj1hzhp9h6","time":1610923874,"event":{"mods":["100% Spire Juice","AchievementEnabler","Act Like it!","AlwaysNeverKeys","Aspiration","BaseMod","Better Altar","Better Match","Better Note","Better Sensory Stone","Better Silent Start","Better Skull","Better Third Choice","Better Vampires","BetterRewards","Booster Modes","Colored Map","Colored Powertips","Colorless Booster Pack","Conspire","Custom Start","Dark Map","Defective Defect","Dio Mod","Displayed Cursed Tome","Dota2Spire","Elementarium","Emptier Cage","Energized Spire","Fox Events","Friendly Minions","Gensokyo","GifTheSpireLib","Halation","HexUI Lib","Hubris","Infinite Spire","Ironclad Rager","Jedi Mod","Mari Mod (Legacy)","Mari\u0027s V1 Patch","Marked Mod","Menagerie","Mimic Mod","Minty Spire (QoL Compilation)","Pale of the Ancients","Permanent Neow","Poor People Problems","Prisma Mod","RRrroohrrRGHHhhh!!","Random Character Button","Random Character Mod","Relic Sorter","Relic Stats","Remilia??????","Replay The Spire","Reworked Bosses","Robot Space Explorer","RumiaBox-????????","SCP261 Mod","SacredBarkPlus","Small Relic Pack","Spikes Relics","StSLib","Stuff the Spire","The Animator","The Blue Laboratory","The Factory","The IronCluck","The Jungle","Trackpad","Transform Curses","Useless Jewels Mod","Virulent Crown","Waifu the Spire","Wandering Minibosses","Yohane!","Yuri Mod","egg","slay the spire mod where everything is the same but ironclad has a cowboy hat","thorton","vexMod"],"gold_per_floor":[113,113,113,125,135,164,164,196,196,196,215,215,140,160,160,260,260,243,243,263,273,273,273,301,301,301],"floor_reached":25,"language":"ENG","playtime":1063,"items_purged":["Strike_R","Strike_R"],"score":231,"play_id":"e25fe157-6f2d-40bf-8a98-d34b6e1a1f83","local_time":"20210118005114","is_ascension_mode":false,"campfire_choices":[{"data":"Bash","floor":7,"key":"SMITH"},{"floor":10,"key":"REST"},{"data":"Rupture","floor":12,"key":"SMITH"},{"data":"Strike_R","floor":15,"key":"SMITH"}],"circlet_count":0,"master_deck":["Strike_R+1","Strike_R","Strike_R","Defend_R","Defend_R","Defend_R","Defend_R","Bash+1","jedi:studypoison+1","infinitespire:Collect","jedi:collectorstrike"],"relics":["Burning Blood","NeowsBlessing","Golden Egg","infinitespire:Golems Mask","SecretRecord","Mercury Hourglass","Sozu","Replay:Rubber Ducky","StuffTheSpire:Tea"],"acts_visited":["Exordium","TheCity"],"potions_floor_usage":[6,16,20],"damage_taken":[{"damage":0,"enemies":"Small Slimes","floor":1,"turns":1},{"damage":0,"enemies":"Cultist","floor":4,"turns":2},{"damage":0,"enemies":"Jaw Worm","floor":5,"turns":1},{"damage":25,"enemies":"Gremlin Nob","floor":6,"turns":4},{"damage":32,"enemies":"Lagavulin","floor":8,"turns":6},{"damage":8,"enemies":"3 Louse","floor":11,"turns":2},{"damage":0,"enemies":"Looter","floor":14,"turns":4},{"damage":18,"enemies":"Fading Forest","floor":16,"turns":11},{"damage":25,"enemies":"2 Thieves","floor":18,"turns":4},{"damage":37,"enemies":"Shell Parasite","floor":20,"turns":7},{"damage":18,"enemies":"3 Cultists","floor":21,"turns":5},{"damage":12,"enemies":"conspire:Head Lice","floor":24,"turns":5},{"damage":39,"enemies":"Sentry and Sphere","floor":25,"turns":5}],"seed_played":"195913681912275769","potions_obtained":[{"floor":4,"key":"SkillPotion"},{"floor":8,"key":"SCP261:ThunderBarPotion"},{"floor":14,"key":"SkillPotion"}],"is_trial":false,"path_per_floor":["M","?","?","M","M","E","R","E","T","R","M","R","$","M","R","B",null,"M","?","M","M","AVR","?","E","M"],"character_chosen":"IRONCLAD","items_purchased":[],"campfire_rested":1,"item_purchase_floors":[],"current_hp_per_floor":[80,42,46,52,58,39,39,13,13,37,35,35,35,41,41,43,80,61,80,49,37,37,37,31,0,0],"gold":301,"neow_bonus":"THREE_ENEMY_KILL","is_daily":false,"chose_seed":false,"campfire_upgraded":3,"win_rate":0.0,"timestamp":1610923874,"path_taken":["M","?","?","?","M","E","R","E","T","R","M","R","?","M","R","BOSS","M","?","?","?","AVR","?","E","M"],"items_purchased_type":[],"build_version":"2020-12-22","purchased_purges":2,"victory":false,"max_hp_per_floor":[80,80,80,80,80,80,80,80,80,80,80,80,80,80,80,80,80,80,80,80,80,80,80,80,80,80],"relic_stats":{"Sozu":4,"counters":[13,57],"obtain_stats":[{"Sozu":17,"Golden Egg":2,"NeowsBlessing":0,"infinitespire:Golems Mask":6,"SecretRecord":8,"Burning Blood":0,"Mercury Hourglass":9,"Replay:Rubber Ducky":22,"StuffTheSpire:Tea":24},{"Sozu":8,"Golden Egg":1,"NeowsBlessing":0,"infinitespire:Golems Mask":4,"SecretRecord":5,"Burning Blood":0,"Mercury Hourglass":5,"Replay:Rubber Ducky":11,"StuffTheSpire:Tea":12},{"Sozu":31,"Golden Egg":1,"NeowsBlessing":0,"infinitespire:Golems Mask":8,"SecretRecord":14,"Burning Blood":0,"Mercury Hourglass":14,"Replay:Rubber Ducky":47,"StuffTheSpire:Tea":52}],"Burning Blood":66,"Mercury Hourglass":[224]},"card_choices":[{"not_picked":["Cleave","Massacre","Life Link"],"picked":"SKIP","floor":1},{"not_picked":["Thunderclap","StuffTheSpire:Slingshot","Wild Strike"],"picked":"SKIP","floor":4},{"not_picked":["rorgmod:Searing Blow","Cleave"],"picked":"Rupture","floor":5},{"not_picked":["Flex","Hemokinesis","Pommel Strike"],"picked":"SKIP","floor":6},{"not_picked":["Carnage","jedi:fear","Replay:Undeath\u0027s Touch"],"picked":"SKIP","floor":8},{"not_picked":["Replay:Undeath\u0027s Touch","Berserk","Shockwave"],"picked":"SKIP","floor":11},{"not_picked":["Flame Barrier","Iron Wave","BarbarianYell"],"picked":"SKIP","floor":14},{"not_picked":["ReplayTheSpireMod:Strike From Hell+1","Armaments","Rampage"],"picked":"SKIP","floor":18},{"not_picked":["Ghostly Armor","Defy Death","StuffTheSpire:Pyroclast"],"picked":"SKIP","floor":20},{"not_picked":["Rampage","Dropkick","Run Through"],"picked":"SKIP","floor":21},{"not_picked":["Dark Embrace","Armaments"],"picked":"jedi:collectorstrike","floor":24}],"player_experience":1407845,"relics_obtained":[{"floor":6,"key":"infinitespire:Golems Mask"},{"floor":8,"key":"SecretRecord"},{"floor":9,"key":"Mercury Hourglass"},{"floor":24,"key":"StuffTheSpire:Tea"}],"event_choices":[{"damage_healed":4,"gold_gain":0,"player_choice":"LEAVE ","damage_taken":0,"relics_obtained":[],"max_hp_gain":0,"max_hp_loss":0,"event_name":"betterSkull:BetterSkull","floor":3,"gold_loss":0,"cards_upgraded":[]},{"cards_removed":["Rupture"],"damage_healed":19,"gold_gain":0,"player_choice":"Offered Uncommon","damage_taken":0,"max_hp_gain":0,"max_hp_loss":0,"event_name":"Bonfire Elementals","floor":19,"gold_loss":0},{"damage_healed":0,"gold_gain":0,"player_choice":"Got Potions","damage_taken":0,"max_hp_gain":0,"max_hp_loss":0,"event_name":"Lab","floor":23,"gold_loss":0}],"is_beta":false,"boss_relics":[{"not_picked":["CosmicIsotope","conspire:RoyalGoblet"],"picked":"Sozu"}],"items_purged_floors":[13,22],"is_endless":false,"potions_floor_spawned":[4,8,14,24],"killed_by":"Sentry and Sphere","ascension_level":0}}