{"host":"ds1yr10zonoc6w4a","time":1610846089,"event":{"mods":["AchievementEnabler","BaseMod","Better Match","Better Third Choice","BetterRewards","Energized Spire","Minty Spire (QoL Compilation)","StSLib","The Animator"],"gold_per_floor":[123,143,166,166,316,343,366,388,388,419,419,436,451,479,479,557,557,580,495,495,495,495,547,562,592,592,592,592],"floor_reached":27,"language":"ENG","playtime":2643,"items_purged":["animator:Defend"],"score":726,"play_id":"ba758563-a31f-4cb5-8005-9ae47acb7302","local_time":"20210116181449","is_ascension_mode":true,"campfire_choices":[{"data":"animator:Laby","floor":11.0,"key":"SMITH"},{"data":"animator:Kagari","floor":15,"key":"SMITH"}],"circlet_count":0,"master_deck":["AscendersBane","animator:Strike_Rewrite","animator:Defend_Rewrite","animator:Strike","animator:Strike","animator:Defend","animator:Defend+1","animator:YoshinoHaruhiko","animator:ShizuruNakatsu+1","animator:Kagari+1","animator:Lu","animator:SakuyaOhtori+1","animator:Midou","animator:YoshinoHaruhiko","animator:MamiTomoe","Doubt","animator:LuciaKonohana","animator:ChihayaOhtori+1","animator:Laby+1","animator:IrohaTamaki+1","animator:Midou+1","animator:SougenEsaka+1","animator:YukariYakumo","animator:YuiTsuruno+1","animator:HinaKagiyama","animator:Curse_Dizziness","animator:KotarouTennouji+2","animator:ReimuHakurei+1","animator:Shimako"],"relics":["animator:LivingPicture","animator:TheMissingPiece","Mummified Hand","Tiny Chest","Gambling Chip","Odd Mushroom","animator:AncientMedallion","Meat on the Bone","Molten Egg 2","TungstenRod","Juzu Bracelet","Mark of Pain","Question Card","Gremlin Horn","Sundial","Paper Crane","InkBottle"],"acts_visited":["Exordium","TheCity"],"potions_floor_usage":[14,16],"damage_taken":[{"damage":7.0,"enemies":"Cultist","floor":1.0,"turns":5.0},{"damage":0.0,"enemies":"Small Slimes","floor":2.0,"turns":4.0},{"damage":7.0,"enemies":"Jaw Worm","floor":3.0,"turns":4.0},{"damage":28.0,"enemies":"Gremlin Nob","floor":6.0,"turns":4.0},{"damage":3.0,"enemies":"3 Louse","floor":8.0,"turns":3.0},{"damage":13.0,"enemies":"Large Slime","floor":10.0,"turns":6.0},{"damage":8.0,"enemies":"Red Slaver","floor":12.0,"turns":3.0},{"damage":0,"enemies":"2 Fungi Beasts","floor":13,"turns":3},{"damage":5,"enemies":"3 Sentries","floor":14,"turns":7},{"damage":8,"enemies":"Hexaghost","floor":16,"turns":8},{"damage":5,"enemies":"2 Thieves","floor":18,"turns":4},{"damage":46,"enemies":"Slavers","floor":23,"turns":5},{"damage":0,"enemies":"3 Byrds","floor":24,"turns":3},{"damage":30,"enemies":"Book of Stabbing","floor":25,"turns":5},{"damage":43,"enemies":"Gremlin Leader","floor":27,"turns":2}],"seed_played":"352980801156004063","potions_obtained":[{"floor":1.0,"key":"Energy Potion"},{"floor":3.0,"key":"GamblersBrew"},{"floor":8.0,"key":"Regen Potion"},{"floor":13,"key":"LiquidMemories"},{"floor":14,"key":"animator:GrowthPotion"}],"is_trial":false,"path_per_floor":["M","M","M","?","?","E","T","M","T","M","R","M","M","E","R","B",null,"M","?","?","?","T","E","M","E","T","E"],"character_chosen":"THE_ANIMATOR","items_purchased":["Mummified Hand","animator:Kagari","Tiny Chest","ClockworkSouvenir","SkillPotion"],"campfire_rested":0,"item_purchase_floors":[0,0,0,0,0],"current_hp_per_floor":[51,55,52,57,57,34,34,35,35,41,41,38,42,42,42,38,61,60,60,60,60,60,30,46,34,34,0,0],"gold":592,"neow_bonus":"","is_daily":false,"chose_seed":true,"campfire_upgraded":2,"win_rate":0.0,"timestamp":1610846089,"path_taken":["M","M","?","?","?","E","?","M","T","M","R","M","M","E","R","BOSS","M","?","?","?","?","E","M","E","T","E"],"items_purchased_type":["Relic","Card","Relic","Relic","Potion"],"build_version":"2020-12-22","purchased_purges":1,"victory":false,"max_hp_per_floor":[60,60,60,65,65,66,66,66,66,66,66,67,67,68,68,68,68,68,68,68,68,68,68,68,70,70,70,70],"card_choices":[{"not_picked":["animator:Raven","animator:Kagari"],"picked":"animator:Midou","floor":1.0},{"not_picked":["animator:MaesHughes","animator:Raven"],"picked":"animator:YoshinoHaruhiko","floor":2.0},{"not_picked":["animator:Cocytus","animator:Laby"],"picked":"animator:MamiTomoe","floor":3.0},{"not_picked":["animator:Midou+1","animator:YoshinoHaruhiko+1"],"picked":"animator:LuciaKonohana","floor":6.0},{"not_picked":["animator:YuiTsuruno+1","animator:ShizuruNakatsu"],"picked":"animator:ChihayaOhtori+1","floor":8.0},{"not_picked":["animator:KyokoSakura+1","animator:Sloth+1"],"picked":"animator:Laby","floor":10.0},{"not_picked":["animator:Pride","animator:WinryRockbell"],"picked":"animator:IrohaTamaki+1","floor":12},{"not_picked":["animator:ShizuruNakatsu","animator:Chibimoth"],"picked":"animator:Midou+1","floor":13},{"not_picked":["animator:Shimako","animator:Cocytus+1"],"picked":"animator:SougenEsaka+1","floor":14},{"not_picked":["animator:Albedo+1","animator:HiedaNoAkyuu"],"picked":"animator:YukariYakumo","floor":16},{"not_picked":["animator:KaguyaHouraisan","animator:SakuyaOhtori"],"picked":"animator:YuiTsuruno+1","floor":18},{"not_picked":["animator:Lu+1","animator:Ara+1","animator:Sloth+1"],"picked":"animator:KotarouTennouji+1","floor":23},{"not_picked":["animator:YuukaKazami+1","animator:KomachiOnozuka+1","animator:MarisaKirisame"],"picked":"animator:ReimuHakurei+1","floor":24},{"not_picked":["animator:Raven+1","animator:Chung","animator:Ciel"],"picked":"animator:Shimako","floor":25}],"player_experience":787076,"relics_obtained":[{"floor":6.0,"key":"Molten Egg 2"},{"floor":9.0,"key":"TungstenRod"},{"floor":14,"key":"Juzu Bracelet"},{"floor":22,"key":"Gremlin Horn"},{"floor":23,"key":"Sundial"},{"floor":25,"key":"Paper Crane"},{"floor":26,"key":"InkBottle"}],"event_choices":[{"damage_healed":0.0,"max_hp_gain":5.0,"max_hp_loss":0.0,"gold_gain":0.0,"event_name":"Big Fish","player_choice":"Donut","floor":4.0,"gold_loss":0.0,"damage_taken":0.0},{"damage_healed":0.0,"max_hp_gain":0.0,"max_hp_loss":0.0,"gold_gain":150.0,"event_name":"betterThird:BetterSerpent","player_choice":"AGREE","floor":5.0,"gold_loss":0.0,"damage_taken":166.0},{"damage_healed":0,"gold_gain":0,"player_choice":"Obtained Relic","damage_taken":0,"relics_obtained":["Question Card"],"max_hp_gain":0,"max_hp_loss":0,"event_name":"Addict","floor":19,"gold_loss":85},{"cards_removed":["animator:Strike"],"damage_healed":0,"gold_gain":0,"player_choice":"Purged","damage_taken":0,"max_hp_gain":0,"max_hp_loss":0,"event_name":"Purifier","floor":20,"gold_loss":0}],"is_beta":false,"boss_relics":[{"not_picked":["Ectoplasm","energizedSpire:NeverEndingSparkler"],"picked":"Mark of Pain"}],"items_purged_floors":[0],"is_endless":false,"potions_floor_spawned":[1,3,8,13,14],"killed_by":"Gremlin Leader","ascension_level":20}}