{"host":"lv71j503waqnafdc","time":1610870826,"event":{"mods":["Act Like it!","Arknights The Spire","BaseMod","Hermit","Jorbs\u0027s Wanderer Trilogy","Minty Spire (QoL Compilation)","Replay The Spire","StSLib","The Cursed"],"gold_per_floor":[112,112,186,18,34,61,61,61,61,78,92,106,106,116,116,218,218,231,284,209,223,14,14,14],"floor_reached":23,"language":"ZHS","playtime":1015,"items_purged":["Regret"],"score":216,"play_id":"a8dbb1f7-f685-450b-b510-9e68e5155e0e","local_time":"20210117160706","is_ascension_mode":false,"campfire_choices":[{"data":"ats:Ignite","floor":7,"key":"SMITH"},{"data":"ats:Assault Order","floor":15,"key":"SMITH"}],"circlet_count":0,"master_deck":["ats:Strike C","ats:Strike G","ats:Strike S","ats:Strike V","ats:Armor Crushing Shot+1","ats:Defend","ats:Defend","ats:Defend","ats:Emotion Absorption","ats:Explosion Area Strengthen","Doubt","ats:Ignite+1","ats:Consecutive Shot Auto","Dark Shackles","ats:Powerful Strike","ats:Nebulous Foxfire","ats:Part Time Job","ats:Assault Order+1","ats:Cat Scratch","ats:Hook Shot","ats:Volcano","CurseOfTheBell","ats:Powerful Strike","ats:Curse Doll","ats:Rapid Magazine+1","ats:Apocalypse+1","ats:Disruption Kick","ats:Hammer On","ats:Automatic Cover"],"relics":["ats:Sanity","NeowsBlessing","Ring of Hypnosis","Ring of Peace","Shuriken","ats:Originium","Replay:Bottled Snecko","ats:Bonebreaker","Mercury Hourglass","Replay:Grab Bag","Fusion Hammer","Busted Crown","Calling Bell","Vajra","White Beast Statue","Unceasing Top","Bag of Preparation","ReplayTheSpireMod:CursedCoin"],"acts_visited":["Exordium","TheCity"],"potions_floor_usage":[16,16,23,23,23],"damage_taken":[{"damage":0,"enemies":"Jaw Worm","floor":1,"turns":1},{"damage":0,"enemies":"Cultist","floor":5,"turns":1},{"damage":0,"enemies":"Replay:BlueRogue","floor":6,"turns":1},{"damage":0,"enemies":"Small Slimes","floor":10,"turns":3},{"damage":4,"enemies":"Exordium Wildlife","floor":11,"turns":3},{"damage":0,"enemies":"2 Fungi Beasts","floor":12,"turns":3},{"damage":6,"enemies":"Looter","floor":14,"turns":3},{"damage":45,"enemies":"Hexaghost","floor":16,"turns":11},{"damage":0,"enemies":"Chosen","floor":18,"turns":5},{"damage":15,"enemies":"2 Thieves","floor":21,"turns":3},{"damage":56,"enemies":"Book of Stabbing","floor":23,"turns":5}],"seed_played":"-5992692128718037381","potions_obtained":[{"floor":11,"key":"LifebloodPotion"},{"floor":12,"key":"Adrenaline Potion"},{"floor":18,"key":"ats:Top Emergency Sanity Potion"},{"floor":19,"key":"Reflective Coating"},{"floor":21,"key":"Adrenaline Potion"}],"is_trial":false,"path_per_floor":["M","?","T","$","M","E","R","T","T","M","M","M","?","M","R","B",null,"M","?","?","M","$","E"],"character_chosen":"DOCTOR_CLASS","items_purchased":["ats:Ignite","ats:Consecutive Shot Auto","Dark Shackles","ReplayTheSpireMod:CursedCoin","ats:Disruption Kick","ats:Hammer On","ats:Automatic Cover"],"campfire_rested":0,"item_purchase_floors":[4,4,4,22,22,22,22],"current_hp_per_floor":[72,72,72,72,72,72,72,72,72,72,68,68,68,64,64,28,72,72,54,54,41,41,0,0],"gold":14,"neow_bonus":"THREE_ENEMY_KILL","is_daily":false,"chose_seed":false,"campfire_upgraded":2,"win_rate":0.0,"timestamp":1610870826,"path_taken":["M","?","?","?","M","E","R","?","T","?","M","M","?","M","R","BOSS","M","?","?","M","$","E"],"items_purchased_type":["Card","Card","Card","Relic","Card","Card","Card"],"build_version":"2020-12-22","purchased_purges":1,"victory":false,"max_hp_per_floor":[72,72,72,72,72,72,72,72,72,72,72,72,72,72,72,72,72,72,72,72,72,72,72,72],"card_choices":[{"not_picked":["ats:Part Time Job","ats:Cat Scratch"],"picked":"ats:Explosion Area Strengthen","floor":1},{"not_picked":["ats:Childhood Dance","ats:Explosion Area Strengthen"],"picked":"ats:Powerful Strike","floor":5},{"not_picked":["ats:Thermite Blade","ats:Sword Rain"],"picked":"ats:Nebulous Foxfire","floor":6},{"not_picked":["ats:Revitalization","ats:Powerful Strike"],"picked":"ats:Part Time Job","floor":10},{"not_picked":["ats:Blood Oath","ats:Defend Order"],"picked":"ats:Assault Order","floor":11},{"not_picked":["ats:Flexible Camouflage","ats:Shell Defense"],"picked":"ats:Cat Scratch","floor":12},{"not_picked":["ats:Healing Strengthening","ats:Counter Healing Mode"],"picked":"ats:Hook Shot","floor":14},{"not_picked":["ats:Wolf Pack","ats:Echo Reverb"],"picked":"ats:Volcano","floor":16},{"not_picked":[],"picked":"ats:Powerful Strike","floor":18},{"not_picked":[],"picked":"ats:Curse Doll","floor":19},{"not_picked":[],"picked":"ats:Rapid Magazine+1","floor":19},{"not_picked":[],"picked":"ats:Apocalypse+1","floor":21}],"player_experience":252651,"relics_obtained":[{"floor":2,"key":"Ring of Hypnosis"},{"floor":2,"key":"Ring of Peace"},{"floor":3,"key":"Shuriken"},{"floor":6,"key":"ats:Originium"},{"floor":6,"key":"Replay:Bottled Snecko"},{"floor":8,"key":"ats:Bonebreaker"},{"floor":9,"key":"Mercury Hourglass"},{"floor":17,"key":"Vajra"},{"floor":17,"key":"White Beast Statue"},{"floor":17,"key":"Unceasing Top"},{"floor":19,"key":"Bag of Preparation"}],"event_choices":[{"cards_removed":["ats:Defend"],"damage_healed":0,"gold_gain":0,"player_choice":"Gave Gold","damage_taken":0,"max_hp_gain":0,"max_hp_loss":0,"event_name":"Beggar","floor":20,"gold_loss":75}],"is_beta":false,"boss_relics":[{"not_picked":["Runic Pyramid","Runic Dome"],"picked":"Replay:Grab Bag"},{"not_picked":["Sozu","SlaversCollar"],"picked":"Fusion Hammer"},{"not_picked":["Philosopher\u0027s Stone","ChewingGum"],"picked":"Busted Crown"},{"not_picked":["Pandora\u0027s Box","Snecko Eye"],"picked":"Calling Bell"}],"items_purged_floors":[22],"is_endless":false,"potions_floor_spawned":[11,12,18,21],"killed_by":"Book of Stabbing","ascension_level":0}}