{"host":"6es90lqcwaoc0kgm","time":1610850335,"event":{"mods":["Act Like it!","Bard","BaseMod","Hallownest","HololiveMod","Jorbs\u0027s Wanderer Trilogy","Marisa£®ÏF”Í°°ƒß¿Ì…≥£©","Minty Spire (QoL Compilation)","Quick Restart","Remilia£®¿Ÿ√◊¿Ú—«£©","Replay The Spire","StSLib","The Administrix","The Animator","The Bug Knight","The Cursed","The Disciple","The Hierophant","The Necromancer","The Runesmith","The Servant 0.9.4","[GremlinLeader]The Maniac"],"gold_per_floor":[110,141,39,39,49,49,78,91,116,126,160,177,202,202,211,211,211],"floor_reached":16,"language":"ZHS","playtime":585,"items_purged":[],"score":247,"play_id":"e860a7e5-59c2-4064-9342-709e8508d3c2","local_time":"20210117102535","is_ascension_mode":true,"campfire_choices":[{"data":"Combust","floor":6,"key":"SMITH"}],"circlet_count":0,"master_deck":["AscendersBane","Strike_R","Strike_R","Defend_R","Defend_R","Defend_R","Defend_R","Bash","Battle Trance","Blood for Blood","Combust+1","ReplayTheSpireMod:Strike From Hell","Dropkick","ReplayTheSpireMod:Limb From Limb","Eclipse","Shrug It Off"],"relics":["Burning Blood","NeowsBlessing","Unceasing Top","The Courier","CeramicFish","Singing Bowl","ScarletDevilRocket"],"acts_visited":["Exordium"],"potions_floor_usage":[11,13,16,16],"damage_taken":[{"damage":0.0,"enemies":"Jaw Worm","floor":1.0,"turns":1.0},{"damage":0,"enemies":"2 Louse","floor":5,"turns":1},{"damage":1,"enemies":"3 Sentries","floor":7,"turns":1},{"damage":0,"enemies":"Cultist","floor":8,"turns":2},{"damage":12,"enemies":"Gremlin Gang","floor":10,"turns":6},{"damage":16,"enemies":"Gremlin Nob","floor":11,"turns":3},{"damage":33,"enemies":"Exordium Thugs","floor":12,"turns":4},{"damage":29,"enemies":"Lagavulin","floor":13,"turns":5},{"damage":15,"enemies":"Fading Forest","floor":16,"turns":4}],"seed_played":"-277939142316138215","potions_obtained":[{"floor":1.0,"key":"Strength Potion"},{"floor":5,"key":"PowerPotion"},{"floor":12,"key":"Block Potion"},{"floor":13,"key":"Strength Potion"}],"is_trial":false,"path_per_floor":["M","?","$","?","M","R","E","M","T","M","E","M","E","?","R","B"],"character_chosen":"IRONCLAD","items_purchased":["Combust","ReplayTheSpireMod:Strike From Hell"],"campfire_rested":0,"item_purchase_floors":[3,3],"current_hp_per_floor":[74,74,74,67,73,73,75,75,75,69,59,34,13,13,13,0,0],"gold":211,"neow_bonus":"THREE_ENEMY_KILL","is_daily":false,"chose_seed":false,"campfire_upgraded":1,"win_rate":0.0,"timestamp":1610850335,"path_taken":["M","?","$","?","M","R","E","M","T","M","E","M","E","?","R","BOSS"],"items_purchased_type":["Card","Card"],"build_version":"2020-12-22","purchased_purges":0,"victory":false,"max_hp_per_floor":[75,75,75,75,75,75,75,75,75,75,75,77,79,79,79,79,79],"card_choices":[{"not_picked":["Shrug It Off","Twin Strike"],"picked":"Battle Trance","floor":1.0},{"not_picked":["Iron Wave","Havoc"],"picked":"Blood for Blood","floor":2.0},{"not_picked":["Searing Blow","Havoc","Carnage"],"picked":"SKIP","floor":5},{"not_picked":["Cleave","Clash"],"picked":"Dropkick","floor":7},{"not_picked":["Sword Boomerang","Flame Barrier"],"picked":"ReplayTheSpireMod:Limb From Limb","floor":8},{"not_picked":["Evolve","Second Wind","Havoc"],"picked":"SKIP","floor":10},{"not_picked":["Life Link","Clothesline"],"picked":"Eclipse","floor":11},{"not_picked":["Sword Boomerang","Thunderclap","Uppercut"],"picked":"Singing Bowl","floor":12},{"not_picked":["Massacre","Warcry","ReplayTheSpireMod:Strike From Hell"],"picked":"Singing Bowl","floor":13}],"player_experience":701154,"relics_obtained":[{"floor":2.0,"key":"Unceasing Top"},{"floor":7,"key":"The Courier"},{"floor":9,"key":"CeramicFish"},{"floor":11,"key":"Singing Bowl"},{"floor":13,"key":"ScarletDevilRocket"}],"event_choices":[{"cards_removed":["Strike_R"],"damage_healed":0,"gold_gain":0,"player_choice":"Card Removal","damage_taken":7,"max_hp_gain":0,"max_hp_loss":0,"event_name":"Golden Wing","floor":4,"gold_loss":0}],"is_beta":false,"boss_relics":[],"items_purged_floors":[],"is_endless":false,"potions_floor_spawned":[1,5,12,13],"killed_by":"Fading Forest","ascension_level":14}}