{"host":"pfy6u49v5s5r680p","time":1610854104,"event":{"mods":["BaseMod","Colored Map","DeckTracker","Highlight Path","Keyboard Shortcuts","Minty Spire (QoL Compilation)","Permanent Neow","Quick Restart","StSLib","SuperFastMode","everything is the same but u backflip on backflip"],"gold_per_floor":[18,36,46,46,46,87,111,61,84,103,128,128,159,159,159,159,159],"floor_reached":16,"language":"KOR","playtime":417,"items_purged":[],"score":110,"play_id":"54ffdf5a-7a87-4c78-add6-3ac45adf2a0c","local_time":"20210117122824","is_ascension_mode":false,"campfire_choices":[{"data":"Calculated Gamble","floor":12,"key":"SMITH"},{"data":"Poisoned Stab","floor":15,"key":"SMITH"}],"circlet_count":0,"master_deck":["Strike_G","Strike_G","Strike_G","Defend_G","Defend_G","Defend_G","Defend_G","Survivor","Neutralize","Poisoned Stab+1","Crippling Poison+1","Dagger Throw","Calculated Gamble+1","Backflip","PiercingWail"],"relics":["Ring of the Snake","Golden Idol","Bronze Scales","Blood Vial","PreservedInsect","Vajra"],"acts_visited":["Exordium"],"potions_floor_usage":[13,16],"damage_taken":[{"damage":0.0,"enemies":"Jaw Worm","floor":1.0,"turns":5.0},{"damage":0.0,"enemies":"2 Louse","floor":2.0,"turns":4.0},{"damage":2.0,"enemies":"Small Slimes","floor":3.0,"turns":5.0},{"damage":35.0,"enemies":"Lagavulin","floor":6.0,"turns":8.0},{"damage":8.0,"enemies":"Exordium Thugs","floor":7.0,"turns":5.0},{"damage":12,"enemies":"2 Fungi Beasts","floor":10,"turns":3},{"damage":1,"enemies":"Gremlin Nob","floor":13,"turns":3},{"damage":35,"enemies":"Slime Boss","floor":16,"turns":8}],"seed_played":"-8856232076354348342","potions_obtained":[{"floor":2.0,"key":"Regen Potion"},{"floor":3.0,"key":"Dexterity Potion"},{"floor":6.0,"key":"PowerPotion"}],"is_trial":false,"path_per_floor":["M","M","M","?","$","E","M","?","T","M","T","R","E","?","R","B"],"character_chosen":"THE_SILENT","items_purchased":[],"campfire_rested":0,"item_purchase_floors":[],"current_hp_per_floor":[70,70,68,65,65,45,37,37,37,27,27,27,28,28,28,0,0],"gold":159,"neow_bonus":"REMOVE_TWO","is_daily":false,"chose_seed":false,"campfire_upgraded":2,"win_rate":0.0,"timestamp":1610854104,"path_taken":["M","M","M","?","$","E","M","?","T","M","?","R","E","?","R","BOSS"],"items_purchased_type":[],"build_version":"2020-12-22","purchased_purges":0,"victory":false,"max_hp_per_floor":[70,70,70,65,65,65,65,65,65,65,65,65,65,65,65,65,65],"card_choices":[{"not_picked":["Prepared","Slice"],"picked":"Poisoned Stab","floor":1.0},{"not_picked":["Sucker Punch","Dash"],"picked":"Crippling Poison","floor":2.0},{"not_picked":["Leg Sweep","Expertise"],"picked":"Dagger Throw","floor":3.0},{"not_picked":["Doppelganger","Terror"],"picked":"Calculated Gamble","floor":6.0},{"not_picked":["All Out Attack","Endless Agony"],"picked":"Backflip","floor":7.0},{"not_picked":["Deflect","Slice"],"picked":"PiercingWail","floor":10},{"not_picked":["Sucker Punch","All Out Attack","Dagger Throw"],"picked":"SKIP","floor":13}],"player_experience":141363,"relics_obtained":[{"floor":6.0,"key":"Bronze Scales"},{"floor":9.0,"key":"Blood Vial"},{"floor":11,"key":"PreservedInsect"},{"floor":13,"key":"Vajra"}],"event_choices":[{"damage_healed":0.0,"max_hp_gain":0.0,"max_hp_loss":5.0,"gold_gain":0.0,"event_name":"Golden Idol","player_choice":"Lose Max HP","floor":4.0,"gold_loss":0.0,"damage_taken":0.0,"relics_obtained":["Golden Idol"]},{"cards_removed":["Strike_G"],"damage_healed":0.0,"max_hp_gain":0.0,"max_hp_loss":0.0,"gold_gain":0.0,"event_name":"The Cleric","player_choice":"Card Removal","floor":8.0,"gold_loss":50.0,"damage_taken":0.0},{"damage_healed":0,"gold_gain":0,"player_choice":"Upgraded","damage_taken":0,"max_hp_gain":0,"max_hp_loss":0,"event_name":"Upgrade Shrine","floor":14,"gold_loss":0,"cards_upgraded":["Crippling Poison"]}],"is_beta":false,"boss_relics":[],"items_purged_floors":[],"is_endless":false,"potions_floor_spawned":[2,3,6],"killed_by":"Slime Boss","ascension_level":0}}