{"host":"792mtbovsoa03nb3","time":1610848117,"event":{"mods":["BaseMod","Conspire","Curses Come First","Dota2Spire","Halation","Hubris","Infinite Spire","Minty Spire (QoL Compilation)","Replay The Spire","StS++","StSLib"],"gold_per_floor":[113,13,13,75,124,124,0,41,41,41,56,56,90,112,112,227,227,258,258,258,269,358,370,370],"floor_reached":23,"language":"ENG","playtime":608,"items_purged":["Languid"],"score":183,"play_id":"dbd45c45-5e09-4479-ae1d-eed756577cab","local_time":"20210116174837","is_ascension_mode":false,"campfire_choices":[{"data":"Spot Weakness","floor":6,"key":"SMITH"},{"data":"Armaments","floor":12,"key":"SMITH"},{"data":"conspire:SpireCoStock","floor":15,"key":"SMITH"}],"circlet_count":0,"master_deck":["Strike_R","Strike_R","Strike_R","Strike_R","Strike_R","Defend_R","Defend_R","Defend_R","Defend_R","Bash","Spot Weakness+1","conspire:SpireCoStock","conspire:SpireCoStock+1","Pummel","Armaments+1","Pummel","Armaments+1","Twin Strike","Power Through","Demonic Infusion","Flex+1","Flame Barrier"],"relics":["Burning Blood","hubris:SphereOfDissonance","Boot","halation:Prosthetics","MawBank"],"acts_visited":["Exordium","TheCity"],"potions_floor_usage":[11,16,16],"damage_taken":[{"damage":6,"enemies":"2 Louse","floor":1,"turns":4},{"damage":20,"enemies":"Jaw Worm","floor":4,"turns":6},{"damage":5,"enemies":"Small Slimes","floor":5,"turns":5},{"damage":11,"enemies":"2 Fungi Beasts","floor":8,"turns":4},{"damage":11,"enemies":"Large Slime","floor":11,"turns":2},{"damage":11,"enemies":"3 Louse","floor":13,"turns":4},{"damage":8,"enemies":"2 Fungi Beasts","floor":14,"turns":3},{"damage":10,"enemies":"The Guardian","floor":16,"turns":10},{"damage":32,"enemies":"Shell Parasite","floor":18,"turns":8},{"damage":20,"enemies":"Spheric Guardian","floor":21,"turns":4},{"damage":29,"enemies":"conspire:MimicChest","floor":22,"turns":9},{"damage":18,"enemies":"Slavers","floor":23,"turns":2}],"seed_played":"-4194613034824106798","potions_obtained":[{"floor":5,"key":"SteroidPotion"},{"floor":13,"key":"Dexterity Potion"},{"floor":14,"key":"BlessingOfTheForge"}],"is_trial":false,"path_per_floor":["M","?","?","M","M","R","$","M","T","?","M","R","M","M","R","B",null,"M","?","?","M","?","E"],"character_chosen":"IRONCLAD","items_purchased":["Armaments"],"campfire_rested":0,"item_purchase_floors":[7],"current_hp_per_floor":[96,96,96,82,83,83,83,78,78,78,73,73,68,66,66,62,61,35,35,55,41,18,0,0],"gold":370,"neow_bonus":"TWENTY_PERCENT_HP_BONUS","is_daily":false,"chose_seed":false,"campfire_upgraded":3,"win_rate":0.0,"timestamp":1610848117,"path_taken":["M","?","?","M","M","R","?","M","T","?","M","R","M","M","R","BOSS","M","?","?","M","?","E"],"items_purchased_type":["Card"],"build_version":"2020-12-22","purchased_purges":1,"victory":false,"max_hp_per_floor":[96,96,96,96,96,96,96,96,96,96,96,96,96,96,96,96,61,61,61,61,61,61,61,61],"card_choices":[{"not_picked":["Perfected Strike","ReplayTheSpireMod:Strike From Hell"],"picked":"Spot Weakness","floor":1},{"not_picked":["Dual Wield","Sentinel","Havoc"],"picked":"SKIP","floor":4},{"not_picked":["Headbutt","Heavy Blade"],"picked":"Pummel","floor":5},{"not_picked":["StSpp:Sprint","StSpp:TheBiggerTheyAre"],"picked":"Pummel","floor":8},{"not_picked":["hubris:CleavingFinish","Flame Barrier"],"picked":"Armaments","floor":11},{"not_picked":["StSpp:Sprint","Anger"],"picked":"Twin Strike","floor":13},{"not_picked":["Cleave","Body Slam"],"picked":"Power Through","floor":14},{"not_picked":["Fiend Fire","StSpp:Turnabout"],"picked":"Demonic Infusion","floor":16},{"not_picked":["Twin Strike","ReplayReversal+1"],"picked":"Flex+1","floor":18},{"not_picked":["Rampage","StSpp:Vengeance+1","ReplayTheSpireMod:Limb From Limb"],"picked":"SKIP","floor":21},{"not_picked":["Armaments","StSpp:Sprint"],"picked":"Flame Barrier","floor":22}],"player_experience":903449,"relics_obtained":[{"floor":3,"key":"hubris:SphereOfDissonance"},{"floor":9,"key":"Boot"},{"floor":22,"key":"MawBank"}],"event_choices":[{"damage_healed":0,"gold_gain":0,"player_choice":"Invest 2","damage_taken":0,"max_hp_gain":0,"max_hp_loss":0,"event_name":"conspire:Investor","floor":2,"gold_loss":0},{"damage_healed":0,"gold_gain":0,"player_choice":"Ignored","damage_taken":0,"max_hp_gain":0,"max_hp_loss":0,"event_name":"Ghosts","floor":19,"gold_loss":0},{"damage_healed":20,"gold_gain":0,"player_choice":"Heal","damage_taken":0,"max_hp_gain":0,"max_hp_loss":0,"event_name":"The Library","floor":20,"gold_loss":0}],"is_beta":false,"boss_relics":[{"not_picked":["StSpp:CrystalBall","halation:HeavySnake"],"picked":"halation:Prosthetics"}],"items_purged_floors":[7],"is_endless":false,"potions_floor_spawned":[5,13,14],"killed_by":"Slavers","ascension_level":0}}