{"host":"2se5dq1do2gp0x9k","time":1610849058,"event":{"mods":["AchievementEnabler","BaseMod","Block Reminder","Colored Map","Colored Powertips","Minty Spire (QoL Compilation)","Relic Stats","StSLib","SuperFastMode"],"gold_per_floor":[118,132,132,142,67,67,67,67,67,67,27,41,41,12,12,90,90,109,109,109],"floor_reached":19,"language":"ENG","playtime":521,"items_purged":["Strike_B"],"score":310,"play_id":"8d1f2666-5bf4-411f-8591-3e5982a3c96a","local_time":"20210116180418","is_ascension_mode":true,"campfire_choices":[{"data":"Zap","floor":6,"key":"SMITH"},{"data":"Dualcast","floor":10,"key":"SMITH"},{"data":"Static Discharge","floor":15,"key":"SMITH"}],"circlet_count":0,"master_deck":["AscendersBane","Strike_B","Strike_B","Defend_B","Defend_B","Defend_B","Defend_B","Zap+1","Dualcast+1","Undo","Rebound","Scrape","Rebound","Static Discharge+1","Turbo","Beam Cell+1"],"relics":["Nuclear Battery","Singing Bowl","Sozu"],"acts_visited":["Exordium","TheCity"],"potions_floor_usage":[],"damage_taken":[{"damage":4,"enemies":"Small Slimes","floor":1,"turns":4},{"damage":0,"enemies":"Jaw Worm","floor":2,"turns":5},{"damage":1,"enemies":"Cultist","floor":4,"turns":4},{"damage":7,"enemies":"Exordium Wildlife","floor":12,"turns":4},{"damage":40,"enemies":"Hexaghost","floor":16,"turns":9},{"damage":13,"enemies":"Spheric Guardian","floor":18,"turns":5},{"damage":13,"enemies":"3 Byrds","floor":19,"turns":2}],"seed_played":"-6854808158800924618","potions_obtained":[{"floor":2,"key":"SteroidPotion"},{"floor":4,"key":"AttackPotion"}],"is_trial":false,"path_per_floor":["M","M","?","M","$","R","$","?","T","R","$","M","?","$","R","B",null,"M","M"],"character_chosen":"DEFECT","items_purchased":["Static Discharge","Turbo"],"campfire_rested":0,"item_purchase_floors":[11,14],"current_hp_per_floor":[60,60,60,59,59,59,59,59,59,59,59,54,54,54,54,16,60,47,34,34],"gold":109,"neow_bonus":"BOSS_RELIC","is_daily":false,"chose_seed":false,"campfire_upgraded":3,"win_rate":0.0,"timestamp":1610849058,"path_taken":["M","M","?","M","$","R","$","?","T","R","$","?","?","?","R","BOSS","M","M"],"items_purchased_type":["Card","Card"],"build_version":"2020-12-22","purchased_purges":1,"victory":false,"max_hp_per_floor":[71,71,71,71,71,71,71,71,71,71,71,73,73,73,73,75,75,75,75,75],"relic_stats":{"Sozu":1,"Singing Bowl":4,"counters":[7,33],"obtain_stats":[{"Sozu":17,"Singing Bowl":9,"Cracked Core":0,"Nuclear Battery":0},{"Sozu":5,"Singing Bowl":3,"Cracked Core":0,"Nuclear Battery":0},{"Sozu":26,"Singing Bowl":13,"Cracked Core":0,"Nuclear Battery":0}]},"card_choices":[{"not_picked":["Go for the Eyes","Beam Cell"],"picked":"Undo","floor":1},{"not_picked":["Go for the Eyes","Gash"],"picked":"Rebound","floor":2},{"not_picked":["Stack","Streamline"],"picked":"Rebound","floor":4},{"not_picked":["Leap","Auto Shields","Chaos"],"picked":"Singing Bowl","floor":12},{"not_picked":["Rainbow","Amplify","Thunder Strike"],"picked":"Singing Bowl","floor":16},{"not_picked":["Turbo","Glacier+1"],"picked":"Beam Cell+1","floor":18}],"player_experience":3873064,"relics_obtained":[{"floor":9,"key":"Singing Bowl"}],"event_choices":[{"damage_healed":0,"gold_gain":0,"cards_transformed":["Strike_B"],"player_choice":"Change","damage_taken":0,"max_hp_gain":0,"max_hp_loss":0,"event_name":"Living Wall","floor":3,"gold_loss":0,"cards_obtained":["Scrape"]},{"damage_healed":0,"gold_gain":0,"player_choice":"Leave","damage_taken":0,"max_hp_gain":0,"max_hp_loss":0,"event_name":"The Cleric","floor":8,"gold_loss":0},{"damage_healed":0,"gold_gain":0,"player_choice":"Ignored","damage_taken":0,"max_hp_gain":0,"max_hp_loss":0,"event_name":"Liars Game","floor":13,"gold_loss":0}],"is_beta":false,"boss_relics":[{"not_picked":["Coffee Dripper","Ectoplasm"],"picked":"Sozu"}],"items_purged_floors":[5],"is_endless":false,"potions_floor_spawned":[2,4,18],"killed_by":"3 Byrds","ascension_level":20}}