{"host":"d61fcf2p3sjwe6yo","time":1610899901,"event":{"mods":["AchievementEnabler","BaseMod","Colored Map","Downfall","Minty Spire (QoL Compilation)","StSLib","SuperFastMode"],"gold_per_floor":[99,112,112,112,126,137,160,193,210,210,210,223,249,249,268,268,268],"floor_reached":16,"language":"ENG","playtime":574,"items_purged":[],"score":140,"play_id":"64894ffe-17df-4cd9-9a88-e351768545cc","local_time":"20210117191141","is_ascension_mode":true,"campfire_choices":[{"data":"bronze:Replicate","floor":1,"key":"SMITH"},{"data":"bronze:Break","floor":11,"key":"SMITH"}],"circlet_count":0,"master_deck":["bronze:Strike","bronze:Strike+1","bronze:Strike","bronze:Strike","bronze:Defend+1","bronze:Defend","bronze:Defend+1","bronze:Defend+1","bronze:Replicate+1","bronze:Goto","bronze:InfiniteBeams","bronze:ChosenStrike+1","bronze:Break+1","bronze:Repulsor"],"relics":["bronze:BronzeCore","Letter Opener","PreservedInsect","War Paint","Bag of Marbles"],"acts_visited":["Exordium"],"potions_floor_usage":[6,13,16,16,16],"damage_taken":[{"damage":4,"enemies":"Small Slimes","floor":2,"turns":4},{"damage":2,"enemies":"Jaw Worm","floor":5,"turns":4},{"damage":10,"enemies":"2 Louse","floor":6,"turns":2},{"damage":20,"enemies":"3 Sentries","floor":8,"turns":6},{"damage":0,"enemies":"2 Fungi Beasts","floor":9,"turns":2},{"damage":8,"enemies":"Lots of Slimes","floor":12,"turns":3},{"damage":8,"enemies":"Lagavulin","floor":13,"turns":4},{"damage":0,"enemies":"Large Slime","floor":15,"turns":3},{"damage":39,"enemies":"WA_ARCHETYPE_RETAIN","floor":16,"turns":6}],"seed_played":"-3053157912095705507","potions_obtained":[{"floor":2,"key":"sneckomod:MuddlingPotion"},{"floor":5,"key":"Energy Potion"},{"floor":8,"key":"bronze:FreeFunctionsPotion"},{"floor":12,"key":"Block Potion"},{"floor":15,"key":"sneckomod:MuddlingPotion"}],"is_trial":false,"path_per_floor":["R","M","?","?","M","M","T","E","M","?","R","M","E","?","M","B"],"character_chosen":"THE_AUTOMATON","items_purchased":[],"campfire_rested":0,"item_purchase_floors":[],"current_hp_per_floor":[77,73,73,73,71,61,61,41,41,41,41,33,25,25,25,0,0],"gold":268,"neow_bonus":"TEN_PERCENT_HP_BONUS","is_daily":false,"chose_seed":false,"campfire_upgraded":2,"win_rate":0.0,"timestamp":1610899901,"path_taken":["R","M","?","?","M","M","T","E","M","?","R","M","E","?","M","BOSS"],"items_purchased_type":[],"build_version":"2020-12-22","purchased_purges":0,"victory":false,"max_hp_per_floor":[77,77,77,77,77,77,77,77,77,77,77,77,77,77,77,77,77],"card_choices":[{"not_picked":["bronze:Deprecate","bronze:Allocate"],"picked":"bronze:InfiniteBeams","floor":2},{"not_picked":["bronze:DarkDash","bronze:DelayedSlice"],"picked":"bronze:ChosenStrike","floor":5},{"not_picked":["bronze:Backtrace","bronze:ChosenStrike","bronze:FineTuning"],"picked":"SKIP","floor":6},{"not_picked":["bronze:WhirlingStrike","bronze:CutThrough"],"picked":"bronze:Break","floor":8},{"not_picked":["bronze:Overheat","bronze:ForLoop"],"picked":"bronze:Repulsor","floor":9},{"not_picked":["bronze:Deprecate","bronze:Frontload","bronze:Iterate"],"picked":"SKIP","floor":12},{"not_picked":["bronze:Repulsor","bronze:Iterate","bronze:GetLatest"],"picked":"SKIP","floor":13},{"not_picked":["bronze:Boost","bronze:MaxOutput","bronze:WildBeam"],"picked":"SKIP","floor":15}],"player_experience":581710,"relics_obtained":[{"floor":7,"key":"PreservedInsect"},{"floor":8,"key":"War Paint"},{"floor":13,"key":"Bag of Marbles"}],"event_choices":[{"cards_removed":["downfall:Malfunctioning"],"damage_healed":0,"gold_gain":0,"player_choice":"Card Removal","damage_taken":0,"max_hp_gain":0,"max_hp_loss":0,"event_name":"The Cleric","floor":14,"gold_loss":0}],"is_beta":false,"boss_relics":[],"items_purged_floors":[],"is_endless":false,"potions_floor_spawned":[2,5,8,12,15],"killed_by":"WA_ARCHETYPE_RETAIN","ascension_level":5}}