{"host":"08t08ld674si40tv","time":1610862997,"event":{"mods":["AchievementEnabler","BaseMod","Colored Map","Minty Spire (QoL Compilation)","StSLib","SuperFastMode"],"gold_per_floor":[109,126,45,57,57,57,88,88,133,149,184,203,226,253,253,253,253],"floor_reached":16,"language":"KOR","playtime":548,"items_purged":["Shame"],"score":222,"play_id":"e8c8574e-8269-4f3a-b93c-5f54ec0bc915","local_time":"20210117145637","is_ascension_mode":true,"campfire_choices":[{"data":"Streamline","floor":6,"key":"SMITH"},{"floor":8,"key":"REST"},{"data":"Seek","floor":15,"key":"SMITH"}],"circlet_count":0,"master_deck":["AscendersBane","Strike_B","Strike_B","Strike_B","Defend_B+1","Defend_B","Defend_B","Defend_B+1","Zap","Dualcast","Master of Strategy","Sweeping Beam","Streamline+1","Hologram","Auto Shields","Glacier","Seek+1","Turbo"],"relics":["Cracked Core","War Paint","Oddly Smooth Stone","TheAbacus","Art of War","Tiny Chest","Pantograph","Odd Mushroom","Calipers"],"acts_visited":["Exordium"],"potions_floor_usage":[10,13,14],"damage_taken":[{"damage":5,"enemies":"Cultist","floor":1,"turns":5},{"damage":3,"enemies":"2 Louse","floor":2,"turns":2},{"damage":0,"enemies":"Jaw Worm","floor":4,"turns":3},{"damage":16,"enemies":"3 Sentries","floor":7,"turns":7},{"damage":20,"enemies":"Exordium Thugs","floor":10,"turns":5},{"damage":11,"enemies":"Lagavulin","floor":11,"turns":6},{"damage":0,"enemies":"Exordium Wildlife","floor":12,"turns":3},{"damage":0,"enemies":"The Mushroom Lair","floor":13,"turns":5},{"damage":10,"enemies":"3 Sentries","floor":14,"turns":9},{"damage":38,"enemies":"Hexaghost","floor":16,"turns":17}],"seed_played":"8428341568815093927","potions_obtained":[{"floor":7,"key":"AttackPotion"},{"floor":10,"key":"SpeedPotion"},{"floor":12,"key":"AttackPotion"}],"is_trial":false,"path_per_floor":["M","M","$","M","?","R","E","R","T","M","E","M","?","E","R","B"],"character_chosen":"DEFECT","items_purchased":["War Paint","Oddly Smooth Stone","TheAbacus"],"campfire_rested":1,"item_purchase_floors":[3,3,3],"current_hp_per_floor":[59,56,56,56,49,49,33,54,54,34,23,23,23,13,13,0,0],"gold":253,"neow_bonus":"RANDOM_COLORLESS_2","is_daily":false,"chose_seed":false,"campfire_upgraded":2,"win_rate":0.0,"timestamp":1610862997,"path_taken":["M","M","$","?","?","R","E","R","T","M","E","M","?","E","R","BOSS"],"items_purchased_type":["Relic","Relic","Relic"],"build_version":"2020-12-22","purchased_purges":1,"victory":false,"max_hp_per_floor":[71,71,71,71,71,71,71,71,71,71,71,71,71,71,71,71,71],"card_choices":[{"not_picked":["Transmutation","Secret Technique"],"picked":"Master of Strategy","floor":0},{"not_picked":["Stack","Reinforced Body"],"picked":"Sweeping Beam","floor":1},{"not_picked":["Reprogram","Heatsinks"],"picked":"Streamline","floor":2},{"not_picked":["Rebound","Conserve Battery"],"picked":"Hologram","floor":4},{"not_picked":["Gash","Go for the Eyes"],"picked":"Auto Shields","floor":7},{"not_picked":["Sunder","Redo","Force Field"],"picked":"SKIP","floor":10},{"not_picked":["Compile Driver","FTL"],"picked":"Glacier","floor":11},{"not_picked":["Blizzard","Sunder"],"picked":"Seek","floor":12},{"not_picked":["Heatsinks","Tempest"],"picked":"Turbo","floor":14}],"player_experience":238714,"relics_obtained":[{"floor":7,"key":"Art of War"},{"floor":9,"key":"Tiny Chest"},{"floor":11,"key":"Pantograph"},{"floor":13,"key":"Odd Mushroom"},{"floor":14,"key":"Calipers"}],"event_choices":[{"cards_removed":["Strike_B"],"damage_healed":0,"gold_gain":0,"player_choice":"Card Removal","damage_taken":7,"max_hp_gain":0,"max_hp_loss":0,"event_name":"Golden Wing","floor":5,"gold_loss":0},{"damage_healed":0,"gold_gain":0,"player_choice":"Fought Mushrooms","damage_taken":0,"max_hp_gain":0,"max_hp_loss":0,"event_name":"Mushrooms","floor":13,"gold_loss":0}],"is_beta":false,"boss_relics":[],"items_purged_floors":[3],"is_endless":false,"potions_floor_spawned":[7,10,12],"killed_by":"Hexaghost","ascension_level":17}}