{"host":"8lgo2trwv2o0qyml","time":1610891796,"event":{"mods":["BaseMod","Colored Map","Colored Powertips","DeckTracker","Highlight Path","Hubris","Infinite Spire","Minty Spire (QoL Compilation)","Quick Restart","Random Character Button","Relic Sorter","Replay The Spire","StSLib","SuperFastMode","Synergy Search"],"gold_per_floor":[210,210,235,88,88,123,147,147,147],"floor_reached":8,"playtime":436,"items_purged":[],"score":56,"play_id":"fe5fb2de-d44c-4173-8e3c-9b76946b9aeb","local_time":"20210117085636","is_ascension_mode":false,"campfire_choices":[],"circlet_count":0,"master_deck":["Strike_R","Strike_R","Strike_R","Strike_R","Strike_R","Defend_R","Defend_R","Defend_R","Defend_R","Bash","Anger","Fire Breathing","Thunderclap","Eclipse","Fire Breathing","True Grit","Sentinel","Ghostly Armor","Die Die Die"],"relics":["Replay:M_StaffOfTheSnake","Golden Idol","Orrery","infinitespire:Cubic Diamond","infinitespire:Eraser"],"acts_visited":["Exordium"],"potions_floor_usage":[3],"damage_taken":[{"damage":6,"enemies":"Cultist","floor":1,"turns":5},{"damage":0,"enemies":"2 Louse","floor":3,"turns":4},{"damage":50,"enemies":"Lagavulin","floor":6,"turns":4},{"damage":2,"enemies":"Jaw Worm","floor":7,"turns":8},{"damage":14,"enemies":"Replay:BlueRogue","floor":8,"turns":5}],"seed_played":"-5463292381763602709","potions_obtained":[{"floor":1,"key":"DuplicationPotion"}],"is_trial":false,"path_per_floor":["M","?","M","$","?","E","M","E"],"character_chosen":"IRONCLAD","items_purchased":["Orrery"],"campfire_rested":0,"item_purchase_floors":[4],"current_hp_per_floor":[80,60,66,66,66,16,14,0,0],"gold":147,"neow_bonus":"HUNDRED_GOLD","is_daily":false,"chose_seed":false,"campfire_upgraded":0,"win_rate":0.0,"timestamp":1610891796,"path_taken":["M","?","M","$","?","E","M","E"],"items_purchased_type":["Relic"],"build_version":"2020-12-22","purchased_purges":0,"victory":false,"max_hp_per_floor":[80,80,80,80,80,80,80,80,80],"card_choices":[{"not_picked":["ReplayTheSpireMod:Strike From Hell","Havoc"],"picked":"Anger","floor":1},{"not_picked":["Armaments","Clothesline"],"picked":"Fire Breathing","floor":3},{"not_picked":["Perfected Strike","Shockwave"],"picked":"Thunderclap","floor":4},{"not_picked":["Wild Strike","Metallicize"],"picked":"Eclipse","floor":4},{"not_picked":["Searing Blow","Run Through"],"picked":"Fire Breathing","floor":4},{"not_picked":["Heavy Blade","Clash"],"picked":"True Grit","floor":4},{"not_picked":["Thunderclap","Heavy Blade"],"picked":"Sentinel","floor":4},{"not_picked":["Seeing Red","Pommel Strike"],"picked":"Ghostly Armor","floor":6},{"not_picked":["Burning Pact","ClearTheMind"],"picked":"Die Die Die","floor":7}],"player_experience":81927,"relics_obtained":[{"floor":6,"key":"infinitespire:Eraser"}],"event_choices":[{"damage_healed":0,"gold_gain":0,"player_choice":"Take Damage","damage_taken":20,"relics_obtained":["Golden Idol"],"max_hp_gain":0,"max_hp_loss":0,"event_name":"Golden Idol","floor":2,"gold_loss":0}],"is_beta":false,"boss_relics":[],"items_purged_floors":[],"is_endless":false,"potions_floor_spawned":[1],"killed_by":"Replay:BlueRogue","ascension_level":0}}