{"host":"sc0o2qwpf9j16a4i","time":1610884611,"event":{"mods":["AchievementEnabler","BaseMod","BetterRewards","Block Reminder","Colored Map","Colored Powertips","Custom Start","Highlight Path","Minty Spire (QoL Compilation)","Relic Stats"],"gold_per_floor":[118,135,135,135,149,149,169,184,184,109,109,136,136,154,154,226,226,242,261,261,261,273,308,319,319,319,319,337,32,32,48,48,125,125,139,149,149,163,32,32,32,52,76,107,107,117,151,171,171,171,171],"floor_reached":50,"language":"ENG","playtime":2228,"items_purged":["Strike_G","Strike_G"],"score":1402,"play_id":"73e72634-50ad-4e0f-9e33-e15523440f36","local_time":"20210117135651","is_ascension_mode":true,"campfire_choices":[{"data":"Noxious Fumes","floor":6,"key":"SMITH"},{"data":"Bouncing Flask","floor":11,"key":"SMITH"},{"data":"Wraith Form v2","floor":13,"key":"SMITH"},{"data":"Footwork","floor":15,"key":"SMITH"},{"floor":25,"key":"REST"},{"floor":27,"key":"REST"},{"floor":30,"key":"REST"},{"data":"Footwork","floor":32,"key":"SMITH"},{"floor":40,"key":"RECALL"},{"floor":45,"key":"REST"},{"floor":49,"key":"REST"}],"circlet_count":0,"master_deck":["AscendersBane","Strike_G","Defend_G","Defend_G","Defend_G","Defend_G","Survivor","Neutralize","Skewer+1","Noxious Fumes+1","Footwork+1","Flying Knee","Bouncing Flask+1","Deadly Poison","Wraith Form v2+1","After Image","Glass Knife+1","Reflex+1","Footwork+1","Leg Sweep","Acrobatics","Footwork+1","Calculated Gamble","Burst","Bouncing Flask","Blur","Tactician","Deadly Poison+1","Caltrops+1"],"relics":["Ring of the Snake","TwistedFunnel","Thread and Needle","Mercury Hourglass","Pocketwatch","Ancient Tea Set","Strange Spoon","Shuriken","Turnip","Astrolabe","Membership Card","Gremlin Horn","Snecko Eye","ClockworkSouvenir","Snake Skull","Dream Catcher","Ginger"],"acts_visited":["Exordium","TheCity","TheBeyond"],"potions_floor_usage":[7,16,22,33,33,44,50],"damage_taken":[{"damage":0,"enemies":"Jaw Worm","floor":1,"turns":3},{"damage":0,"enemies":"2 Louse","floor":2,"turns":2},{"damage":0,"enemies":"Small Slimes","floor":5,"turns":3},{"damage":0,"enemies":"Red Slaver","floor":7,"turns":4},{"damage":0,"enemies":"Blue Slaver","floor":8,"turns":3},{"damage":16,"enemies":"Lagavulin","floor":12,"turns":4},{"damage":0,"enemies":"Looter","floor":14,"turns":2},{"damage":15,"enemies":"Hexaghost","floor":16,"turns":7},{"damage":9,"enemies":"3 Byrds","floor":18,"turns":4},{"damage":2,"enemies":"Shell Parasite","floor":19,"turns":7},{"damage":0,"enemies":"Snake Plant","floor":22,"turns":4},{"damage":33,"enemies":"Slavers","floor":23,"turns":8},{"damage":0,"enemies":"Centurion and Healer","floor":24,"turns":9},{"damage":0,"enemies":"3 Cultists","floor":28,"turns":4},{"damage":5,"enemies":"Snake Plant","floor":31,"turns":4},{"damage":14,"enemies":"Champ","floor":33,"turns":18},{"damage":0,"enemies":"3 Shapes","floor":35,"turns":3},{"damage":1,"enemies":"Orb Walker","floor":36,"turns":4},{"damage":0,"enemies":"4 Shapes","floor":38,"turns":3},{"damage":0,"enemies":"Spire Growth","floor":42,"turns":5},{"damage":42,"enemies":"Reptomancer","floor":44,"turns":7},{"damage":23,"enemies":"Jaw Worm Horde","floor":46,"turns":5},{"damage":0,"enemies":"Nemesis","floor":47,"turns":5},{"damage":0,"enemies":"Maw","floor":48,"turns":5},{"damage":74,"enemies":"Awakened One","floor":50,"turns":9}],"seed_played":"-6910886377466463481","potions_obtained":[{"floor":2,"key":"Regen Potion"},{"floor":16,"key":"SpeedPotion"},{"floor":22,"key":"FearPotion"},{"floor":28,"key":"Explosive Potion"},{"floor":31,"key":"EntropicBrew"},{"floor":38,"key":"PowerPotion"},{"floor":46,"key":"Dexterity Potion"},{"floor":48,"key":"LiquidMemories"}],"is_trial":false,"path_per_floor":["M","M","?","?","M","R","M","M","T","$","R","E","R","M","R","B",null,"M","M","?","?","M","E","M","R","T","R","M","$","R","M","R","B",null,"M","M","?","M","$","R","?","M","T","E","R","M","E","M","R","B"],"character_chosen":"THE_SILENT","items_purchased":["TwistedFunnel","Thread and Needle","Mercury Hourglass","Skewer","Pocketwatch","Ancient Tea Set","Noxious Fumes","Strange Spoon","LiquidBronze","Membership Card","Gremlin Horn","ClockworkSouvenir"],"campfire_rested":5,"item_purchase_floors":[0,0,0,0,0,0,0,0,0,29,29,39],"current_hp_per_floor":[17,17,39,39,39,39,53,53,53,53,53,37,37,37,37,22,55,46,44,44,44,44,11,11,30,30,49,49,49,66,61,61,47,61,61,60,60,60,60,60,60,60,60,18,36,13,13,13,31,0,0],"gold":171,"neow_bonus":"","is_daily":false,"chose_seed":false,"campfire_upgraded":5,"win_rate":0.0,"timestamp":1610884611,"path_taken":["M","M","?","?","M","R","M","M","T","$","R","E","R","M","R","BOSS","M","M","?","?","M","E","?","R","T","R","M","$","R","M","R","BOSS","M","M","?","M","$","R","?","M","T","E","R","M","E","M","R","BOSS"],"items_purchased_type":["Relic","Relic","Relic","Card","Relic","Relic","Card","Relic","Potion","Relic","Relic","Relic"],"build_version":"2020-12-22","purchased_purges":2,"victory":false,"max_hp_per_floor":[66,66,66,66,66,66,66,66,66,66,66,66,66,66,66,66,66,66,66,66,66,66,66,66,66,66,66,66,66,66,66,66,66,66,66,66,66,66,66,66,63,63,63,63,63,63,63,63,63,63,63],"relic_stats":{"Gremlin Horn":[23,24],"counters":[126,693],"Astrolabe":["All Out Attack","Bane","Die Die Die","Glass Knife","Reflex","Footwork"],"Snake Skull":[95],"Ginger":[5],"Mercury Hourglass":[488],"Strange Spoon":[5],"Dream Catcher":2,"Shuriken":[1],"Snecko Eye":[109,111,102,84],"Turnip":[33],"obtain_stats":[{"TwistedFunnel":0,"Calipers":0,"Gremlin Horn":40,"Vajra":11,"Whetstone":48,"Ginger":47,"Bottled Tornado":30,"Blood Vial":0,"Centennial Puzzle":9,"Lizard Tail":9,"HornCleat":19,"Strawberry":43,"MealTicket":23,"Philosopher\u0027s Stone":34,"Kunai":48,"Toxic Egg 2":28,"Pear":12,"Astrolabe":34,"Oddly Smooth Stone":0,"Tingsha":47,"Eternal Feather":0,"Pen Nib":0,"Letter Opener":28,"Paper Crane":0,"Question Card":0,"Akabeko":55,"WarpedTongs":36,"OrangePellets":0,"Shuriken":45,"Bronze Scales":0,"Snecko Eye":17,"Pandora\u0027s Box":0,"StrikeDummy":41,"Unceasing Top":36,"Pocketwatch":0,"Lantern":24,"Regal Pillow":0,"Torii":7,"Singing Bowl":0,"Mango":0,"Snake Skull":26,"Bag of Preparation":44,"Incense Burner":0,"Cursed Key":17,"Ancient Tea Set":42,"ClockworkSouvenir":0,"Dream Catcher":7,"Nunchaku":46,"Shovel":0,"Ninja Scroll":43,"Mummified Hand":0,"WingedGreaves":26,"Red Mask":24,"InkBottle":45,"Ring of the Snake":0,"Runic Pyramid":17,"Potion Belt":0,"Lee\u0027s Waffle":21,"The Specimen":41,"Golden Idol":2,"Thread and Needle":0,"Omamori":14,"Orichalcum":46,"Frozen Egg 2":0,"MawBank":13,"Medical Kit":0,"White Beast Statue":22,"Mercury Hourglass":0,"Peace Pipe":42,"Strange Spoon":0,"Anchor":44,"Busted Crown":34,"Ornamental Fan":55,"Turnip":0,"Art of War":6,"Membership Card":37,"FossilizedHelix":26},{"TwistedFunnel":48,"Calipers":77,"Gremlin Horn":95,"Vajra":4,"Whetstone":73,"Ginger":124,"Bottled Tornado":12,"Blood Vial":48,"Centennial Puzzle":4,"Lizard Tail":52,"HornCleat":30,"Strawberry":40,"MealTicket":9,"Philosopher\u0027s Stone":66,"Kunai":99,"Toxic Egg 2":89,"Pear":54,"Astrolabe":91,"Oddly Smooth Stone":48,"Tingsha":73,"Eternal Feather":77,"Pen Nib":22,"Letter Opener":63,"Paper Crane":48,"Question Card":77,"Akabeko":47,"WarpedTongs":92,"OrangePellets":48,"Shuriken":72,"Bronze Scales":77,"Snecko Eye":6,"Pandora\u0027s Box":0,"StrikeDummy":40,"Unceasing Top":38,"Pocketwatch":101,"Lantern":61,"Regal Pillow":77,"Torii":51,"Singing Bowl":77,"Mango":77,"Snake Skull":32,"Bag of Preparation":41,"Incense Burner":48,"Cursed Key":29,"Ancient Tea Set":71,"ClockworkSouvenir":48,"Dream Catcher":4,"Nunchaku":98,"Shovel":48,"Ninja Scroll":18,"Mummified Hand":48,"WingedGreaves":89,"Red Mask":10,"InkBottle":19,"Ring of the Snake":0,"Runic Pyramid":84,"Potion Belt":48,"Lee\u0027s Waffle":30,"The Specimen":17,"Golden Idol":78,"Thread and Needle":101,"Omamori":28,"Orichalcum":19,"Frozen Egg 2":22,"MawBank":5,"Medical Kit":22,"White Beast Statue":8,"Mercury Hourglass":101,"Peace Pipe":18,"Strange Spoon":101,"Anchor":72,"Busted Crown":13,"Ornamental Fan":76,"Turnip":77,"Art of War":25,"Membership Card":15,"FossilizedHelix":62},{"TwistedFunnel":262,"Calipers":453,"Gremlin Horn":529,"Vajra":27,"Whetstone":403,"Ginger":679,"Bottled Tornado":73,"Blood Vial":262,"Centennial Puzzle":27,"Lizard Tail":287,"HornCleat":155,"Strawberry":210,"MealTicket":57,"Philosopher\u0027s Stone":365,"Kunai":552,"Toxic Egg 2":500,"Pear":295,"Astrolabe":512,"Oddly Smooth Stone":262,"Tingsha":403,"Eternal Feather":453,"Pen Nib":120,"Letter Opener":344,"Paper Crane":262,"Question Card":453,"Akabeko":254,"WarpedTongs":515,"OrangePellets":262,"Shuriken":396,"Bronze Scales":453,"Snecko Eye":41,"Pandora\u0027s Box":0,"StrikeDummy":210,"Unceasing Top":200,"Pocketwatch":562,"Lantern":335,"Regal Pillow":453,"Torii":283,"Singing Bowl":453,"Mango":453,"Snake Skull":167,"Bag of Preparation":217,"Incense Burner":262,"Cursed Key":151,"Ancient Tea Set":387,"ClockworkSouvenir":262,"Dream Catcher":27,"Nunchaku":545,"Shovel":262,"Ninja Scroll":103,"Mummified Hand":262,"WingedGreaves":500,"Red Mask":60,"InkBottle":109,"Ring of the Snake":0,"Runic Pyramid":479,"Potion Belt":262,"Lee\u0027s Waffle":155,"The Specimen":96,"Golden Idol":458,"Thread and Needle":562,"Omamori":144,"Orichalcum":109,"Frozen Egg 2":120,"MawBank":31,"Medical Kit":120,"White Beast Statue":48,"Mercury Hourglass":562,"Peace Pipe":103,"Strange Spoon":562,"Anchor":396,"Busted Crown":81,"Ornamental Fan":443,"Turnip":453,"Art of War":132,"Membership Card":86,"FossilizedHelix":338}],"Ring of the Snake":[208],"Pocketwatch":[226]},"card_choices":[{"not_picked":["Noxious Fumes","PiercingWail"],"picked":"Footwork","floor":1},{"not_picked":["Riddle With Holes","Prepared"],"picked":"Flying Knee","floor":2},{"not_picked":["Well Laid Plans","Underhanded Strike"],"picked":"Bouncing Flask","floor":5},{"not_picked":["Flechettes","Sucker Punch","Heel Hook"],"picked":"SKIP","floor":7},{"not_picked":["Deflect","Flying Knee"],"picked":"Deadly Poison","floor":8},{"not_picked":["Dodge and Roll","Tools of the Trade"],"picked":"Wraith Form v2","floor":12},{"not_picked":["Tactician","Reflex","Slice"],"picked":"SKIP","floor":14},{"not_picked":["Phantasmal Killer","Adrenaline"],"picked":"After Image","floor":16},{"not_picked":["Deadly Poison","Underhanded Strike","Slice"],"picked":"SKIP","floor":18},{"not_picked":["Masterful Stab","Dagger Spray+1"],"picked":"Leg Sweep","floor":19},{"not_picked":["Dagger Throw","Slice"],"picked":"Acrobatics","floor":22},{"not_picked":["Deadly Poison","Riddle With Holes"],"picked":"Footwork","floor":23},{"not_picked":["Finisher","Cloak And Dagger","Reflex"],"picked":"SKIP","floor":24},{"not_picked":["Noxious Fumes","Prepared","Terror"],"picked":"SKIP","floor":28},{"not_picked":["Outmaneuver+1","Prepared"],"picked":"Calculated Gamble","floor":31},{"not_picked":["A Thousand Cuts","Die Die Die"],"picked":"Burst","floor":33},{"not_picked":["Slice","Flying Knee"],"picked":"Bouncing Flask","floor":35},{"not_picked":["Underhanded Strike+1","Outmaneuver","Quick Slash"],"picked":"SKIP","floor":36},{"not_picked":["Adrenaline","Well Laid Plans+1"],"picked":"Blur","floor":38},{"not_picked":["Distraction","Flying Knee+1"],"picked":"Tactician","floor":42},{"not_picked":["Escape Plan","Outmaneuver","Quick Slash"],"picked":"SKIP","floor":44},{"not_picked":["Bane","Venomology"],"picked":"Deadly Poison+1","floor":45},{"not_picked":["Dagger Spray","Flechettes","Reflex"],"picked":"SKIP","floor":46},{"not_picked":["Leg Sweep","Deflect"],"picked":"Caltrops+1","floor":47},{"not_picked":["Escape Plan","Blade Dance+1","Sucker Punch"],"picked":"SKIP","floor":48}],"player_experience":686580,"relics_obtained":[{"floor":9,"key":"Shuriken"},{"floor":12,"key":"Turnip"},{"floor":43,"key":"Snake Skull"},{"floor":44,"key":"Dream Catcher"},{"floor":47,"key":"Ginger"}],"event_choices":[{"damage_healed":22,"gold_gain":0,"player_choice":"Banana","damage_taken":0,"max_hp_gain":0,"max_hp_loss":0,"event_name":"Big Fish","floor":3,"gold_loss":0},{"damage_healed":0,"gold_gain":0,"player_choice":"Ignored","damage_taken":0,"max_hp_gain":0,"max_hp_loss":0,"event_name":"Liars Game","floor":4,"gold_loss":0},{"damage_healed":0,"gold_gain":0,"player_choice":"Ignored","damage_taken":0,"max_hp_gain":0,"max_hp_loss":0,"event_name":"Vampires","floor":20,"gold_loss":0},{"damage_healed":0,"gold_gain":0,"player_choice":"Upgraded","damage_taken":0,"max_hp_gain":0,"max_hp_loss":0,"event_name":"Upgrade Shrine","floor":21,"gold_loss":0,"cards_upgraded":["Skewer"]},{"damage_healed":0,"gold_gain":0,"player_choice":"Ignored","damage_taken":0,"max_hp_gain":0,"max_hp_loss":0,"event_name":"Tomb of Lord Red Mask","floor":37,"gold_loss":0},{"damage_healed":0,"gold_gain":0,"player_choice":"Max HP","damage_taken":0,"max_hp_gain":0,"max_hp_loss":3,"event_name":"Winding Halls","floor":41,"gold_loss":0}],"is_beta":false,"boss_relics":[{"not_picked":["Pandora\u0027s Box","HoveringKite"],"picked":"Astrolabe"},{"not_picked":["Velvet Choker","Runic Dome"],"picked":"Snecko Eye"}],"items_purged_floors":[10,39],"is_endless":false,"potions_floor_spawned":[2,5,16,22,28,31,33,38,42,46,48],"killed_by":"Awakened One","ascension_level":20}}