{"host":"cdcsem0stf6rethc","time":1610864189,"event":{"mods":["AchievementEnabler","BaseMod","Colored Map","Highlight Path","Minty Spire (QoL Compilation)","StSLib","The Animator"],"gold_per_floor":[110,35,35,35,35,35,54,54,54,54,86,86,111,129,129,269,294,317,337,362,362,362],"floor_reached":21,"language":"ENG","playtime":1280,"items_purged":["animator:Defend"],"score":169,"play_id":"5af82326-f152-40aa-96c6-3d01a7db5883","local_time":"20210117141629","is_ascension_mode":false,"campfire_choices":[{"data":"animator:Alexander","floor":6,"key":"SMITH"},{"data":"animator:Gillette","floor":8,"key":"SMITH"},{"data":"animator:IzunaHatsuse","floor":10,"key":"SMITH"},{"data":"animator:Caster","floor":15,"key":"SMITH"}],"circlet_count":0,"master_deck":["animator:Strike_Fate","animator:Defend_Fate","animator:Defend","animator:Alexander+1","animator:Rider","animator:IzunaHatsuse+1","animator:Gillette+1","animator:ShinjiMatou+1","animator:Caster+1","animator:Ainz+1","animator:Gilgamesh+2","animator:ShinjiMatou","animator:Archer+1","animator:Caster","animator:DolaStephanie","animator:Alexander"],"relics":["animator:LivingPicture","animator:TheMissingPiece","PreservedInsect","Golden Idol","Frozen Egg 2","animator:RacePiece","Ornamental Fan"],"acts_visited":["Exordium","TheCity"],"potions_floor_usage":[16,16],"damage_taken":[{"damage":13,"enemies":"Jaw Worm","floor":1,"turns":9},{"damage":0,"enemies":"2 Louse","floor":7,"turns":3},{"damage":5,"enemies":"Small Slimes","floor":11,"turns":3},{"damage":8,"enemies":"Gremlin Gang","floor":13,"turns":4},{"damage":11,"enemies":"Large Slime","floor":14,"turns":6},{"damage":28,"enemies":"Slime Boss","floor":16,"turns":12},{"damage":19,"enemies":"Spheric Guardian","floor":18,"turns":4},{"damage":33,"enemies":"2 Thieves","floor":19,"turns":5},{"damage":48,"enemies":"Cultist and Chosen","floor":21,"turns":4}],"seed_played":"-5736021280403632497","potions_obtained":[{"floor":11,"key":"Dexterity Potion"},{"floor":13,"key":"Weak Potion"},{"floor":18,"key":"FairyPotion"}],"is_trial":false,"path_per_floor":["M","$","?","?","$","R","M","R","T","R","M","?","M","M","R","B",null,"M","M","?","M"],"character_chosen":"THE_ANIMATOR","items_purchased":[],"campfire_rested":0,"item_purchase_floors":[],"current_hp_per_floor":[53,53,37,30,30,30,30,30,30,30,25,25,18,19,19,9,67,48,15,15,0,0],"gold":362,"neow_bonus":"RANDOM_COMMON_RELIC","is_daily":false,"chose_seed":true,"campfire_upgraded":4,"win_rate":0.0,"timestamp":1610864189,"path_taken":["M","$","?","?","$","R","M","R","T","R","M","?","M","M","R","BOSS","M","?","?","?"],"items_purchased_type":[],"build_version":"2020-12-22","purchased_purges":1,"victory":false,"max_hp_per_floor":[66,66,66,66,66,66,66,66,66,66,66,66,67,67,67,67,67,67,67,67,67,67],"card_choices":[{"not_picked":["animator:MasamiIwasawa","animator:AcuraAkari"],"picked":"animator:IzunaHatsuse","floor":1},{"not_picked":["animator:Entoma","animator:DolaSchwi"],"picked":"animator:Gillette","floor":7},{"not_picked":["animator:Entoma","animator:MasamiIwasawa"],"picked":"animator:ShinjiMatou","floor":11},{"not_picked":["animator:Berserker","animator:Illya"],"picked":"animator:Caster","floor":13},{"not_picked":["animator:MamiTomoe","animator:Jibril"],"picked":"animator:Ainz+1","floor":14},{"not_picked":["animator:YuriNakamura","animator:AyatoNaoi"],"picked":"animator:Gilgamesh","floor":16},{"not_picked":["animator:Jibril","animator:Illya"],"picked":"animator:DolaStephanie","floor":18},{"not_picked":["animator:DolaSchwi+1","animator:MamiTomoe"],"picked":"animator:Alexander","floor":19}],"player_experience":187653,"relics_obtained":[{"floor":9,"key":"Frozen Egg 2"},{"floor":20,"key":"Ornamental Fan"}],"event_choices":[{"damage_healed":0,"gold_gain":0,"player_choice":"Take Damage","damage_taken":16,"relics_obtained":["Golden Idol"],"max_hp_gain":0,"max_hp_loss":0,"event_name":"Golden Idol","floor":3,"gold_loss":0},{"cards_removed":["animator:Defend"],"damage_healed":0,"gold_gain":0,"player_choice":"Card Removal","damage_taken":7,"max_hp_gain":0,"max_hp_loss":0,"event_name":"Golden Wing","floor":4,"gold_loss":0},{"damage_healed":0,"gold_gain":0,"player_choice":"Forge","damage_taken":0,"max_hp_gain":0,"max_hp_loss":0,"event_name":"Accursed Blacksmith","floor":12,"gold_loss":0,"cards_upgraded":["animator:ShinjiMatou"]},{"damage_healed":0,"gold_gain":0,"player_choice":"Relic","damage_taken":0,"max_hp_gain":0,"max_hp_loss":0,"event_name":"Wheel of Change","floor":20,"gold_loss":0}],"is_beta":false,"boss_relics":[{"not_picked":["Sozu","Fusion Hammer"],"picked":"animator:RacePiece"}],"items_purged_floors":[2],"is_endless":false,"potions_floor_spawned":[11,13,18],"killed_by":"Cultist and Chosen","ascension_level":0}}