{"host":"0tyekvnd8380d52o","time":1610845735,"event":{"mods":["Act Like it!","Arknights The Spire","BaseMod","Gensokyo","Marisa£®ÏF”Í°°ƒß¿Ì…≥£©","Minty Spire (QoL Compilation)","Reimu£®≤©¿ˆ¡È√Œ£©","Shop Mod","StSLib","The Servant 0.9.4","simple"],"gold_per_floor":[119,119,44,44,44,75,75,93,93,124,138,171,171,346,346,346,346],"floor_reached":16,"language":"ZHS","playtime":541,"items_purged":["Defend_MRS"],"score":133,"play_id":"c5a174af-43b8-4e4e-ad92-ded8a1a4fad5","local_time":"20210117090855","is_ascension_mode":false,"campfire_choices":[{"data":"BinaryStars","floor":13,"key":"SMITH"},{"data":"SprinkleStarSeal","floor":15,"key":"SMITH"}],"circlet_count":0,"master_deck":["Strike_MRS+1","Strike_MRS+1","Defend_MRS","Defend_MRS","Defend_MRS","MasterSpark","UpSweep","SuperPerseids","BinaryStars+1","ShootingEcho","SprinkleStarSeal+1","TreasureHunter","WitchOfGreed","IllusionStar","Doubt"],"relics":["MiniHakkero","NeowsBlessing","Ancient Tea Set","Bottled Lightning","Bag of Marbles"],"acts_visited":["Exordium"],"potions_floor_usage":[],"damage_taken":[{"damage":0,"enemies":"Jaw Worm","floor":1,"turns":1},{"damage":0,"enemies":"3 Sentries","floor":6,"turns":2},{"damage":0,"enemies":"Small Slimes","floor":8,"turns":1},{"damage":20,"enemies":"Gremlin Nob","floor":10,"turns":4},{"damage":0,"enemies":"Cultist","floor":11,"turns":2},{"damage":10,"enemies":"2 Fungi Beasts","floor":12,"turns":3},{"damage":23,"enemies":"The Guardian","floor":16,"turns":6}],"seed_played":"-6072586162558987862","potions_obtained":[{"floor":1,"key":"FearPotion"},{"floor":12,"key":"GrandPatriotsElixir:ReiMu"},{"floor":12,"key":"ZuzhouPotion:ReiMu"}],"is_trial":false,"path_per_floor":["M","?","$","?","?","E","?","M","T","E","M","M","R","?","R","B"],"character_chosen":"MARISA","items_purchased":[],"campfire_rested":0,"item_purchase_floors":[],"current_hp_per_floor":[75,60,60,53,53,53,53,53,53,33,33,23,23,23,23,0,0],"gold":346,"neow_bonus":"THREE_ENEMY_KILL","is_daily":false,"chose_seed":false,"campfire_upgraded":2,"win_rate":0.0,"timestamp":1610845735,"path_taken":["M","?","$","?","?","E","?","?","T","E","M","M","R","?","R","BOSS"],"items_purchased_type":[],"build_version":"2020-12-22","purchased_purges":1,"victory":false,"max_hp_per_floor":[75,75,75,75,75,75,75,75,75,75,75,75,75,75,75,75,75],"card_choices":[{"not_picked":["RefractionSpark","IllusionStar"],"picked":"SuperPerseids","floor":1},{"not_picked":["6A","ShootTheMoon"],"picked":"BinaryStars","floor":6},{"not_picked":["OneTimeOff","OrrerysSun"],"picked":"SprinkleStarSeal","floor":8},{"not_picked":["MilkyWay","MachineGunSpark"],"picked":"TreasureHunter","floor":10},{"not_picked":["BlazeAway","DC"],"picked":"WitchOfGreed","floor":11},{"not_picked":["LuminesStrike","WitchOfGreed"],"picked":"IllusionStar","floor":12}],"player_experience":192856,"relics_obtained":[{"floor":6,"key":"Ancient Tea Set"},{"floor":9,"key":"Bottled Lightning"},{"floor":10,"key":"Bag of Marbles"}],"event_choices":[{"damage_healed":0,"gold_gain":0,"player_choice":"Entered Light","damage_taken":15,"max_hp_gain":0,"max_hp_loss":0,"event_name":"Shining Light","floor":2,"gold_loss":0,"cards_upgraded":["Strike_MRS","Strike_MRS"]},{"cards_removed":["Strike_MRS"],"damage_healed":0,"gold_gain":0,"player_choice":"Card Removal","damage_taken":7,"max_hp_gain":0,"max_hp_loss":0,"event_name":"Golden Wing","floor":4,"gold_loss":0},{"damage_healed":0,"gold_gain":0,"player_choice":"Leave","damage_taken":0,"max_hp_gain":0,"max_hp_loss":0,"event_name":"The Cleric","floor":5,"gold_loss":0},{"damage_healed":0,"gold_gain":0,"cards_transformed":["Strike_MRS"],"player_choice":"Transformed","damage_taken":0,"max_hp_gain":0,"max_hp_loss":0,"event_name":"Transmorgrifier","floor":7,"gold_loss":0,"cards_obtained":["ShootingEcho"]},{"damage_healed":0,"gold_gain":175,"player_choice":"AGREE","damage_taken":0,"max_hp_gain":0,"max_hp_loss":0,"event_name":"Liars Game","floor":14,"gold_loss":0,"cards_obtained":["Doubt"]}],"is_beta":false,"boss_relics":[],"items_purged_floors":[3],"is_endless":false,"potions_floor_spawned":[1,12],"killed_by":"The Guardian","ascension_level":0}}