{"host":"vrsxkkch9ccrec7k","time":1610921688,"event":{"mods":["Act Like it!","BaseMod","Bestiary","Better Sensory Stone","Better Third Choice","Better Vampires","Downfall","Minty Spire (QoL Compilation)","Permanent Neow","Relic Stats","Spicy Shops","StSLib"],"gold_per_floor":[0,12,162,175,175,190,245,279,279,279,41,41,73,92,109,211,211,211,223,223,239,73,83,83,95,107,133,133,33,67,67,67,67,67],"floor_reached":32,"language":"ENG","playtime":2351,"items_purged":["downfall:Icky"],"score":338,"play_id":"8d2e5abe-c4a1-47dd-961d-d3c7d7b31967","local_time":"20210117171448","is_ascension_mode":true,"campfire_choices":[{"data":"hexamod:Float","floor":1.0,"key":"SMITH"},{"data":"hexamod:Again","floor":10.0,"key":"SMITH"},{"data":"hexamod:NightmareStrike","floor":12.0,"key":"SMITH"},{"data":"hexamod:GhostOfSpirePresent","floor":18,"key":"SMITH"},{"floor":29,"key":"REST"}],"circlet_count":0,"master_deck":["hexamod:Sear","hexamod:Float+1","hexamod:Again+1","hexamod:SwordOfDarkness","hexamod:FastForward","hexamod:NightmareStrike","hexamod:GhostLash","hexamod:NightmareStrike+1","hexamod:GhostOfSpireFuture","hexamod:SpectersWail","hexamod:GhostOfSpirePresent+1","hexamod:Hexaguard","hexamod:Rewind","hexamod:GhostOfSpirePast","hexamod:HeatMetal","hexamod:TurnItUp","hexamod:FlamesFromBeyond","hexamod:PhantomFireball","hexamod:ParanormalForm","hexamod:EmpoweredFlame+1","Ghostly","Ghostly","Ghostly","hexamod:EmpoweredFlame","hexamod:GhostOfSpirePast","hexamod:EmpoweredFlame"],"relics":["hexamod:SpiritBrand","Calipers","Tiny Chest","Guardian:BottledAnomaly","Pandora\u0027s Box","Lee\u0027s Waffle","Sundial","Boot","downfall:RedIOU","downfall:HeartBlessingBlue","Juzu Bracelet"],"acts_visited":["Exordium","TheCity"],"potions_floor_usage":[16,19,30,32],"damage_taken":[{"damage":3.0,"enemies":"Small Slimes","floor":2.0,"turns":4.0},{"damage":2.0,"enemies":"2 Louse","floor":4.0,"turns":4.0},{"damage":2.0,"enemies":"Jaw Worm","floor":6.0,"turns":3.0},{"damage":20.0,"enemies":"3 Sentries","floor":8.0,"turns":8.0},{"damage":0.0,"enemies":"downfall:FleeingMerchant","floor":11.0,"turns":4.0},{"damage":15.0,"enemies":"Lagavulin","floor":13.0,"turns":4.0},{"damage":0.0,"enemies":"2 Fungi Beasts","floor":14.0,"turns":3.0},{"damage":6.0,"enemies":"Exordium Thugs","floor":15.0,"turns":3.0},{"damage":15,"enemies":"IC_STATUS_ARCHETYPE","floor":16,"turns":5},{"damage":6,"enemies":"Spheric Guardian","floor":19,"turns":3},{"damage":0,"enemies":"Shell Parasite","floor":21,"turns":4},{"damage":0,"enemies":"downfall:FleeingMerchant","floor":22,"turns":4},{"damage":17,"enemies":"Shelled Parasite and Fungi","floor":23,"turns":4},{"damage":23,"enemies":"Snecko","floor":25,"turns":5},{"damage":0,"enemies":"Chosen and Byrds","floor":26,"turns":3},{"damage":9,"enemies":"Slavers","floor":30,"turns":5},{"damage":23,"enemies":"Cultist and Chosen","floor":32,"turns":6}],"seed_played":"5532599416110335726","potions_obtained":[{"floor":2.0,"key":"sneckomod:MuddlingPotion"},{"floor":4.0,"key":"FearPotion"},{"floor":13.0,"key":"ColorlessPotion"},{"floor":16,"key":"Explosive Potion"},{"floor":25,"key":"Block Potion"},{"floor":26,"key":"SpeedPotion"},{"floor":30,"key":"DuplicationPotion"}],"is_trial":false,"path_per_floor":["R","M","?","M","?","M","T","E","?","R","$","R","E","M","M","B",null,"R","M","?","M","$","M","T","M","M","T","?","R","E","?","M"],"character_chosen":"THE_SPIRIT","items_purchased":["hexamod:NightmareStrike","Guardian:BottledAnomaly","Lee\u0027s Waffle"],"campfire_rested":1,"item_purchase_floors":[11,11,22],"current_hp_per_floor":[70,67,67,65,65,63,63,43,43,43,43,43,28,28,22,7,54,54,48,35,35,42,25,25,2,2,2,2,27,18,18,0,0,0],"gold":67,"neow_bonus":"ONE_RARE_RELIC","is_daily":false,"chose_seed":false,"campfire_upgraded":4,"win_rate":0.0,"timestamp":1610921688,"path_taken":["R","M","?","M","?","M","T","E","?","R","?","R","E","M","M","BOSS","R","M","?","M","$","M","T","M","M","?","?","R","E","?","M"],"items_purchased_type":["Card","Relic","Relic"],"build_version":"2020-12-22","purchased_purges":1,"victory":false,"max_hp_per_floor":[70,70,70,70,70,70,70,70,70,70,70,70,70,70,70,70,70,70,70,35,35,42,42,42,42,42,42,42,52,52,52,52,52,52],"relic_stats":{"Lee\u0027s Waffle":7,"counters":[17,72],"Sundial":[0],"Tiny Chest":1,"Pandora\u0027s Box":["hexamod:Hexaguard","hexamod:Rewind","hexamod:GhostOfSpirePast","hexamod:HeatMetal","hexamod:TurnItUp","hexamod:FlamesFromBeyond","hexamod:PhantomFireball","hexamod:ParanormalForm"],"Juzu Bracelet":0,"Boot":[0],"obtain_stats":[{"Lee\u0027s Waffle":22,"Calipers":0,"Juzu Bracelet":30,"Boot":27,"downfall:BrokenWingStatue":9,"Sundial":24,"downfall:HeartBlessingBlue":29,"Tiny Chest":8,"Pandora\u0027s Box":17,"downfall:RedIOU":28,"Guardian:BottledAnomaly":11,"hexamod:BolsterEngine":13,"hexamod:SpiritBrand":0},{"Lee\u0027s Waffle":12,"Calipers":0,"Juzu Bracelet":16,"Boot":15,"downfall:BrokenWingStatue":4,"Sundial":13,"downfall:HeartBlessingBlue":15,"Tiny Chest":4,"Pandora\u0027s Box":9,"downfall:RedIOU":15,"Guardian:BottledAnomaly":5,"hexamod:BolsterEngine":6,"hexamod:SpiritBrand":0},{"Lee\u0027s Waffle":49,"Calipers":0,"Juzu Bracelet":66,"Boot":61,"downfall:BrokenWingStatue":19,"Sundial":53,"downfall:HeartBlessingBlue":61,"Tiny Chest":19,"Pandora\u0027s Box":38,"downfall:RedIOU":61,"Guardian:BottledAnomaly":23,"hexamod:BolsterEngine":27,"hexamod:SpiritBrand":0}]},"card_choices":[{"not_picked":["hexamod:SuperheatedStrike","hexamod:SecondSeal"],"picked":"hexamod:Again","floor":2.0},{"not_picked":["hexamod:SuperheatedStrike","hexamod:Hexaguard"],"picked":"hexamod:SwordOfDarkness","floor":4.0},{"not_picked":["hexamod:HeatCrush","hexamod:RetreatToShadows"],"picked":"hexamod:FastForward","floor":6.0},{"not_picked":["hexamod:RecurringNightmare","hexamod:NightmareGuise"],"picked":"hexamod:NightmareStrike","floor":8.0},{"not_picked":["hexamod:PhantomCloak","hexamod:BurningTouch"],"picked":"hexamod:GhostLash","floor":11.0},{"not_picked":["hexamod:SwordOfDarkness","hexamod:GhostLash"],"picked":"hexamod:GhostOfSpireFuture","floor":13.0},{"not_picked":["hexamod:SuperheatedStrike","hexamod:BacktrackSmack","hexamod:SoulSteal"],"picked":"SKIP","floor":14.0},{"not_picked":["hexamod:NightmareStrike","hexamod:GhostShield"],"picked":"hexamod:SpectersWail","floor":15.0},{"not_picked":["hexamod:HexaLevel","hexamod:SixthSeal"],"picked":"hexamod:GhostOfSpirePresent","floor":16},{"not_picked":["hexamod:Firestarter","hexamod:ThermalTransfer"],"picked":"hexamod:EmpoweredFlame+1","floor":19},{"not_picked":["hexamod:StepThrough","hexamod:FlamesFromBeyond+1","hexamod:NightmareStrike"],"picked":"SKIP","floor":21},{"not_picked":["hexamod:InspiringFlames","hexamod:Hexaguard"],"picked":"hexamod:EmpoweredFlame","floor":22},{"not_picked":["hexamod:GhostLash","hexamod:ExtraCrispy","hexamod:BacktrackSmack"],"picked":"SKIP","floor":23},{"not_picked":["hexamod:SpectersWail","hexamod:NightmareStrike"],"picked":"hexamod:GhostOfSpirePast","floor":25},{"not_picked":["hexamod:InspiringFlames+1","hexamod:HauntingEcho","hexamod:UnlimitedPower"],"picked":"SKIP","floor":26},{"not_picked":["hexamod:Incineration","hexamod:InspiringFlames"],"picked":"hexamod:EmpoweredFlame","floor":30}],"player_experience":1580335,"relics_obtained":[{"floor":8.0,"key":"Tiny Chest"},{"floor":13.0,"key":"hexamod:BolsterEngine"},{"floor":24,"key":"Sundial"},{"floor":27,"key":"Boot"},{"floor":30,"key":"Juzu Bracelet"}],"event_choices":[],"is_beta":false,"boss_relics":[{"not_picked":["Philosopher\u0027s Stone","Busted Crown"],"picked":"Pandora\u0027s Box"}],"items_purged_floors":[11],"is_endless":false,"potions_floor_spawned":[2,4,13,16,25,26,30],"killed_by":"Cultist and Chosen","ascension_level":5}}