{"host":"d85gwtocd8go8gx0","time":1610864384,"event":{"mods":["BaseMod","Highlight Path","Minty Spire (QoL Compilation)","Permanent Neow","Quick Restart","UnlockEverythingMod"],"gold_per_floor":[12,12,25,25,42,42,73,73,73,101,101,118,118,118,118,190,190,209,223,223,37,12,12,30,30,30,30,80,80,94,109,109,109,109,125,150,150,168,168,168,168,168,220,220,237,237,251,89,89,89,89],"floor_reached":52,"language":"ENG","playtime":2241,"items_purged":["Strike_P"],"score":1737,"play_id":"d26371d6-11bc-461a-b8da-2e1d15cb0aae","local_time":"20210116221944","is_ascension_mode":true,"campfire_choices":[{"floor":6.0,"key":"DIG"},{"floor":8.0,"key":"DIG"},{"floor":11.0,"key":"DIG"},{"floor":15.0,"key":"REST"},{"floor":23.0,"key":"DIG"},{"floor":25.0,"key":"DIG"},{"floor":27.0,"key":"DIG"},{"floor":29.0,"key":"DIG"},{"floor":32.0,"key":"REST"},{"floor":40.0,"key":"DIG"},{"floor":42.0,"key":"DIG"},{"floor":44.0,"key":"DIG"},{"floor":46.0,"key":"DIG"},{"floor":49.0,"key":"REST"}],"circlet_count":0,"master_deck":["AscendersBane","Strike_P+1","Strike_P","Defend_P","Defend_P","Defend_P","Defend_P","Eruption+1","Vigilance","Crescendo+1","FlyingSleeves","BattleHymn+1","Consecrate","FollowUp+1","ClearTheMind","MasterReality","ClearTheMind","CutThroughFate","CutThroughFate","EmptyFist+1","FlurryOfBlows","Blasphemy","FlyingSleeves","Fasting2+1","CrushJoints+1","Injury","FlyingSleeves+1","FlurryOfBlows"],"relics":["PureWater","Shovel","Bottled Lightning","Bronze Scales","Meat on the Bone","Pear","StoneCalendar","Oddly Smooth Stone","Fusion Hammer","Pen Nib","CloakClasp","Sundial","Ornamental Fan","Du-Vu Doll","Sozu","Dead Branch","Strawberry","Ancient Tea Set","Vajra","Nunchaku","Singing Bowl","HandDrill"],"acts_visited":["Exordium","TheCity","TheBeyond"],"potions_floor_usage":[],"damage_taken":[{"damage":0.0,"enemies":"2 Louse","floor":1.0,"turns":3.0},{"damage":0.0,"enemies":"Small Slimes","floor":3.0,"turns":2.0},{"damage":2.0,"enemies":"Cultist","floor":5.0,"turns":3.0},{"damage":0.0,"enemies":"Gremlin Nob","floor":7.0,"turns":2.0},{"damage":12.0,"enemies":"3 Sentries","floor":10.0,"turns":4.0},{"damage":18.0,"enemies":"Large Slime","floor":12.0,"turns":3.0},{"damage":21.0,"enemies":"Hexaghost","floor":16.0,"turns":7.0},{"damage":28.0,"enemies":"Spheric Guardian","floor":18.0,"turns":4.0},{"damage":22.0,"enemies":"2 Thieves","floor":19.0,"turns":4.0},{"damage":20.0,"enemies":"Snake Plant","floor":24.0,"turns":2.0},{"damage":12.0,"enemies":"Centurion and Healer","floor":30.0,"turns":4.0},{"damage":0.0,"enemies":"Snecko","floor":31.0,"turns":2.0},{"damage":3.0,"enemies":"Collector","floor":33.0,"turns":6.0},{"damage":11.0,"enemies":"3 Shapes","floor":35.0,"turns":3.0},{"damage":21.0,"enemies":"Mind Bloom Boss Battle","floor":36.0,"turns":4.0},{"damage":9.0,"enemies":"3 Darklings","floor":38.0,"turns":3.0},{"damage":2.0,"enemies":"4 Shapes","floor":45.0,"turns":1.0},{"damage":0.0,"enemies":"Transient","floor":47.0,"turns":5.0},{"damage":73.0,"enemies":"Time Eater","floor":50.0,"turns":7.0},{"damage":45,"enemies":"Donu and Deca","floor":51,"turns":5}],"seed_played":"-5901321053869401300","potions_obtained":[{"floor":1.0,"key":"Regen Potion"},{"floor":10.0,"key":"Strength Potion"},{"floor":18.0,"key":"Fire Potion"},{"floor":30.0,"key":"PowerPotion"}],"is_trial":false,"path_per_floor":["M","?","M","?","M","R","E","R","T","E","R","M","?","?","R","B",null,"M","M","?","$","$","R","M","R","T","R","?","R","M","M","R","B",null,"M","?","?","M","?","R","?","R","T","R","M","R","M","$","R","B","B",null],"character_chosen":"WATCHER","items_purchased":["FairyPotion","CutThroughFate","HandDrill"],"campfire_rested":3,"item_purchase_floors":[21,22,48],"current_hp_per_floor":[61,61,61,61,59,59,59,59,69,57,57,51,28,28,51,42,69,41,43,43,43,43,43,35,35,35,35,35,35,35,47,70,67,75,64,43,43,46,46,53,53,53,53,53,51,51,51,51,76,15,14],"gold":89,"neow_bonus":"ONE_RARE_RELIC","is_daily":false,"chose_seed":false,"campfire_upgraded":0,"win_rate":0.0,"timestamp":1610864384,"path_taken":["M","?","M","?","?","R","E","R","T","E","R","M","?","?","R","BOSS","M","M","?","?","$","R","?","R","T","R","?","R","M","M","R","BOSS","M","?","?","?","?","R","?","R","T","R","?","R","?","?","R","BOSS","BOSS"],"items_purchased_type":["Potion","Card","Relic"],"build_version":"2020-12-22","purchased_purges":1,"victory":true,"max_hp_per_floor":[68,68,68,68,68,68,68,68,78,78,78,78,78,78,78,78,78,78,78,78,78,78,78,78,78,78,78,78,78,78,78,78,78,78,78,78,78,78,78,85,85,85,85,85,85,85,85,85,85,85,85],"card_choices":[{"not_picked":["EmptyMind","Prostrate"],"picked":"Crescendo","floor":1.0},{"not_picked":["CutThroughFate","EmptyBody"],"picked":"FlyingSleeves","floor":3.0},{"not_picked":["ConjureBlade","EmptyBody"],"picked":"BattleHymn","floor":5.0},{"not_picked":["Swivel","LikeWater"],"picked":"Consecrate","floor":7.0},{"not_picked":["Protect","WindmillStrike"],"picked":"FollowUp","floor":10.0},{"not_picked":["ThirdEye","FlyingSleeves"],"picked":"ClearTheMind","floor":12.0},{"not_picked":["SpiritShield","Judgement"],"picked":"MasterReality","floor":16.0},{"not_picked":["Conclude","FlyingSleeves"],"picked":"ClearTheMind","floor":18.0},{"not_picked":["MentalFortress","Halt"],"picked":"CutThroughFate","floor":19.0},{"not_picked":["Crescendo+1","Pray+1"],"picked":"EmptyFist+1","floor":24.0},{"not_picked":["EmptyBody","WheelKick"],"picked":"Protect","floor":30.0},{"not_picked":["Nirvana","InnerPeace"],"picked":"FlurryOfBlows","floor":31.0},{"not_picked":["SpiritShield","Omniscience"],"picked":"Blasphemy","floor":33.0},{"not_picked":["Adaptation","Swivel"],"picked":"FlyingSleeves","floor":35.0},{"not_picked":["EmptyMind","LikeWater"],"picked":"Fasting2+1","floor":36.0},{"not_picked":["ThirdEye","ForeignInfluence+1"],"picked":"CrushJoints+1","floor":38.0},{"not_picked":["FollowUp","Weave"],"picked":"FlyingSleeves+1","floor":45.0},{"not_picked":["ThirdEye","Protect"],"picked":"FlurryOfBlows","floor":47.0}],"player_experience":19967,"relics_obtained":[{"floor":6.0,"key":"Bottled Lightning"},{"floor":7.0,"key":"Bronze Scales"},{"floor":8.0,"key":"Meat on the Bone"},{"floor":9.0,"key":"Pear"},{"floor":10.0,"key":"StoneCalendar"},{"floor":11.0,"key":"Oddly Smooth Stone"},{"floor":23.0,"key":"Pen Nib"},{"floor":25.0,"key":"CloakClasp"},{"floor":26.0,"key":"Sundial"},{"floor":27.0,"key":"Ornamental Fan"},{"floor":29.0,"key":"Du-Vu Doll"},{"floor":36.0,"key":"Dead Branch"},{"floor":40.0,"key":"Strawberry"},{"floor":42.0,"key":"Ancient Tea Set"},{"floor":43.0,"key":"Vajra"},{"floor":44.0,"key":"Nunchaku"},{"floor":46.0,"key":"Singing Bowl"}],"event_choices":[{"damage_healed":0.0,"max_hp_gain":0.0,"max_hp_loss":0.0,"gold_gain":0.0,"event_name":"Living Wall","player_choice":"Grow","floor":2.0,"gold_loss":0.0,"damage_taken":0.0,"cards_upgraded":["Eruption"]},{"damage_healed":0.0,"max_hp_gain":0.0,"max_hp_loss":0.0,"gold_gain":0.0,"event_name":"Accursed Blacksmith","player_choice":"Forge","floor":4.0,"gold_loss":0.0,"damage_taken":0.0,"cards_upgraded":["Crescendo"]},{"damage_healed":0.0,"max_hp_gain":0.0,"max_hp_loss":0.0,"gold_gain":0.0,"event_name":"Shining Light","player_choice":"Entered Light","floor":13.0,"gold_loss":0.0,"damage_taken":23.0,"cards_upgraded":["FollowUp","Strike_P"]},{"cards_removed":["Strike_P"],"damage_healed":0.0,"max_hp_gain":0.0,"max_hp_loss":0.0,"gold_gain":0.0,"event_name":"Purifier","player_choice":"Purged","floor":14.0,"gold_loss":0.0,"damage_taken":0.0},{"damage_healed":0.0,"max_hp_gain":0.0,"max_hp_loss":0.0,"gold_gain":0.0,"event_name":"Vampires","player_choice":"Ignored","floor":20.0,"gold_loss":0.0,"damage_taken":0.0},{"damage_healed":0.0,"max_hp_gain":0.0,"max_hp_loss":0.0,"gold_gain":50.0,"event_name":"Nest","player_choice":"Stole From Cult","floor":28.0,"gold_loss":0.0,"damage_taken":0.0},{"damage_healed":0.0,"max_hp_gain":0.0,"max_hp_loss":0.0,"gold_gain":0.0,"event_name":"MindBloom","player_choice":"Fight","floor":36.0,"gold_loss":0.0,"damage_taken":0.0},{"damage_healed":0.0,"max_hp_gain":0.0,"max_hp_loss":0.0,"gold_gain":0.0,"event_name":"Upgrade Shrine","player_choice":"Upgraded","floor":37.0,"gold_loss":0.0,"damage_taken":0.0,"cards_upgraded":["BattleHymn"]},{"cards_removed":["Protect"],"damage_healed":0.0,"max_hp_gain":0.0,"max_hp_loss":0.0,"gold_gain":0.0,"event_name":"Falling","player_choice":"Removed Skill","floor":39.0,"gold_loss":0.0,"damage_taken":0.0},{"damage_healed":0.0,"max_hp_gain":0.0,"max_hp_loss":0.0,"gold_gain":0.0,"event_name":"Match and Keep!","player_choice":"1 cards matched","floor":41.0,"gold_loss":0.0,"damage_taken":0.0,"cards_obtained":["Injury"]}],"is_beta":false,"boss_relics":[{"not_picked":["Tiny House","Astrolabe"],"picked":"Fusion Hammer"},{"not_picked":["Velvet Choker","VioletLotus"],"picked":"Sozu"}],"items_purged_floors":[21],"is_endless":false,"potions_floor_spawned":[1,10,16,18,30,31,33,35,36,45],"ascension_level":20}}