{"host":"1c17lcvl7acx821p","time":1610844034,"event":{"mods":["AchievementEnabler","BaseMod","Colored Map","Minty Spire (QoL Compilation)","StSLib"],"gold_per_floor":[110,124,137,212,30,62,62,389,416,416,429,429,445,477,477,582,582,598,611,631,643,662,662,689,689,689,721,721,747,747,232,232,332,332,348,348,368,387,403,436,436,461,487,487,487,519,99,113,113,113,113,113,64,93,93],"floor_reached":56,"language":"ENG","playtime":3475,"items_purged":["Strike_B","Strike_B","Defend_B"],"score":1798,"play_id":"2032f8d4-2201-4a8b-9cd5-7ab651bbabb6","local_time":"20210117024034","is_ascension_mode":true,"campfire_choices":[{"data":"Hologram","floor":10,"key":"SMITH"},{"data":"Defragment","floor":12,"key":"SMITH"},{"floor":15,"key":"REST"},{"data":"Fission","floor":23,"key":"SMITH"},{"data":"Loop","floor":25,"key":"SMITH"},{"data":"Defragment","floor":30,"key":"SMITH"},{"data":"Seek","floor":32,"key":"SMITH"},{"data":"Fission","floor":41,"key":"SMITH"},{"floor":44,"key":"RECALL"},{"data":"Creative AI","floor":49,"key":"SMITH"},{"data":"Capacitor","floor":52,"key":"SMITH"}],"circlet_count":0,"master_deck":["Strike_B+1","Defend_B","Defend_B","Defend_B+1","Zap","Dualcast","Glacier","Hologram+1","Loop+1","Blizzard","Fusion","Self Repair","Defragment+1","Chill+1","Hologram","Seek+1","Barrage+1","Steam Power+1","Fission+1","Compile Driver+1","Creative AI+1","Capacitor+1","Defragment+1","Fission+1","Storm+1","Chill+1","Recycle+1","Undo+1","Heatsinks+1"],"relics":["Black Star","Akabeko","Bag of Preparation","FaceOfCleric","Symbiotic Virus","Old Coin","Bronze Scales","Omamori","Incense Burner","Nuclear Battery","PreservedInsect","Strawberry","Ginger","Toy Ornithopter","Gambling Chip","Whetstone","Juzu Bracelet","Oddly Smooth Stone","HornCleat","SlaversCollar","Peace Pipe","Eternal Feather","Turnip","Boot","Molten Egg 2","Bag of Marbles","Ice Cream","Orichalcum","War Paint"],"acts_visited":["Exordium","TheCity","TheBeyond","TheEnding"],"potions_floor_usage":[6,6,8,27,46,55,55,55,55,55,55],"damage_taken":[{"damage":1,"enemies":"Cultist","floor":1,"turns":3},{"damage":7,"enemies":"Small Slimes","floor":2,"turns":6},{"damage":1,"enemies":"Jaw Worm","floor":3,"turns":5},{"damage":13,"enemies":"Gremlin Nob","floor":6,"turns":4},{"damage":7,"enemies":"Lagavulin","floor":8,"turns":10},{"damage":18,"enemies":"Gremlin Gang","floor":11,"turns":4},{"damage":10,"enemies":"Exordium Wildlife","floor":13,"turns":6},{"damage":5,"enemies":"3 Sentries","floor":14,"turns":10},{"damage":36,"enemies":"Slime Boss","floor":16,"turns":17},{"damage":3,"enemies":"3 Byrds","floor":18,"turns":3},{"damage":7,"enemies":"Spheric Guardian","floor":19,"turns":8},{"damage":0,"enemies":"Cultist and Chosen","floor":20,"turns":6},{"damage":0,"enemies":"3 Cultists","floor":21,"turns":5},{"damage":0,"enemies":"Snecko","floor":22,"turns":6},{"damage":11,"enemies":"Book of Stabbing","floor":24,"turns":7},{"damage":2,"enemies":"Slavers","floor":27,"turns":7},{"damage":0,"enemies":"Gremlin Leader","floor":29,"turns":5},{"damage":0,"enemies":"Automaton","floor":33,"turns":9},{"damage":14,"enemies":"3 Darklings","floor":35,"turns":7},{"damage":0,"enemies":"Orb Walker","floor":37,"turns":2},{"damage":0,"enemies":"Maw","floor":38,"turns":5},{"damage":10,"enemies":"Writhing Mass","floor":39,"turns":5},{"damage":0,"enemies":"Giant Head","floor":40,"turns":5},{"damage":0,"enemies":"Reptomancer","floor":42,"turns":3},{"damage":1,"enemies":"Nemesis","floor":46,"turns":2},{"damage":0,"enemies":"Jaw Worm Horde","floor":48,"turns":1},{"damage":47,"enemies":"Awakened One","floor":50,"turns":9},{"damage":0,"enemies":"Shield and Spear","floor":54,"turns":3},{"damage":30,"enemies":"The Heart","floor":55,"turns":8}],"seed_played":"-4426481305896286540","potions_obtained":[{"floor":1,"key":"EssenceOfDarkness"},{"floor":2,"key":"Explosive Potion"},{"floor":11,"key":"FearPotion"},{"floor":13,"key":"Dexterity Potion"},{"floor":16,"key":"CultistPotion"},{"floor":22,"key":"SkillPotion"},{"floor":29,"key":"DistilledChaos"},{"floor":33,"key":"LiquidBronze"},{"floor":42,"key":"EntropicBrew"}],"is_trial":false,"path_per_floor":["M","M","M","?","$","E","?","E","T","R","M","R","M","E","R","B",null,"M","M","M","M","M","R","E","R","T","E","?","E","R","$","R","B",null,"M","?","M","M","M","E","R","E","T","R","?","E","$","M","R","B",null,"R","$","E","B",null],"character_chosen":"DEFECT","items_purchased":["Blizzard","PotionOfCapacity","Oddly Smooth Stone","HornCleat","Ice Cream","FocusPotion"],"campfire_rested":1,"item_purchase_floors":[5,5,31,31,47,53],"current_hp_per_floor":[74,67,66,55,55,42,42,36,36,36,26,26,24,27,50,22,80,81,82,83,84,85,85,89,89,89,94,94,95,95,95,95,96,96,90,90,98,99,97,101,101,102,102,102,102,103,103,104,104,65,105,105,105,106,106],"gold":93,"neow_bonus":"BOSS_RELIC","is_daily":false,"chose_seed":false,"campfire_upgraded":9,"win_rate":0.0,"timestamp":1610844034,"path_taken":["M","M","?","?","$","E","?","E","T","R","M","R","M","E","R","BOSS","M","M","?","M","M","R","E","R","T","E","?","E","R","?","R","BOSS","M","?","M","M","M","E","R","E","T","R","?","E","$","M","R","BOSS","R","$","E","BOSS"],"items_purchased_type":["Card","Potion","Relic","Relic","Relic","Potion"],"build_version":"2020-12-22","purchased_purges":3,"victory":true,"max_hp_per_floor":[75,75,75,75,75,75,75,76,76,76,77,77,78,79,79,80,80,81,82,83,84,85,85,93,93,93,94,94,95,95,95,95,96,96,97,97,98,99,100,101,101,102,102,102,102,103,103,104,104,105,105,105,105,106,107],"card_choices":[{"not_picked":["Compile Driver","BootSequence"],"picked":"Glacier","floor":1},{"not_picked":["Cold Snap","Skim"],"picked":"Hologram","floor":2},{"not_picked":["Redo","Beam Cell"],"picked":"Loop","floor":3},{"not_picked":["Ball Lightning","Beam Cell"],"picked":"Fusion","floor":6},{"not_picked":["Rebound","Reboot"],"picked":"Self Repair","floor":8},{"not_picked":["Go for the Eyes","Consume"],"picked":"Defragment","floor":11},{"not_picked":["Darkness","Skim"],"picked":"Chill","floor":13},{"not_picked":["Force Field","Doom and Gloom"],"picked":"Hologram","floor":14},{"not_picked":["All For One","Rainbow"],"picked":"Seek","floor":16},{"not_picked":["Gash","Sweeping Beam","Auto Shields"],"picked":"SKIP","floor":18},{"not_picked":["Sunder","Hologram"],"picked":"Barrage","floor":19},{"not_picked":["Conserve Battery","Beam Cell"],"picked":"Steam Power+1","floor":20},{"not_picked":["Lockon","Scrape"],"picked":"Fission","floor":21},{"not_picked":["Genetic Algorithm+1","Barrage"],"picked":"Compile Driver+1","floor":22},{"not_picked":["Doom and Gloom","Compile Driver"],"picked":"Creative AI","floor":24},{"not_picked":["Genetic Algorithm","Hologram"],"picked":"Capacitor","floor":27},{"not_picked":["Lockon","White Noise"],"picked":"Defragment","floor":29},{"not_picked":["Rainbow","Multi-Cast"],"picked":"Fission","floor":33},{"not_picked":["Beam Cell+1","Conserve Battery"],"picked":"Storm+1","floor":35},{"not_picked":["Leap","Cold Snap+1"],"picked":"Chill+1","floor":37},{"not_picked":["Auto Shields+1","Turbo","Steam"],"picked":"SKIP","floor":38},{"not_picked":["All For One","Compile Driver+1","Cold Snap"],"picked":"SKIP","floor":39},{"not_picked":["Conserve Battery+1","Sweeping Beam+1","Stack+1"],"picked":"SKIP","floor":40},{"not_picked":["Tempest","Go for the Eyes"],"picked":"Recycle+1","floor":42},{"not_picked":["Gash+1","Self Repair+1"],"picked":"Undo+1","floor":46},{"not_picked":["Conserve Battery+1","Ball Lightning+1","Leap"],"picked":"SKIP","floor":48},{"not_picked":["Meteor Strike+1","Beam Cell+1"],"picked":"Heatsinks+1","floor":54}],"player_experience":105090,"relics_obtained":[{"floor":6,"key":"Akabeko"},{"floor":6,"key":"Bag of Preparation"},{"floor":8,"key":"Symbiotic Virus"},{"floor":8,"key":"Old Coin"},{"floor":9,"key":"Bronze Scales"},{"floor":14,"key":"Omamori"},{"floor":14,"key":"Incense Burner"},{"floor":24,"key":"PreservedInsect"},{"floor":24,"key":"Strawberry"},{"floor":26,"key":"Ginger"},{"floor":27,"key":"Toy Ornithopter"},{"floor":27,"key":"Gambling Chip"},{"floor":29,"key":"Whetstone"},{"floor":29,"key":"Juzu Bracelet"},{"floor":40,"key":"Peace Pipe"},{"floor":40,"key":"Eternal Feather"},{"floor":42,"key":"Turnip"},{"floor":42,"key":"Boot"},{"floor":46,"key":"Molten Egg 2"},{"floor":46,"key":"Bag of Marbles"},{"floor":54,"key":"Orichalcum"},{"floor":54,"key":"War Paint"}],"event_choices":[{"damage_healed":0,"gold_gain":75,"player_choice":"Gather Gold","damage_taken":11,"max_hp_gain":0,"max_hp_loss":0,"event_name":"World of Goop","floor":4,"gold_loss":0},{"damage_healed":0,"gold_gain":0,"player_choice":"Trade","damage_taken":0,"relics_obtained":["FaceOfCleric"],"max_hp_gain":0,"max_hp_loss":0,"event_name":"FaceTrader","floor":7,"gold_loss":0},{"cards_removed":["Strike_B"],"damage_healed":0,"gold_gain":0,"player_choice":"Offered Basic","damage_taken":0,"max_hp_gain":0,"max_hp_loss":0,"event_name":"Bonfire Elementals","floor":28,"gold_loss":0},{"damage_healed":0,"gold_gain":0,"player_choice":"Ignored","damage_taken":0,"max_hp_gain":0,"max_hp_loss":0,"event_name":"Tomb of Lord Red Mask","floor":36,"gold_loss":0},{"damage_healed":0,"gold_gain":0,"player_choice":"Got Potions","damage_taken":0,"max_hp_gain":0,"max_hp_loss":0,"event_name":"Lab","floor":45,"gold_loss":0}],"is_beta":false,"boss_relics":[{"not_picked":["Fusion Hammer","Sozu"],"picked":"Nuclear Battery"},{"not_picked":["Velvet Choker","Pandora\u0027s Box"],"picked":"SlaversCollar"}],"items_purged_floors":[5,31,47],"is_endless":false,"potions_floor_spawned":[1,2,11,13,16,22,29,33,37,38,39,42],"ascension_level":4}}