{"host":"bux1pdxjwq4dkad9","time":1610875162,"event":{"mods":["100% Spire Juice","Act Like it!","BaseMod","Colored Map","Minty Spire (QoL Compilation)","Spicy Shops","StSLib","SuperFastMode","°æ“≈ŒÔMod°øºÚµ•”Œœ∑"],"gold_per_floor":[114,128,141,141,155,182,238,268,316,346,365,388,388,402,42,144,144,155,155,2,14,46,61,87,87,158,185,185,202,232,254,254,367,367,386,411,295,354,363,407,407,629,629,662,662,697,716,743,743,743,743,743,187,230,230],"floor_reached":56,"language":"ZHS","playtime":2602,"items_purged":["Moonworks:Defend","Moonworks:Strike","Moonworks:Defend"],"score":1987,"play_id":"3d9ea4aa-06a6-4920-ac25-c1eab038cb9d","local_time":"20210117171922","is_ascension_mode":true,"campfire_choices":[{"data":"Moonworks:Ambush","floor":13.0,"key":"SMITH"},{"data":"Moonworks:ForcedRevival","floor":15.0,"key":"SMITH"},{"data":"Moonworks:JonathanRush","floor":25.0,"key":"SMITH"},{"data":"Moonworks:ForcedRevival","floor":28.0,"key":"SMITH"},{"floor":32.0,"key":"RECALL"},{"data":"Moonworks:ForcedRevival","floor":41,"key":"SMITH"},{"data":"Moonworks:SinkOrSwim","floor":45,"key":"SMITH"},{"data":"Moonworks:BigMagnum","floor":49,"key":"SMITH"},{"data":"Panache","floor":52,"key":"SMITH"}],"circlet_count":0,"master_deck":["Moonworks:Strike","Moonworks:Strike+1","Moonworks:Defend","Moonworks:Defend","Moonworks:Ambush+1","Moonworks:LongDistanceShot+1","Moonworks:EvilSpyWorkPreparation","Moonworks:JonathanRush+1","Moonworks:NicePresent","Moonworks:ForcedRevival+1","Moonworks:ShieldCounter","Moonworks:ForcedRevival+1","Moonworks:LeapThroughSpace","Moonworks:SinkOrSwim+1","Moonworks:NicePresent+1","Moonworks:ForcedRevival+1","Panache+1","Moonworks:JonathanRush+1","Moonworks:NicePresent+1","Moonworks:TreasureThief+1","Moonworks:BigMagnum+1","Panache","Panache+1","Reboot"],"relics":["Moonworks:BrokenBomb","Moonworks:Homemark","ImprovedEquipment","Ornamental Fan","Kunai","Regal Pillow","Whetstone","Anchor","Black Star","Membership Card","Red Mask","Lantern","Molten Egg 2","Pantograph","CeramicFish","Happy Flower","Centennial Puzzle","Mummified Hand","Philosopher\u0027s Stone","TheAbacus","Torii","Strawberry","Juzu Bracelet","Vajra","Ancient Tea Set","Omamori","Gambling Chip","MealTicket","Oddly Smooth Stone","Bag of Marbles","DollysMirror","PrismaticShard","Blood Vial","Thread and Needle","Nunchaku"],"acts_visited":["Exordium","TheCity","TheBeyond","TheEnding"],"potions_floor_usage":[],"damage_taken":[{"damage":0.0,"enemies":"Cultist","floor":1.0,"turns":2.0},{"damage":0.0,"enemies":"Small Slimes","floor":2.0,"turns":2.0},{"damage":0.0,"enemies":"2 Louse","floor":3.0,"turns":2.0},{"damage":0.0,"enemies":"Blue Slaver","floor":5.0,"turns":2.0},{"damage":0.0,"enemies":"Gremlin Nob","floor":6.0,"turns":3.0},{"damage":0.0,"enemies":"Gremlin Nob","floor":7.0,"turns":2.0},{"damage":0.0,"enemies":"Lagavulin","floor":8.0,"turns":3.0},{"damage":0.0,"enemies":"3 Sentries","floor":10.0,"turns":2.0},{"damage":0.0,"enemies":"2 Fungi Beasts","floor":11.0,"turns":1.0},{"damage":0.0,"enemies":"Looter","floor":14.0,"turns":1.0},{"damage":0.0,"enemies":"Slime Boss","floor":16.0,"turns":1.0},{"damage":0.0,"enemies":"Spheric Guardian","floor":18.0,"turns":1.0},{"damage":0.0,"enemies":"2 Thieves","floor":21.0,"turns":1.0},{"damage":0.0,"enemies":"Masked Bandits","floor":22.0,"turns":1.0},{"damage":0.0,"enemies":"Chosen and Byrds","floor":23.0,"turns":2.0},{"damage":0.0,"enemies":"Slavers","floor":24.0,"turns":1.0},{"damage":0.0,"enemies":"Book of Stabbing","floor":27.0,"turns":1.0},{"damage":0.0,"enemies":"3 Cultists","floor":29.0,"turns":1.0},{"damage":0.0,"enemies":"Gremlin Leader","floor":30.0,"turns":1.0},{"damage":0.0,"enemies":"Cultist and Chosen","floor":31.0,"turns":1.0},{"damage":0.0,"enemies":"Champ","floor":33.0,"turns":4.0},{"damage":0.0,"enemies":"3 Darklings","floor":35.0,"turns":1.0},{"damage":0.0,"enemies":"Orb Walker","floor":36.0,"turns":1.0},{"damage":0,"enemies":"Mind Bloom Boss Battle","floor":38,"turns":2},{"damage":0,"enemies":"Nemesis","floor":40,"turns":1},{"damage":0,"enemies":"Reptomancer","floor":44,"turns":1},{"damage":0,"enemies":"Giant Head","floor":46,"turns":3},{"damage":6,"enemies":"3 Darklings","floor":47,"turns":6},{"damage":0,"enemies":"Writhing Mass","floor":48,"turns":1},{"damage":6,"enemies":"Donu and Deca","floor":50,"turns":2},{"damage":6,"enemies":"Shield and Spear","floor":54,"turns":1},{"damage":6,"enemies":"The Heart","floor":55,"turns":3}],"seed_played":"636367040993872470","potions_obtained":[{"floor":2.0,"key":"GamblersBrew"},{"floor":6.0,"key":"Strength Potion"},{"floor":8.0,"key":"Swift Potion"},{"floor":22.0,"key":"DistilledChaos"}],"is_trial":false,"path_per_floor":["M","M","M","?","M","E","?","E","T","E","M","T","R","M","R","B",null,"M","?","$","M","?","M","E","R","T","E","R","M","E","M","R","B",null,"M","M","$","?","?","E","R","?","T","E","R","E","M","M","R","B",null,"R","$","E","B",null],"character_chosen":"THE_STARBREAKER","items_purchased":["Membership Card","TheAbacus","Oddly Smooth Stone","Bag of Marbles","Panache","DollysMirror","PrismaticShard","Blood Vial"],"campfire_rested":0,"item_purchase_floors":[20,37,53,53,53,53,53,53],"current_hp_per_floor":[60,60,60,60,60,60,60,60,60,60,60,60,60,60,60,60,60,60,60,60,60,60,60,60,60,60,60,60,60,60,60,60,60,60,60,60,60,60,50,67,67,67,67,67,67,67,65,65,65,65,65,65,65,65,56],"gold":230,"neow_bonus":"THREE_CARDS","is_daily":false,"chose_seed":false,"campfire_upgraded":8,"win_rate":0.0,"timestamp":1610875162,"path_taken":["M","M","?","?","M","E","?","E","T","E","M","?","R","M","R","BOSS","M","?","$","M","?","M","E","R","T","E","R","M","E","M","R","BOSS","M","M","$","?","?","E","R","?","T","E","R","E","M","M","R","BOSS","R","$","E","BOSS"],"items_purchased_type":["Relic","Relic","Relic","Relic","Card","Relic","Relic","Relic"],"build_version":"2020-12-22","purchased_purges":3,"victory":true,"max_hp_per_floor":[60,60,60,60,60,60,60,60,60,60,60,60,60,60,60,60,60,60,60,60,60,60,60,60,60,60,60,60,60,60,60,60,60,60,60,60,60,60,60,67,67,67,67,67,67,67,65,65,65,65,65,65,65,65,65],"card_choices":[{"not_picked":["Moonworks:LulusLuckyEgg","Moonworks:DeployBits"],"picked":"Moonworks:EvilSpyWorkPreparation","floor":1.0},{"not_picked":["Moonworks:ReproductionOfRecords","Moonworks:LulusLuckyEgg","Moonworks:EvilSpyWorkPreparation"],"picked":"SKIP","floor":2.0},{"not_picked":["Moonworks:LuckyCharm","Moonworks:NicePresent","Moonworks:SinkOrSwim"],"picked":"SKIP","floor":3.0},{"not_picked":["Moonworks:DeployBits","Moonworks:FinalSurgery"],"picked":"Moonworks:JonathanRush","floor":5.0},{"not_picked":["Moonworks:IntelligenceOfficer","Moonworks:Assault","Moonworks:ImOnFire"],"picked":"SKIP","floor":6.0},{"not_picked":["Moonworks:DeployBits","Moonworks:ImOnFire"],"picked":"Moonworks:NicePresent","floor":8.0},{"not_picked":["Moonworks:x16BigRocket","Moonworks:FullSpeedAlicianrone","Moonworks:StiffCrystal"],"picked":"SKIP","floor":10.0},{"not_picked":["Moonworks:DeployBits","Moonworks:ImOnFire","Moonworks:TreasureThief"],"picked":"SKIP","floor":11.0},{"not_picked":["Moonworks:DeployBits","Moonworks:Assault"],"picked":"Moonworks:ForcedRevival","floor":14.0},{"not_picked":["Moonworks:ReflectiveShell","Moonworks:Gamble"],"picked":"Moonworks:ShieldCounter","floor":16.0},{"not_picked":["Moonworks:EvilSpyWorkPreparation","Moonworks:CastOff"],"picked":"Moonworks:ForcedRevival","floor":18.0},{"not_picked":["Moonworks:CloudOfSeagulls","Moonworks:MixPhenomenon+1","Moonworks:ImmovableObject"],"picked":"SKIP","floor":21.0},{"not_picked":["Moonworks:ScrambledEve","Moonworks:Poppoformation","Moonworks:CookingTime+1"],"picked":"SKIP","floor":23.0},{"not_picked":["Moonworks:IndiscriminateFireSupport+1","Moonworks:FullSpeedAlicianrone+1","Moonworks:LuckyCharm"],"picked":"SKIP","floor":24.0},{"not_picked":["Moonworks:IndiscriminateFireSupport+1","Moonworks:FullSpeedAlicianrone+1","Moonworks:LuckyCharm"],"picked":"SKIP","floor":24.0},{"not_picked":["Moonworks:LulusLuckyEgg","Moonworks:IndiscriminateFireSupport+1","Moonworks:Assault+1"],"picked":"SKIP","floor":27.0},{"not_picked":["Moonworks:LulusLuckyEgg","Moonworks:FinalSurgery+1","Moonworks:ImOnFire"],"picked":"SKIP","floor":29.0},{"not_picked":["Moonworks:SakisCookie","Moonworks:IndiscriminateFireSupport+1","Moonworks:BigMagnum"],"picked":"SKIP","floor":30.0},{"not_picked":["Moonworks:ImOnFire+1","Moonworks:Assault+1"],"picked":"Moonworks:LeapThroughSpace","floor":31.0},{"not_picked":["Moonworks:StarBlastingFuse","Moonworks:MetallicMonocoque"],"picked":"Moonworks:SinkOrSwim","floor":33.0},{"not_picked":["Moonworks:IndiscriminateFireSupport+1","Moonworks:Poppoformation","Moonworks:SakisCookie"],"picked":"SKIP","floor":35.0},{"not_picked":["Moonworks:LulusLuckyEgg+1","Moonworks:BackdoorTrade+1"],"picked":"Moonworks:NicePresent+1","floor":36.0},{"not_picked":["Moonworks:DeployBits+1","Moonworks:LulusLuckyEgg+1"],"picked":"Moonworks:ForcedRevival","floor":38},{"not_picked":["Metamorphosis","Mind Blast+1"],"picked":"Panache","floor":39},{"not_picked":["Moonworks:Assault+1","Moonworks:SakisCookie+1"],"picked":"Moonworks:JonathanRush+1","floor":40},{"not_picked":["Moonworks:AngelHand+1","Moonworks:SealedMemories+1","Moonworks:ImOnFire+1"],"picked":"SKIP","floor":44},{"not_picked":["Moonworks:DeployBits","Moonworks:Bloodlust+1"],"picked":"Moonworks:NicePresent+1","floor":46},{"not_picked":["Moonworks:SakisCookie+1","Moonworks:JonathanRush+1"],"picked":"Moonworks:TreasureThief+1","floor":47},{"not_picked":["Moonworks:ScrambledEve+1","Moonworks:CloudOfSeagulls+1"],"picked":"Moonworks:BigMagnum","floor":48},{"not_picked":["Sweeping Beam+1","Pommel Strike+1"],"picked":"Reboot","floor":54}],"player_experience":2350858,"relics_obtained":[{"floor":6.0,"key":"Ornamental Fan"},{"floor":7.0,"key":"Kunai"},{"floor":8.0,"key":"Regal Pillow"},{"floor":10.0,"key":"Whetstone"},{"floor":12.0,"key":"Anchor"},{"floor":22.0,"key":"Red Mask"},{"floor":24.0,"key":"Lantern"},{"floor":24.0,"key":"Molten Egg 2"},{"floor":26.0,"key":"Pantograph"},{"floor":27.0,"key":"CeramicFish"},{"floor":27.0,"key":"Happy Flower"},{"floor":30.0,"key":"Centennial Puzzle"},{"floor":30.0,"key":"Mummified Hand"},{"floor":38,"key":"Torii"},{"floor":40,"key":"Strawberry"},{"floor":40,"key":"Juzu Bracelet"},{"floor":43,"key":"Vajra"},{"floor":44,"key":"Ancient Tea Set"},{"floor":44,"key":"Omamori"},{"floor":46,"key":"Gambling Chip"},{"floor":46,"key":"MealTicket"},{"floor":54,"key":"Thread and Needle"},{"floor":54,"key":"Nunchaku"}],"event_choices":[{"cards_removed":["Moonworks:Strike"],"damage_healed":0.0,"max_hp_gain":0.0,"max_hp_loss":0.0,"gold_gain":0.0,"event_name":"Living Wall","player_choice":"Forget","floor":4.0,"gold_loss":0.0,"damage_taken":0.0},{"damage_healed":0.0,"max_hp_gain":0.0,"max_hp_loss":0.0,"gold_gain":30.0,"event_name":"Dead Adventurer","player_choice":"Searched \u00273\u0027 times","floor":7.0,"gold_loss":0.0,"damage_taken":0.0},{"damage_healed":0.0,"max_hp_gain":0.0,"max_hp_loss":0.0,"gold_gain":0.0,"event_name":"Vampires","player_choice":"Ignored","floor":19.0,"gold_loss":0.0,"damage_taken":0.0},{"damage_healed":0.0,"max_hp_gain":0.0,"max_hp_loss":0.0,"gold_gain":0.0,"event_name":"Masked Bandits","player_choice":"Fought Bandits","floor":22.0,"gold_loss":0.0,"damage_taken":0.0},{"damage_healed":0,"gold_gain":0,"player_choice":"Fight","damage_taken":0,"max_hp_gain":0,"max_hp_loss":0,"event_name":"MindBloom","floor":38,"gold_loss":0},{"damage_healed":0,"gold_gain":0,"player_choice":"Memory 3","damage_taken":10,"max_hp_gain":0,"max_hp_loss":0,"event_name":"SensoryStone","floor":39,"gold_loss":0},{"damage_healed":0,"gold_gain":222,"player_choice":"Wore Mask","damage_taken":0,"max_hp_gain":0,"max_hp_loss":0,"event_name":"Tomb of Lord Red Mask","floor":42,"gold_loss":0}],"is_beta":false,"boss_relics":[{"not_picked":["Calling Bell","Runic Dome"],"picked":"Black Star"},{"not_picked":["Runic Pyramid","Moonworks:SBBomb"],"picked":"Philosopher\u0027s Stone"}],"items_purged_floors":[37,53,53],"is_endless":false,"potions_floor_spawned":[2,6,8,10,11,16,18,21,22,30,33,35,36,40,47,48,54],"ascension_level":2}}