{"host":"qjv9b7mze4c73keh","time":1610911578,"event":{"mods":["BaseMod","Colored Map","Colored Powertips","DeckTracker","Highlight Path","Minty Spire (QoL Compilation)","Rare Cards Sparkle","Synergy Search","Unceasing Turn Reminder"],"gold_per_floor":[109,128,78,98,23,23,33,33,60,60,60,76,102,28,28,125,125,142,142,142,241,231,231,249,164,190,190,213,138,138,149,149,245,245,258,269,269,169,186,186,186],"floor_reached":40,"language":"RUS","playtime":2498,"items_purged":["Strike_G","Dodge and Roll"],"score":374,"play_id":"86ca9453-589e-46d9-b971-011efa72dc08","local_time":"20210118002618","is_ascension_mode":false,"campfire_choices":[{"data":"Deadly Poison","floor":6.0,"key":"SMITH"},{"data":"Poisoned Stab","floor":8.0,"key":"SMITH"},{"floor":15.0,"key":"REST"},{"floor":23,"key":"REST"},{"floor":27,"key":"REST"},{"floor":32,"key":"REST"}],"circlet_count":0,"master_deck":["Strike_G","Strike_G","Defend_G","Defend_G","Defend_G","Survivor","Neutralize","Deadly Poison+1","Dodge and Roll","Poisoned Stab+1","Noxious Fumes","Poisoned Stab","Deflect+1","Deadly Poison+1","Burst","Backstab","Noxious Fumes+1"],"relics":["Ring of the Snake","Omamori","Juzu Bracelet","Odd Mushroom","Philosopher\u0027s Stone","Lantern","Nunchaku","Centennial Puzzle","SlaversCollar"],"acts_visited":["Exordium","TheCity","TheBeyond"],"potions_floor_usage":[33,33,35,40,40,40],"damage_taken":[{"damage":2.0,"enemies":"Cultist","floor":1.0,"turns":4.0},{"damage":2.0,"enemies":"Small Slimes","floor":2.0,"turns":4.0},{"damage":1.0,"enemies":"Jaw Worm","floor":4.0,"turns":5.0},{"damage":0.0,"enemies":"Blue Slaver","floor":7.0,"turns":5.0},{"damage":16.0,"enemies":"Exordium Thugs","floor":12.0,"turns":5.0},{"damage":19.0,"enemies":"The Mushroom Lair","floor":13.0,"turns":4.0},{"damage":44.0,"enemies":"The Guardian","floor":16.0,"turns":9.0},{"damage":22,"enemies":"Chosen","floor":18,"turns":6},{"damage":13,"enemies":"2 Thieves","floor":22,"turns":4},{"damage":21,"enemies":"Shelled Parasite and Fungi","floor":24,"turns":7},{"damage":15,"enemies":"Snake Plant","floor":31,"turns":4},{"damage":79,"enemies":"Collector","floor":33,"turns":7},{"damage":26,"enemies":"3 Darklings","floor":35,"turns":7},{"damage":17,"enemies":"Orb Walker","floor":36,"turns":4},{"damage":13,"enemies":"Spire Growth","floor":39,"turns":4},{"damage":17,"enemies":"Giant Head","floor":40,"turns":6}],"seed_played":"-5346472056685978906","potions_obtained":[{"floor":2.0,"key":"FearPotion"},{"floor":4.0,"key":"Explosive Potion"},{"floor":16.0,"key":"CunningPotion"},{"floor":18,"key":"Regen Potion"},{"floor":33,"key":"EntropicBrew"}],"is_trial":false,"path_per_floor":["M","M","?","M","$","R","M","R","T","?","$","M","?","$","R","B",null,"M","?","?","?","M","R","M","?","T","R","T","?","?","M","R","B",null,"M","M","?","$","M","E"],"character_chosen":"THE_SILENT","items_purchased":["Noxious Fumes"],"campfire_rested":4,"item_purchase_floors":[14],"current_hp_per_floor":[68,66,66,65,65,65,65,65,65,65,65,49,30,30,51,7,70,48,70,70,70,57,70,49,49,49,70,70,70,70,55,70,6,70,44,27,27,27,14,0,0],"gold":186,"neow_bonus":"RANDOM_COMMON_RELIC","is_daily":false,"chose_seed":false,"campfire_upgraded":2,"win_rate":0.0,"timestamp":1610911578,"path_taken":["M","M","?","M","$","R","M","R","T","?","$","M","?","?","R","BOSS","M","?","?","?","M","R","M","?","T","R","?","?","?","M","R","BOSS","M","M","?","?","M","E"],"items_purchased_type":["Card"],"build_version":"2020-12-22","purchased_purges":2,"victory":false,"max_hp_per_floor":[70,70,70,70,70,70,70,70,70,70,70,70,70,70,70,70,70,70,70,70,70,70,70,70,70,70,70,70,70,70,70,70,70,70,70,70,70,70,70,70,70],"card_choices":[{"not_picked":["Endless Agony","Choke"],"picked":"Deadly Poison","floor":1.0},{"not_picked":["Backstab","Sucker Punch"],"picked":"Dodge and Roll","floor":2.0},{"not_picked":["Quick Slash","All Out Attack"],"picked":"Dodge and Roll","floor":4.0},{"not_picked":["Eviscerate","Dagger Spray"],"picked":"Poisoned Stab","floor":7.0},{"not_picked":["Dodge and Roll","Flying Knee","Prepared"],"picked":"SKIP","floor":12.0},{"not_picked":["Choke","Well Laid Plans"],"picked":"Poisoned Stab","floor":18},{"not_picked":["Underhanded Strike","Choke"],"picked":"Deflect+1","floor":22},{"not_picked":["Backflip","Bane+1"],"picked":"Deadly Poison+1","floor":24},{"not_picked":["Backflip","Prepared","Blade Dance"],"picked":"SKIP","floor":31},{"not_picked":["Corpse Explosion","Bullet Time"],"picked":"Burst","floor":33},{"not_picked":["Infinite Blades","Underhanded Strike"],"picked":"Backstab","floor":35},{"not_picked":["Riddle With Holes+1","Quick Slash","Flying Knee"],"picked":"SKIP","floor":36},{"not_picked":["Dodge and Roll+1","Acrobatics+1"],"picked":"Noxious Fumes+1","floor":39}],"player_experience":97990,"relics_obtained":[{"floor":9.0,"key":"Juzu Bracelet"},{"floor":13.0,"key":"Odd Mushroom"},{"floor":26,"key":"Nunchaku"},{"floor":28,"key":"Centennial Puzzle"}],"event_choices":[{"cards_removed":["Strike_G"],"damage_healed":0.0,"max_hp_gain":0.0,"max_hp_loss":0.0,"gold_gain":0.0,"event_name":"The Cleric","player_choice":"Card Removal","floor":3.0,"gold_loss":50.0,"damage_taken":0.0},{"damage_healed":0.0,"max_hp_gain":0.0,"max_hp_loss":0.0,"gold_gain":0.0,"event_name":"Scrap Ooze","player_choice":"Fled","floor":10.0,"gold_loss":0.0,"damage_taken":0.0},{"damage_healed":0.0,"max_hp_gain":0.0,"max_hp_loss":0.0,"gold_gain":0.0,"event_name":"Mushrooms","player_choice":"Fought Mushrooms","floor":13.0,"gold_loss":0.0,"damage_taken":0.0},{"damage_healed":23,"gold_gain":0,"player_choice":"Heal","damage_taken":0,"max_hp_gain":0,"max_hp_loss":0,"event_name":"The Library","floor":19,"gold_loss":0},{"damage_healed":0,"gold_gain":0,"player_choice":"Ignored","damage_taken":0,"max_hp_gain":0,"max_hp_loss":0,"event_name":"Ghosts","floor":20,"gold_loss":0},{"damage_healed":0,"gold_gain":99,"player_choice":"Stole From Cult","damage_taken":0,"max_hp_gain":0,"max_hp_loss":0,"event_name":"Nest","floor":21,"gold_loss":0},{"damage_healed":0,"gold_gain":0,"player_choice":"Obtained Relic","damage_taken":0,"relics_obtained":["Lantern"],"max_hp_gain":0,"max_hp_loss":0,"event_name":"Addict","floor":25,"gold_loss":85},{"cards_removed":["Strike_G"],"damage_healed":0,"gold_gain":0,"player_choice":"Gave Gold","damage_taken":0,"max_hp_gain":0,"max_hp_loss":0,"event_name":"Beggar","floor":29,"gold_loss":75},{"cards_removed":["Defend_G"],"damage_healed":0,"gold_gain":0,"player_choice":"Elegance","damage_taken":0,"max_hp_gain":0,"max_hp_loss":0,"event_name":"Back to Basics","floor":30,"gold_loss":0},{"cards_removed":["Defend_G"],"damage_healed":0,"gold_gain":0,"player_choice":"Offered Basic","damage_taken":0,"max_hp_gain":0,"max_hp_loss":0,"event_name":"Bonfire Elementals","floor":37,"gold_loss":0}],"is_beta":false,"boss_relics":[{"not_picked":["Coffee Dripper","Ectoplasm"],"picked":"Philosopher\u0027s Stone"},{"not_picked":["WristBlade","Runic Pyramid"],"picked":"SlaversCollar"}],"items_purged_floors":[5,38],"is_endless":false,"potions_floor_spawned":[2,4,16,18,33,35],"killed_by":"Giant Head","ascension_level":0}}