{"host":"r6jigiblrojhp6xe","time":1610906469,"event":{"mods":["AchievementEnabler","BaseMod","DeckTracker","Minty Spire (QoL Compilation)","Quick Restart","Rare Cards Sparkle","Relic Stats","Replay The Spire","StSLib","SuperFastMode","The Cursed","everything is the same but u backflip on backflip"],"gold_per_floor":[111,186,203,203,41,41,74,74,74,112,112,132,144,173,173,256,256,272,7,23,48,75,94,122,156,156,156,156,156,190,19,19,92,92],"floor_reached":33,"language":"KOR","playtime":909,"items_purged":["Strike_G","Strike_G"],"score":840,"play_id":"caa1bbdf-845f-4bc8-9ed5-54529631c265","local_time":"20210118030109","is_ascension_mode":true,"campfire_choices":[{"data":"Noxious Fumes","floor":6.0,"key":"SMITH"},{"data":"Crippling Poison","floor":8.0,"key":"SMITH"},{"data":"Neutralize","floor":11.0,"key":"SMITH"},{"floor":15.0,"key":"REST"},{"data":"Ghostly","floor":27.0,"key":"SMITH"},{"data":"Ghostly","floor":29.0,"key":"SMITH"},{"data":"Bouncing Flask","floor":32.0,"key":"SMITH"}],"circlet_count":0,"master_deck":["AscendersBane","Strike_G","Strike_G","Defend_G","Defend_G","Defend_G","Defend_G","Survivor","Neutralize+1","Replay:Poison Smokescreen","Crippling Poison+1","Flying Knee","Noxious Fumes+1","Blur","Bouncing Flask+1","Deadly Poison","ReplayTheSpireMod:From All Sides","PiercingWail","Ghostly+1","Ghostly+1","Ghostly","Calculated Gamble+1"],"relics":["Ring of the Snake","Pen Nib","Eternal Feather","CeramicFish","Philosopher\u0027s Stone","TwistedFunnel","Toy Ornithopter","Frozen Egg 2","Snake Skull"],"acts_visited":["Exordium","TheCity"],"potions_floor_usage":[],"damage_taken":[{"damage":2.0,"enemies":"Jaw Worm","floor":1.0,"turns":4.0},{"damage":1.0,"enemies":"Small Slimes","floor":3.0,"turns":5.0},{"damage":8.0,"enemies":"3 Sentries","floor":7.0,"turns":5.0},{"damage":24.0,"enemies":"Gremlin Nob","floor":10.0,"turns":4.0},{"damage":4.0,"enemies":"Cultist","floor":12.0,"turns":4.0},{"damage":4.0,"enemies":"Blue Slaver","floor":13.0,"turns":4.0},{"damage":9.0,"enemies":"3 Louse","floor":14.0,"turns":3.0},{"damage":12.0,"enemies":"Fading Forest","floor":16.0,"turns":7.0},{"damage":18.0,"enemies":"Shell Parasite","floor":18.0,"turns":5.0},{"damage":0.0,"enemies":"Spheric Guardian","floor":20.0,"turns":2.0},{"damage":6.0,"enemies":"Chosen and Byrds","floor":21.0,"turns":5.0},{"damage":0.0,"enemies":"Snecko","floor":23.0,"turns":4.0},{"damage":1.0,"enemies":"Centurion and Healer","floor":24.0,"turns":5.0},{"damage":24.0,"enemies":"Gremlin Leader","floor":25.0,"turns":5.0},{"damage":21.0,"enemies":"Slavers","floor":30.0,"turns":5.0},{"damage":18,"enemies":"Pondfish","floor":33,"turns":7}],"seed_played":"3400111108828445775","potions_obtained":[{"floor":3.0,"key":"Fire Potion"},{"floor":12.0,"key":"EssenceOfSteel"},{"floor":18.0,"key":"Explosive Potion"},{"floor":21.0,"key":"Block Potion"},{"floor":25.0,"key":"Explosive Potion"},{"floor":33,"key":"GamblersBrew"}],"is_trial":false,"path_per_floor":["M","?","M","?","$","R","E","R","T","E","R","M","M","M","R","B",null,"M","$","M","M","?","M","M","E","T","R","?","R","E","$","R","B"],"character_chosen":"THE_SILENT","items_purchased":["Noxious Fumes","TwistedFunnel","Snake Skull"],"campfire_rested":1,"item_purchase_floors":[5,19,31],"current_hp_per_floor":[57,46,45,45,45,45,37,37,37,13,22,18,14,5,33,21,55,37,37,37,31,31,31,30,6,6,18,18,30,12,12,24,6,6],"gold":92,"neow_bonus":"RANDOM_EVENT","is_daily":false,"chose_seed":false,"campfire_upgraded":6,"win_rate":0.0,"timestamp":1610906469,"path_taken":["M","?","M","?","$","R","E","R","T","E","R","M","?","M","R","BOSS","M","$","M","M","?","M","M","E","T","R","?","R","E","$","R","BOSS"],"items_purchased_type":["Card","Relic","Relic"],"build_version":"2020-12-22","purchased_purges":2,"victory":false,"max_hp_per_floor":[66,66,66,66,66,66,66,66,66,66,66,66,66,66,66,66,66,66,66,66,66,33,33,33,33,33,33,33,33,33,33,33,33,33],"relic_stats":{"counters":[16,74],"CeramicFish":81,"Eternal Feather":54,"Pen Nib":[4],"Snake Skull":[22],"obtain_stats":[{"TwistedFunnel":19,"CeramicFish":10,"Eternal Feather":9,"Philosopher\u0027s Stone":17,"Pen Nib":7,"Snake Skull":31,"Frozen Egg 2":30,"Toy Ornithopter":25,"Ring of the Snake":0},{"TwistedFunnel":9,"CeramicFish":4,"Eternal Feather":3,"Philosopher\u0027s Stone":8,"Pen Nib":3,"Snake Skull":15,"Frozen Egg 2":15,"Toy Ornithopter":14,"Ring of the Snake":0},{"TwistedFunnel":41,"CeramicFish":18,"Eternal Feather":14,"Philosopher\u0027s Stone":36,"Pen Nib":14,"Snake Skull":67,"Frozen Egg 2":67,"Toy Ornithopter":62,"Ring of the Snake":0}],"Toy Ornithopter":3,"Ring of the Snake":[32]},"card_choices":[{"not_picked":["Acrobatics","Cloak And Dagger"],"picked":"Crippling Poison","floor":1.0},{"not_picked":["ReplayTheSpireMod:Shiv Toss","Toxin Wave"],"picked":"Flying Knee","floor":3.0},{"not_picked":["Caltrops","Hidden Blade","Burst"],"picked":"SKIP","floor":7.0},{"not_picked":["Choke","Accuracy"],"picked":"Blur","floor":10.0},{"not_picked":["ReplayTheSpireMod:Tripwire","Sneak Up"],"picked":"Bouncing Flask","floor":12.0},{"not_picked":["Blade Dance","Cloak And Dagger","ReplayTheSpireMod:Exploit Weakness"],"picked":"SKIP","floor":13.0},{"not_picked":["Replay:Poison Smokescreen","Predator"],"picked":"Deadly Poison","floor":14.0},{"not_picked":["Storm of Steel","Bullet Time"],"picked":"ReplayTheSpireMod:From All Sides","floor":16.0},{"not_picked":["Hidden Blade","Prepared","Flying Knee"],"picked":"SKIP","floor":18.0},{"not_picked":["Dagger Throw","Deflect","Hidden Blade"],"picked":"SKIP","floor":20.0},{"not_picked":["Slice","Terror"],"picked":"PiercingWail","floor":21.0},{"not_picked":["Bouncing Flask","Cloak And Dagger","Hidden Blade+1"],"picked":"SKIP","floor":23.0},{"not_picked":["Accuracy+1","Noxious Fumes"],"picked":"Calculated Gamble+1","floor":24.0},{"not_picked":["Acrobatics","Sucker Punch","Outmaneuver"],"picked":"SKIP","floor":25.0},{"not_picked":["Dash","Dagger Spray","PiercingWail"],"picked":"SKIP","floor":30.0}],"player_experience":576799,"relics_obtained":[{"floor":7.0,"key":"Pen Nib"},{"floor":9.0,"key":"Eternal Feather"},{"floor":10.0,"key":"CeramicFish"},{"floor":25.0,"key":"Toy Ornithopter"},{"floor":30.0,"key":"Frozen Egg 2"}],"event_choices":[{"damage_healed":0.0,"max_hp_gain":0.0,"max_hp_loss":0.0,"gold_gain":0.0,"cards_transformed":["Strike_G"],"event_name":"Living Wall","player_choice":"Change","floor":0.0,"gold_loss":0.0,"damage_taken":0.0,"cards_obtained":["Replay:Poison Smokescreen"]},{"damage_healed":0.0,"max_hp_gain":0.0,"max_hp_loss":0.0,"gold_gain":75.0,"event_name":"World of Goop","player_choice":"Gather Gold","floor":2.0,"gold_loss":0.0,"damage_taken":11.0},{"cards_removed":["Defend_G"],"damage_healed":0.0,"max_hp_gain":0.0,"max_hp_loss":0.0,"gold_gain":0.0,"event_name":"Bonfire Elementals","player_choice":"Offered Basic","floor":4.0,"gold_loss":0.0,"damage_taken":0.0},{"damage_healed":0.0,"max_hp_gain":0.0,"max_hp_loss":33.0,"gold_gain":0.0,"event_name":"Ghosts","player_choice":"Became a Ghost","floor":22.0,"gold_loss":0.0,"damage_taken":0.0,"cards_obtained":["Ghostly","Ghostly","Ghostly"]},{"damage_healed":0.0,"max_hp_gain":0.0,"max_hp_loss":0.0,"gold_gain":0.0,"event_name":"Vampires","player_choice":"Ignored","floor":28.0,"gold_loss":0.0,"damage_taken":0.0}],"is_beta":false,"boss_relics":[{"not_picked":["Cursed Key","Velvet Choker"],"picked":"Philosopher\u0027s Stone"}],"items_purged_floors":[5,19],"is_endless":false,"potions_floor_spawned":[3,12,18,21,23,25,33],"killed_by":"Pondfish","ascension_level":20}}