{"host":"6mgmpue98l61x61q","time":1610853095,"event":{"mods":["BaseMod","Colored Map","Minty Spire (QoL Compilation)","Relic Stats"],"gold_per_floor":[115,133,145,73,73,117,117,155,155,179,179,220,239,262,262,385,385,385,325,325,250,250,250,5,5,5,5,5,5],"floor_reached":28,"language":"ENG","playtime":1924,"items_purged":[],"score":354,"play_id":"ef28f4cb-fd56-44bb-9cef-b7bd71e9a091","local_time":"20210116211135","is_ascension_mode":true,"campfire_choices":[{"data":"Vigilance","floor":7,"key":"SMITH"},{"floor":11,"key":"REST"},{"data":"ClearTheMind","floor":15,"key":"SMITH"},{"floor":23,"key":"REST"}],"circlet_count":0,"master_deck":["Strike_P","Strike_P","Strike_P","Strike_P","Defend_P","Defend_P","Defend_P","Eruption+1","Vigilance+1","CrushJoints","BowlingBash","ReachHeaven","BattleHymn","FlyingSleeves","ClearTheMind+1","Swivel","Perseverance","JustLucky","MasterReality+1","EmptyBody","MentalFortress+1","CarveReality"],"relics":["PureWater","Golden Idol","Shovel","Pantograph","Frozen Egg 2","Omamori","Ectoplasm","Yang","Ice Cream","Mercury Hourglass"],"acts_visited":["Exordium","TheCity"],"potions_floor_usage":[8,14,16,16,19],"damage_taken":[{"damage":0,"enemies":"2 Louse","floor":1,"turns":2},{"damage":0,"enemies":"Small Slimes","floor":2,"turns":2},{"damage":0,"enemies":"Jaw Worm","floor":3,"turns":3},{"damage":12,"enemies":"Lagavulin","floor":6,"turns":5},{"damage":0,"enemies":"Gremlin Nob","floor":8,"turns":2},{"damage":8,"enemies":"Blue Slaver","floor":10,"turns":3},{"damage":13,"enemies":"3 Sentries","floor":12,"turns":3},{"damage":1,"enemies":"Exordium Wildlife","floor":13,"turns":4},{"damage":2,"enemies":"Large Slime","floor":14,"turns":3},{"damage":30,"enemies":"The Guardian","floor":16,"turns":8},{"damage":5,"enemies":"Shell Parasite","floor":18,"turns":5},{"damage":22,"enemies":"2 Thieves","floor":19,"turns":4},{"damage":19,"enemies":"Cultist and Chosen","floor":20,"turns":8},{"damage":28,"enemies":"Slavers","floor":25,"turns":6},{"damage":15,"enemies":"Centurion and Healer","floor":28,"turns":2}],"seed_played":"1488355391951511680","potions_obtained":[{"floor":1,"key":"Ambrosia"},{"floor":2,"key":"Ambrosia"},{"floor":10,"key":"AttackPotion"},{"floor":13,"key":"Block Potion"},{"floor":16,"key":"SneckoOil"},{"floor":19,"key":"Dexterity Potion"}],"is_trial":false,"path_per_floor":["M","M","M","$","?","E","R","E","T","M","R","E","M","M","R","B",null,"M","M","M","?","?","R","$","E","T","$","M"],"character_chosen":"WATCHER","items_purchased":["BattleHymn","Yang"],"campfire_rested":2,"item_purchase_floors":[4,24],"current_hp_per_floor":[72,72,72,72,54,42,42,42,42,34,55,42,41,39,39,34,63,58,36,17,17,17,38,38,10,10,10,0,0],"gold":5,"neow_bonus":"UPGRADE_CARD","is_daily":false,"chose_seed":false,"campfire_upgraded":2,"win_rate":0.0,"timestamp":1610853095,"path_taken":["M","M","M","$","?","E","R","E","T","M","R","E","M","M","R","BOSS","M","M","M","?","?","R","?","E","T","$","?"],"items_purchased_type":["Card","Relic"],"build_version":"2020-12-22","purchased_purges":0,"victory":false,"max_hp_per_floor":[72,72,72,72,72,72,72,72,72,72,72,72,72,72,72,72,72,72,72,72,72,72,72,72,72,72,72,72,72],"relic_stats":{"Shovel":0,"counters":[15,60],"Golden Idol":79,"Pantograph":25,"Yang":[18],"Ectoplasm":134,"obtain_stats":[{"Ice Cream":25,"Shovel":6,"Golden Idol":5,"Pantograph":8,"Yang":24,"Ectoplasm":17,"Omamori":12,"PureWater":0,"Frozen Egg 2":9,"Mercury Hourglass":26},{"Ice Cream":14,"Shovel":4,"Golden Idol":3,"Pantograph":5,"Yang":13,"Ectoplasm":10,"Omamori":7,"PureWater":0,"Frozen Egg 2":5,"Mercury Hourglass":14},{"Ice Cream":58,"Shovel":12,"Golden Idol":7,"Pantograph":14,"Yang":52,"Ectoplasm":35,"Omamori":20,"PureWater":0,"Frozen Egg 2":14,"Mercury Hourglass":58}],"Mercury Hourglass":[12]},"card_choices":[{"not_picked":["Indignation","Wireheading"],"picked":"CrushJoints","floor":1},{"not_picked":["EmptyFist","FollowUp"],"picked":"BowlingBash","floor":2},{"not_picked":["Collect","FlyingSleeves"],"picked":"ReachHeaven","floor":3},{"not_picked":["EmptyMind","CrushJoints"],"picked":"FlyingSleeves","floor":6},{"not_picked":["EmptyBody","JustLucky"],"picked":"ClearTheMind","floor":8},{"not_picked":["Omniscience","BowlingBash"],"picked":"Swivel","floor":10},{"not_picked":["WindmillStrike","Alpha"],"picked":"Perseverance","floor":12},{"not_picked":["ForeignInfluence","Weave","BowlingBash"],"picked":"SKIP","floor":13},{"not_picked":["CrushJoints","BowlingBash"],"picked":"JustLucky","floor":14},{"not_picked":["Scrawl","DeusExMachina"],"picked":"MasterReality+1","floor":16},{"not_picked":["EmptyMind+1","Halt"],"picked":"EmptyBody","floor":18},{"not_picked":["Swivel+1","PathToVictory+1"],"picked":"MentalFortress+1","floor":19},{"not_picked":["Collect+1","FlurryOfBlows","Crescendo"],"picked":"SKIP","floor":20},{"not_picked":["FlurryOfBlows","Omniscience"],"picked":"CarveReality","floor":25}],"player_experience":585612,"relics_obtained":[{"floor":6,"key":"Shovel"},{"floor":8,"key":"Pantograph"},{"floor":9,"key":"Frozen Egg 2"},{"floor":12,"key":"Omamori"},{"floor":25,"key":"Ice Cream"},{"floor":26,"key":"Mercury Hourglass"}],"event_choices":[{"damage_healed":0,"gold_gain":0,"player_choice":"Take Damage","damage_taken":18,"relics_obtained":["Golden Idol"],"max_hp_gain":0,"max_hp_loss":0,"event_name":"Golden Idol","floor":5,"gold_loss":0},{"cards_removed":["Defend_P"],"damage_healed":0,"gold_gain":0,"player_choice":"Gave Gold","damage_taken":0,"max_hp_gain":0,"max_hp_loss":0,"event_name":"Beggar","floor":21,"gold_loss":75},{"damage_healed":0,"gold_gain":0,"player_choice":"Ignored","damage_taken":0,"max_hp_gain":0,"max_hp_loss":0,"event_name":"Ghosts","floor":22,"gold_loss":0}],"is_beta":false,"boss_relics":[{"not_picked":["Tiny House","Cursed Key"],"picked":"Ectoplasm"}],"items_purged_floors":[],"is_endless":false,"potions_floor_spawned":[1,2,10,13,16,19],"killed_by":"Centurion and Healer","ascension_level":5}}