{"host":"hy0jryqxzmxotc0g","time":1610894671,"event":{"mods":["BaseMod","BetterRewards","Minty Spire (QoL Compilation)","StSLib","The Bladedancer","The Bug Knight","The Cursed","The Disciple","The Exalted","The Saiyan","The Servant 0.9.4"],"gold_per_floor":[115,115,115,131,131,131,163,163,186,206,206,206,220,220,220,318,318,329,329,56,69,69,100,25,44,44,54,54,79,79,98,98,199,199,213,57,102,102,102,102,102],"floor_reached":40,"language":"FRA","playtime":3683,"items_purged":[],"score":425,"play_id":"e2761951-dd28-4647-a3e7-4753a191c4c2","local_time":"20210117154431","is_ascension_mode":false,"campfire_choices":[{"floor":6,"key":"RECALL"},{"data":"HollowMod:VengefulSpirit","floor":8,"key":"SMITH"},{"data":"HollowMod:NailStrikeStart","floor":11,"key":"SMITH"},{"data":"HollowMod:NailStrikeStart","floor":15,"key":"SMITH"},{"floor":28,"key":"REST"},{"floor":32,"key":"REST"}],"circlet_count":0,"master_deck":["HollowMod:NailStrikeStart+1","HollowMod:NailStrikeStart+1","HollowMod:NailStrikeStart+1","HollowMod:NailStrikeStart+1","HollowMod:QuickDashStart+1","HollowMod:QuickDashStart+1","HollowMod:QuickDashStart+1","HollowMod:QuickDashStart+1","HollowMod:FocusHealStart+1","HollowMod:PogoStrike","HollowMod:RecoilStrike","HollowMod:VengefulSpirit+1","HollowMod:MidwifesHunger","HollowMod:BaldurShell","HollowMod:NewLittleFool","HollowMod:Grubsong","HollowMod:MantisMark+1","HollowMod:NewJinnsSoul+1","HollowMod:WraithStrike","HollowMod:SlysStrikes","HollowMod:DashSlash+1"],"relics":["HollowMod:VesselMask","Omamori","HollowMod:PaleOreRelic","MealTicket","Fusion Hammer","Oddly Smooth Stone","Akabeko","War Paint","HollowMod:MillibellesNoteRelic","Bromod:ArcaneEnergize","Juzu Bracelet","Ginger"],"acts_visited":["Exordium","TheCity","TheBeyond"],"potions_floor_usage":[16,16,37,37,37],"damage_taken":[{"damage":3,"enemies":"Jaw Worm","floor":1,"turns":4},{"damage":0,"enemies":"Small Slimes","floor":4,"turns":3},{"damage":35,"enemies":"3 Sentries","floor":7,"turns":7},{"damage":0,"enemies":"Cultist","floor":10,"turns":2},{"damage":7,"enemies":"Exordium Wildlife","floor":13,"turns":3},{"damage":69,"enemies":"Slime Boss","floor":16,"turns":13},{"damage":5,"enemies":"Chosen","floor":18,"turns":4},{"damage":21,"enemies":"Spheric Guardian","floor":21,"turns":5},{"damage":25,"enemies":"HollowMod:Nosk","floor":23,"turns":8},{"damage":14,"enemies":"Centurion and Healer","floor":25,"turns":6},{"damage":24,"enemies":"Snake Plant","floor":27,"turns":4},{"damage":38,"enemies":"Snecko","floor":31,"turns":5},{"damage":29,"enemies":"HollowMod:NKGrimm","floor":33,"turns":14},{"damage":15,"enemies":"Orb Walker","floor":35,"turns":4},{"damage":69,"enemies":"2 Orb Walkers","floor":37,"turns":6},{"damage":44,"enemies":"Giant Head","floor":40,"turns":6}],"seed_played":"3163578168678762368","potions_obtained":[{"floor":1,"key":"Energy Potion"},{"floor":7,"key":"SteroidPotion"},{"floor":16,"key":"DistilledChaos"},{"floor":18,"key":"Energy Potion"},{"floor":25,"key":"Strength Potion"}],"is_trial":false,"path_per_floor":["M","?","?","M","?","R","E","R","T","M","R","?","M","T","R","B",null,"M","?","$","M","?","E","$","M","T","M","R","T","?","M","R","B",null,"M","$","?","$","?","E"],"character_chosen":"THE_BUGKNIGHT","items_purchased":["HollowMod:NewLittleFool","Oddly Smooth Stone","HollowMod:Grubsong","HollowMod:MantisMark","Juzu Bracelet"],"campfire_rested":2,"item_purchase_floors":[20,20,20,24,36],"current_hp_per_floor":[80,73,73,79,79,79,56,56,56,62,62,62,61,61,61,4,82,77,77,82,65,65,52,67,63,63,45,69,69,69,41,65,46,82,73,82,17,32,32,0,0],"gold":102,"neow_bonus":"TEN_PERCENT_HP_BONUS","is_daily":false,"chose_seed":false,"campfire_upgraded":3,"win_rate":0.0,"timestamp":1610894671,"path_taken":["M","?","?","?","?","R","E","R","T","M","R","?","?","?","R","BOSS","M","?","$","M","?","E","?","?","T","M","R","?","?","M","R","BOSS","M","?","?","$","?","E"],"items_purchased_type":["Card","Relic","Card","Card","Relic"],"build_version":"2020-12-22","purchased_purges":0,"victory":false,"max_hp_per_floor":[82,82,82,82,82,82,82,82,82,82,82,82,82,82,82,82,82,82,82,82,82,82,82,82,82,82,82,82,82,82,82,82,82,82,82,82,82,82,82,82,82],"card_choices":[{"not_picked":["HollowMod:HeavyBlow","HollowMod:SoulStrike"],"picked":"HollowMod:RecoilStrike","floor":1},{"not_picked":["HollowMod:GoodIntentions","HollowMod:SoulSplash"],"picked":"HollowMod:VengefulSpirit","floor":4},{"not_picked":["HollowMod:HuntersJournal","HollowMod:LifebloodCocoon"],"picked":"HollowMod:MidwifesHunger","floor":7},{"not_picked":["HollowMod:ShapeofUnn","HollowMod:RecoilStrike","HollowMod:HeavyBlow"],"picked":"SKIP","floor":10},{"not_picked":["HollowMod:NewLittleFool","HollowMod:DreamGate","HollowMod:CloakDash"],"picked":"SKIP","floor":13},{"not_picked":["HollowMod:VoidDash","HollowMod:HornetsHelp"],"picked":"HollowMod:ElderbugsWisdom","floor":16},{"not_picked":["HollowMod:DoubleDash+1","HollowMod:InfectedCysts"],"picked":"HollowMod:BaldurShell","floor":18},{"not_picked":["HollowMod:CoiledNail","HollowMod:DoubleDash+1","HollowMod:CrystalDash"],"picked":"SKIP","floor":21},{"not_picked":["HollowMod:GoodIntentions","HollowMod:QuirrelsAssistance","HollowMod:PerfectDash"],"picked":"SKIP","floor":23},{"not_picked":["HollowMod:SharpenedShadows","HollowMod:SoulStrike+1","HollowMod:VengefulVoid"],"picked":"SKIP","floor":25},{"not_picked":["HollowMod:InfectedCysts","HollowMod:InfectedAttack"],"picked":"HollowMod:NewJinnsSoul+1","floor":27},{"not_picked":["HollowMod:NewJinnsSoul","HollowMod:WraithStrike","HollowMod:SoulSplash+1"],"picked":"SKIP","floor":31},{"not_picked":["HollowMod:MidwifesHunger","HollowMod:Hiveblood"],"picked":"HollowMod:SlysStrikes","floor":33},{"not_picked":["HollowMod:ChannelNail+1","HollowMod:CloakDash+1","HollowMod:GoodIntentions+1"],"picked":"SKIP","floor":35},{"not_picked":["HollowMod:NewLittleFool+1","HollowMod:SharpenedNail+1"],"picked":"HollowMod:DashSlash+1","floor":37}],"player_experience":263613,"relics_obtained":[{"floor":7,"key":"HollowMod:PaleOreRelic"},{"floor":9,"key":"MealTicket"},{"floor":23,"key":"Akabeko"},{"floor":26,"key":"War Paint"},{"floor":29,"key":"HollowMod:MillibellesNoteRelic"},{"floor":37,"key":"Ginger"}],"event_choices":[{"damage_healed":0,"gold_gain":0,"player_choice":"Success","damage_taken":7,"relics_obtained":["Omamori"],"max_hp_gain":0,"max_hp_loss":0,"event_name":"Scrap Ooze","floor":2,"gold_loss":0},{"damage_healed":0,"gold_gain":0,"player_choice":"Upgraded","damage_taken":0,"max_hp_gain":0,"max_hp_loss":0,"event_name":"Upgrade Shrine","floor":3,"gold_loss":0,"cards_upgraded":["HollowMod:FocusHealStart"]},{"damage_healed":0,"gold_gain":0,"player_choice":"Ignored","damage_taken":0,"max_hp_gain":0,"max_hp_loss":0,"event_name":"NoteForYourself","floor":12,"gold_loss":0},{"damage_healed":0,"gold_gain":0,"player_choice":"Ignored","damage_taken":0,"max_hp_gain":0,"max_hp_loss":0,"event_name":"Vampires","floor":19,"gold_loss":0},{"damage_healed":0,"gold_gain":0,"player_choice":"Simplicity","damage_taken":0,"max_hp_gain":0,"max_hp_loss":0,"event_name":"Back to Basics","floor":22,"gold_loss":0,"cards_upgraded":["HollowMod:NailStrikeStart","HollowMod:NailStrikeStart","HollowMod:QuickDashStart","HollowMod:QuickDashStart","HollowMod:QuickDashStart","HollowMod:QuickDashStart"]},{"damage_healed":0,"gold_gain":0,"cards_transformed":["HollowMod:ElderbugsWisdom"],"player_choice":"Transformed","damage_taken":0,"max_hp_gain":0,"max_hp_loss":0,"event_name":"Transmorgrifier","floor":30,"gold_loss":0,"cards_obtained":["HollowMod:WraithStrike"]},{"damage_healed":0,"gold_gain":0,"player_choice":"Fight","damage_taken":0,"max_hp_gain":0,"max_hp_loss":0,"event_name":"Mysterious Sphere","floor":37,"gold_loss":0}],"is_beta":false,"boss_relics":[{"not_picked":["Runic Pyramid","Runic Dome"],"picked":"Fusion Hammer"},{"not_picked":["SlaversCollar","Velvet Choker"],"picked":"Bromod:ArcaneEnergize"}],"items_purged_floors":[],"is_endless":false,"potions_floor_spawned":[1,7,16,18,25,35],"killed_by":"Giant Head","ascension_level":0}}