{"host":"b1dzdo8uo7e6jx8g","time":1610918320,"event":{"mods":["AchievementEnabler","Astrologer","BaseMod","Colored Map","Highlight Path","Minty Spire (QoL Compilation)","StSLib"],"gold_per_floor":[112,112,125,137,312,344,113,127,154,62,79,79,79,95,95,198,198,216,4,103,29,29,29,46,58,58,38,38,67,67,67,67,163,163,174,174,29,44,21,21,21,48,130,130,40,57,57,75,75,75,75],"floor_reached":50,"language":"ENG","playtime":1655,"items_purged":["Doubt","Regret"],"score":561,"play_id":"6c10b296-9c17-4c4d-9455-49e896abd25f","local_time":"20210117221840","is_ascension_mode":false,"campfire_choices":[{"data":"Noxious Fumes","floor":15,"key":"SMITH"},{"floor":23,"key":"REST"},{"floor":32,"key":"REST"},{"data":"Envenom","floor":40,"key":"SMITH"},{"data":"After Image","floor":44,"key":"SMITH"},{"data":"A Thousand Cuts","floor":49,"key":"SMITH"}],"circlet_count":0,"master_deck":["Strike_G","Strike_G","Strike_G","Strike_G","Strike_G","Defend_G+1","Defend_G","Defend_G","Survivor","Neutralize","Cloak And Dagger","Adrenaline","Heel Hook","Bandage Up+1","Noxious Fumes+1","Panache","Burst","A Thousand Cuts+1","Trip","Slice","Blade Dance","Backstab","Backstab","Ghostly","Ghostly","Ghostly","Ghostly","Ghostly","A Thousand Cuts","CurseOfTheBell","Slice+1","Outmaneuver","Dramatic Entrance+1","Envenom+1","Slice","Blade Dance","After Image+1","Good Instincts","Dramatic Entrance","Parasite"],"relics":["Ring of the Snake","NeowsBlessing","Dream Catcher","Membership Card","Pantograph","Blood Vial","Philosopher\u0027s Stone","Ornamental Fan","Nunchaku","Bottled Lightning","War Paint","Bottled Tornado","Ninja Scroll","Calling Bell","Happy Flower","Pear","Incense Burner","Lee\u0027s Waffle","PreservedInsect","Eternal Feather"],"acts_visited":["Exordium","TheCity","TheBeyond"],"potions_floor_usage":[6,29,35,50],"damage_taken":[{"damage":0,"enemies":"2 Louse","floor":1,"turns":1},{"damage":0,"enemies":"Cultist","floor":3,"turns":1},{"damage":0,"enemies":"Jaw Worm","floor":4,"turns":1},{"damage":23,"enemies":"3 Sentries","floor":6,"turns":11},{"damage":1,"enemies":"Blue Slaver","floor":8,"turns":3},{"damage":2,"enemies":"Large Slime","floor":11,"turns":5},{"damage":3,"enemies":"2 Fungi Beasts","floor":14,"turns":3},{"damage":45,"enemies":"The Guardian","floor":16,"turns":12},{"damage":40,"enemies":"Shell Parasite","floor":18,"turns":7},{"damage":16,"enemies":"2 Thieves","floor":24,"turns":3},{"damage":8,"enemies":"Snake Plant","floor":25,"turns":4},{"damage":40,"enemies":"Book of Stabbing","floor":29,"turns":5},{"damage":16,"enemies":"Automaton","floor":33,"turns":8},{"damage":2,"enemies":"3 Darklings","floor":35,"turns":5},{"damage":0,"enemies":"Orb Walker","floor":38,"turns":2},{"damage":37,"enemies":"Nemesis","floor":42,"turns":7},{"damage":2,"enemies":"Sphere and 2 Shapes","floor":46,"turns":2},{"damage":0,"enemies":"Writhing Mass","floor":48,"turns":8},{"damage":103,"enemies":"Time Eater","floor":50,"turns":11}],"seed_played":"8955158352396493272","potions_obtained":[{"floor":3,"key":"LiquidMemories"},{"floor":4,"key":"Dexterity Potion"},{"floor":14,"key":"Energy Potion"},{"floor":25,"key":"Fire Potion"},{"floor":33,"key":"Energy Potion"},{"floor":35,"key":"Regen Potion"}],"is_trial":false,"path_per_floor":["M","?","M","M","?","E","$","M","T","$","M","T","?","M","R","B",null,"M","$","?","$","?","R","M","M","T","$","T","E","?","T","R","B",null,"M","?","$","M","$","R","$","E","T","R","?","M","?","M","R","B"],"character_chosen":"THE_SILENT","items_purchased":["Membership Card","Bandage Up","Panache","Ornamental Fan","Trip","Nunchaku","Backstab","Lee\u0027s Waffle","Envenom","Blade Dance"],"campfire_rested":2,"item_purchase_floors":[7,7,10,19,19,21,27,37,37,39],"current_hp_per_floor":[70,70,70,70,70,47,47,50,50,50,52,52,52,55,55,29,70,34,34,34,34,34,55,45,43,43,43,43,11,11,11,21,25,45,45,45,52,52,52,52,52,15,15,36,36,36,31,39,52,0,0],"gold":75,"neow_bonus":"THREE_ENEMY_KILL","is_daily":false,"chose_seed":false,"campfire_upgraded":4,"win_rate":0.0,"timestamp":1610918320,"path_taken":["M","?","?","M","?","E","?","M","T","$","M","?","?","M","R","BOSS","M","$","?","$","?","R","M","M","T","$","?","E","?","?","R","BOSS","M","?","$","M","$","R","?","E","T","R","?","?","?","M","R","BOSS"],"items_purchased_type":["Relic","Card","Card","Relic","Card","Relic","Card","Relic","Card","Card"],"build_version":"2020-12-22","purchased_purges":2,"victory":false,"max_hp_per_floor":[70,70,70,70,70,70,70,70,70,70,70,70,70,70,70,70,70,70,70,70,70,70,70,70,70,70,70,70,70,35,35,35,35,45,45,45,52,52,52,52,52,52,52,52,52,52,52,52,52,52,52],"card_choices":[{"not_picked":["Dagger Spray","Dagger Throw"],"picked":"Cloak And Dagger","floor":1},{"not_picked":["Prepared","PiercingWail"],"picked":"Heel Hook","floor":3},{"not_picked":["PiercingWail","Well Laid Plans","Prepared"],"picked":"SKIP","floor":4},{"not_picked":["Expertise","Bane","Setup"],"picked":"SKIP","floor":6},{"not_picked":["Underhanded Strike","Dagger Spray"],"picked":"Noxious Fumes","floor":8},{"not_picked":["Noxious Fumes","Dodge and Roll"],"picked":"Burst","floor":11},{"not_picked":["Noxious Fumes","Prepared","Poisoned Stab"],"picked":"SKIP","floor":14},{"not_picked":["Corpse Explosion","Unload"],"picked":"A Thousand Cuts","floor":16},{"not_picked":["Predator","Masterful Stab","Sucker Punch"],"picked":"SKIP","floor":18},{"not_picked":["Underhanded Strike","Dagger Throw","Dodge and Roll+1"],"picked":"SKIP","floor":24},{"not_picked":["Calculated Gamble","Reflex+1"],"picked":"Blade Dance","floor":25},{"not_picked":["Bouncing Flask","Predator"],"picked":"Backstab","floor":29},{"not_picked":["Cloak And Dagger","Deflect"],"picked":"A Thousand Cuts","floor":32},{"not_picked":["Dagger Spray+1","Deadly Poison+1"],"picked":"Slice+1","floor":35},{"not_picked":["Crippling Poison","Deadly Poison+1"],"picked":"Slice","floor":38},{"not_picked":["Malaise","Blur"],"picked":"After Image","floor":42},{"not_picked":["Deflect+1","Escape Plan+1","Prepared+1"],"picked":"SKIP","floor":46},{"not_picked":["Impatience","Mind Blast"],"picked":"Good Instincts","floor":47},{"not_picked":["Good Instincts","Bandage Up"],"picked":"Dramatic Entrance","floor":47},{"not_picked":["Footwork+1","Underhanded Strike+1","Flying Knee"],"picked":"SKIP","floor":48}],"player_experience":205687,"relics_obtained":[{"floor":6,"key":"Dream Catcher"},{"floor":12,"key":"Pantograph"},{"floor":26,"key":"Bottled Lightning"},{"floor":28,"key":"War Paint"},{"floor":29,"key":"Bottled Tornado"},{"floor":31,"key":"Ninja Scroll"},{"floor":34,"key":"Happy Flower"},{"floor":34,"key":"Pear"},{"floor":34,"key":"Incense Burner"},{"floor":42,"key":"PreservedInsect"},{"floor":43,"key":"Eternal Feather"}],"event_choices":[{"damage_healed":0,"gold_gain":0,"cards_transformed":["Defend_G"],"player_choice":"Transformed","damage_taken":0,"max_hp_gain":0,"max_hp_loss":0,"event_name":"Transmorgrifier","floor":2,"gold_loss":0,"cards_obtained":["Adrenaline"]},{"damage_healed":0,"gold_gain":175,"player_choice":"AGREE","damage_taken":0,"max_hp_gain":0,"max_hp_loss":0,"event_name":"Liars Game","floor":5,"gold_loss":0,"cards_obtained":["Doubt"]},{"damage_healed":0,"gold_gain":0,"player_choice":"Box","damage_taken":0,"relics_obtained":["Blood Vial"],"max_hp_gain":0,"max_hp_loss":0,"event_name":"Big Fish","floor":13,"gold_loss":0,"cards_obtained":["Regret"]},{"damage_healed":0,"gold_gain":99,"player_choice":"Stole From Cult","damage_taken":0,"max_hp_gain":0,"max_hp_loss":0,"event_name":"Nest","floor":20,"gold_loss":0},{"damage_healed":0,"gold_gain":0,"player_choice":"Read","damage_taken":0,"max_hp_gain":0,"max_hp_loss":0,"event_name":"The Library","floor":22,"gold_loss":0,"cards_obtained":["Slice"]},{"damage_healed":0,"gold_gain":0,"player_choice":"Became a Ghost","damage_taken":0,"max_hp_gain":0,"max_hp_loss":35,"event_name":"Ghosts","floor":30,"gold_loss":0,"cards_obtained":["Ghostly","Ghostly","Ghostly","Ghostly","Ghostly"]},{"damage_healed":0,"gold_gain":0,"player_choice":"2 cards matched","damage_taken":0,"max_hp_gain":0,"max_hp_loss":0,"event_name":"Match and Keep!","floor":36,"gold_loss":0,"cards_obtained":["Outmaneuver","Dramatic Entrance"]},{"cards_removed":["Defend_G"],"damage_healed":0,"gold_gain":0,"player_choice":"Upgrade and Remove","damage_taken":0,"max_hp_gain":0,"max_hp_loss":0,"event_name":"Designer","floor":45,"gold_loss":90,"cards_upgraded":["Dramatic Entrance"]},{"damage_healed":0,"gold_gain":0,"player_choice":"Memory 2","damage_taken":5,"max_hp_gain":0,"max_hp_loss":0,"event_name":"SensoryStone","floor":47,"gold_loss":0}],"is_beta":false,"boss_relics":[{"not_picked":["Black Star","Cursed Key"],"picked":"Philosopher\u0027s Stone"},{"not_picked":["Coffee Dripper","Tiny House"],"picked":"Calling Bell"}],"items_purged_floors":[7,19],"is_endless":false,"potions_floor_spawned":[3,4,14,25,33,35,48],"killed_by":"Time Eater","ascension_level":0}}