{"host":"0997y4wz57mwz0jp","time":1610900298,"event":{"mods":["2.2 Compatiblity","AchievementEnabler","BaseMod","CapriCore","Hermit","Koishi","Marisa£¨Ùöéë¡¡Øª×âÞÞ£©","Minty Spire (QoL Compilation)","StSLib","The Cursed","The Dragon Tamer","The Gatherer","The Hierophant","The Immortal"],"gold_per_floor":[119,294,294,317,329,341,341],"floor_reached":6,"language":"KOR","playtime":409,"items_purged":[],"score":34,"play_id":"afba4a19-d262-4a88-a415-618027053124","local_time":"20210118011818","is_ascension_mode":false,"campfire_choices":[],"circlet_count":0,"master_deck":["Koishi:BasicStrike","Koishi:BasicStrike","Koishi:BasicStrike","Koishi:BasicStrike","Koishi:BasicDefend","Koishi:BasicDefend","Koishi:BasicDefend","Koishi:BasicDefend","Koishi:Provoke","Koishi:HauntingSlash","Koishi:JumpScare","Doubt","Regret","Koishi:ReflexRadar"],"relics":["Koishi:ImaginaryFriend","Orichalcum","MawBank","Golden Idol"],"acts_visited":["Exordium"],"potions_floor_usage":[6],"damage_taken":[{"damage":0,"enemies":"2 Louse","floor":1,"turns":4},{"damage":4,"enemies":"Small Slimes","floor":4,"turns":5},{"damage":48,"enemies":"Lagavulin","floor":6,"turns":11}],"seed_played":"-6200301898557494376","potions_obtained":[{"floor":4,"key":"LiquidBronze"}],"is_trial":false,"path_per_floor":["M","?","?","M","?","E"],"character_chosen":"KOISHI","items_purchased":[],"campfire_rested":0,"item_purchase_floors":[],"current_hp_per_floor":[60,60,60,59,44,0,0],"gold":341,"neow_bonus":"RANDOM_COMMON_RELIC","is_daily":false,"chose_seed":false,"campfire_upgraded":0,"win_rate":0.0,"timestamp":1610900298,"path_taken":["M","?","?","M","?","E"],"items_purchased_type":[],"build_version":"2020-12-22","purchased_purges":0,"victory":false,"max_hp_per_floor":[60,60,60,60,60,60,60],"card_choices":[{"not_picked":["Koishi:BloodcurdlingScream","Koishi:SubconsciousSweep"],"picked":"Koishi:JumpScare","floor":1},{"not_picked":["Koishi:UnansweredLove","Koishi:MindNumbingTerror"],"picked":"Koishi:ReflexRadar","floor":4}],"player_experience":107891,"relics_obtained":[],"event_choices":[{"damage_healed":0,"gold_gain":175,"player_choice":"AGREE","damage_taken":0,"max_hp_gain":0,"max_hp_loss":0,"event_name":"Liars Game","floor":2,"gold_loss":0,"cards_obtained":["Doubt"]},{"damage_healed":0,"gold_gain":0,"player_choice":"Box","damage_taken":0,"relics_obtained":["MawBank"],"max_hp_gain":0,"max_hp_loss":0,"event_name":"Big Fish","floor":3,"gold_loss":0,"cards_obtained":["Regret"]},{"damage_healed":0,"gold_gain":0,"player_choice":"Take Damage","damage_taken":15,"relics_obtained":["Golden Idol"],"max_hp_gain":0,"max_hp_loss":0,"event_name":"Golden Idol","floor":5,"gold_loss":0}],"is_beta":false,"boss_relics":[],"items_purged_floors":[],"is_endless":false,"potions_floor_spawned":[4],"killed_by":"Lagavulin","ascension_level":0}}