{"host":"8lgo2trwv2o0qyml","time":1610894424,"event":{"mods":["BaseMod","Colored Map","Colored Powertips","DeckTracker","Highlight Path","Hubris","Infinite Spire","Minty Spire (QoL Compilation)","Quick Restart","Random Character Button","Relic Sorter","Replay The Spire","StSLib","SuperFastMode","Synergy Search"],"gold_per_floor":[113,123,123,147,163,198,198,212,212,239,239,6,6,19,19,19,19],"floor_reached":16,"playtime":667,"items_purged":[],"score":110,"play_id":"5b850534-cbfd-4e12-9f9f-054c4efc5061","local_time":"20210117094024","is_ascension_mode":false,"campfire_choices":[{"floor":7,"key":"REST"},{"floor":11,"key":"DIG"},{"floor":15,"key":"DIG"}],"circlet_count":0,"master_deck":["Strike_R","Strike_R","Strike_R","Strike_R","Strike_R+1","Defend_R","Defend_R","Defend_R","Defend_R","Bash","Exhume","hubris:CleavingFinish","Intimidate","Fire Breathing","Whirlwind","Rampage","Double Tap+1","Metallicize","Iron Wave","ReplayTheSpireMod:Muscle Training"],"relics":["Burning Blood","Gremlin Food","Bronze Scales","hubris:CuriousFeather","Shovel","Orichalcum","infinitespire:Bottled Soul"],"acts_visited":["Exordium"],"potions_floor_usage":[6,16,16],"damage_taken":[{"damage":5,"enemies":"Jaw Worm","floor":1,"turns":4},{"damage":1,"enemies":"Cultist","floor":2,"turns":4},{"damage":6,"enemies":"Small Slimes","floor":5,"turns":5},{"damage":29,"enemies":"Gremlin Nob","floor":6,"turns":4},{"damage":12,"enemies":"Exordium Wildlife","floor":8,"turns":3},{"damage":20,"enemies":"3 Sentries","floor":10,"turns":5},{"damage":6,"enemies":"2 Fungi Beasts","floor":14,"turns":4},{"damage":45,"enemies":"The Guardian","floor":16,"turns":9}],"seed_played":"-8189862583767419406","potions_obtained":[{"floor":1,"key":"Block Potion"},{"floor":5,"key":"PowerPotion"},{"floor":14,"key":"ColorlessPotion"}],"is_trial":false,"path_per_floor":["M","M","?","T","M","E","R","M","T","E","R","$","?","M","R_BF","B"],"character_chosen":"IRONCLAD","items_purchased":["Double Tap+1","Metallicize","Iron Wave"],"campfire_rested":1,"item_purchase_floors":[12,12,12],"current_hp_per_floor":[57,62,62,62,62,39,63,57,57,43,43,43,43,43,43,0,0],"gold":19,"neow_bonus":"THREE_RARE_CARDS","is_daily":false,"chose_seed":false,"campfire_upgraded":0,"win_rate":0.0,"timestamp":1610894424,"path_taken":["M","M","?","?","M","E","R","?","T","E","R","$","?","M","R_BF","BOSS"],"items_purchased_type":["Card","Card","Card"],"build_version":"2020-12-22","purchased_purges":0,"victory":false,"max_hp_per_floor":[80,80,80,80,80,80,80,80,80,80,80,80,80,80,80,80,80],"card_choices":[{"not_picked":["Demon Form","Hemogenesis"],"picked":"Exhume","floor":0},{"not_picked":["ReplayTheSpireMod:Strike From Hell","Armaments"],"picked":"hubris:CleavingFinish","floor":1},{"not_picked":["Thunderclap","Run Through"],"picked":"Intimidate","floor":2},{"not_picked":["Flex","Warcry"],"picked":"Fire Breathing","floor":5},{"not_picked":["Iron Wave","ReplayReversal"],"picked":"Whirlwind","floor":6},{"not_picked":["Body Slam","Sword Boomerang","Blood for Blood"],"picked":"SKIP","floor":8},{"not_picked":["ReplayReversal","ReplayTheSpireMod:Limb From Limb"],"picked":"Rampage","floor":10},{"not_picked":["Sword Boomerang","Brutality"],"picked":"ReplayTheSpireMod:Muscle Training","floor":14}],"player_experience":81927,"relics_obtained":[{"floor":4,"key":"Gremlin Food"},{"floor":6,"key":"Bronze Scales"},{"floor":9,"key":"hubris:CuriousFeather"},{"floor":10,"key":"Shovel"},{"floor":11,"key":"Orichalcum"},{"floor":15,"key":"infinitespire:Bottled Soul"}],"event_choices":[{"damage_healed":0,"gold_gain":0,"player_choice":"Ignored","damage_taken":0,"max_hp_gain":0,"max_hp_loss":0,"event_name":"Golden Wing","floor":3,"gold_loss":0},{"damage_healed":0,"gold_gain":0,"player_choice":"Ignored","damage_taken":0,"max_hp_gain":0,"max_hp_loss":0,"event_name":"NoteForYourself","floor":13,"gold_loss":0}],"is_beta":false,"boss_relics":[],"items_purged_floors":[],"is_endless":false,"potions_floor_spawned":[1,5,14],"killed_by":"The Guardian","ascension_level":0}}