{"host":"u9h06qdlnp3wgzsw","time":1610873157,"event":{"mods":["BaseMod","Downfall","Hermit","Minty Spire (QoL Compilation)","Rare Cards Sparkle","Shop Mod","StSLib","The Hierophant"],"gold_per_floor":[99,116,22,39,55,75,75,75,92,92,29,60,60,60,80,185,185,85,104,15,31,16,16,16,1,1,1,19,19,30,30,30],"floor_reached":31,"language":"ENG","playtime":3969,"items_purged":[],"score":235,"play_id":"2711c302-522c-4c55-9cb7-72a618a6ae51","local_time":"20210117034557","is_ascension_mode":false,"campfire_choices":[{"floor":1,"key":"REST"},{"floor":8,"key":"REST"},{"floor":13,"key":"RECALL"},{"data":"bronze:AlphaBuild","floor":18,"key":"SMITH"},{"floor":26,"key":"REST"},{"floor":29,"key":"REST"}],"circlet_count":0,"master_deck":["bronze:Strike","bronze:Strike","bronze:Strike","bronze:Strike","bronze:Defend","bronze:Defend","bronze:Defend","bronze:Defend","bronze:Replicate","bronze:Goto","bronze:Verify+1","bronze:ChildClass","bronze:Fortify","bronze:ChildClass","bronze:Constructor","bronze:Optimize","bronze:WhirlingStrike","bronze:Shell+1","bronze:Frontload","bronze:Safeguard","bronze:ForceShield","bronze:AlphaBuild+1","bronze:Return+1","bronze:Separator","bronze:Terminator+1","bronze:CloningBeam","Pride","bronze:Shell","bronze:Deprecate"],"relics":["bronze:BronzeCore","InkBottle","hexamod:CandleOfCauterizing","SacredBark","downfall:HeartBlessingRed","Matryoshka","Omamori"],"acts_visited":["Exordium","TheCity"],"potions_floor_usage":[3,6,16,16,25,28,30],"damage_taken":[{"damage":2,"enemies":"Cultist","floor":2,"turns":5},{"damage":3,"enemies":"downfall:FleeingMerchant","floor":3,"turns":4},{"damage":0,"enemies":"Small Slimes","floor":4,"turns":2},{"damage":2,"enemies":"2 Louse","floor":5,"turns":3},{"damage":16,"enemies":"Lots of Slimes","floor":6,"turns":5},{"damage":9,"enemies":"2 Fungi Beasts","floor":9,"turns":4},{"damage":0,"enemies":"downfall:FleeingMerchant","floor":11,"turns":4},{"damage":15,"enemies":"3 Sentries","floor":12,"turns":10},{"damage":4,"enemies":"3 Louse","floor":15,"turns":5},{"damage":30,"enemies":"DF_ARCHETYPE_STREAMLINE","floor":16,"turns":20},{"damage":29,"enemies":"Spheric Guardian","floor":19,"turns":8},{"damage":15,"enemies":"downfall:FleeingMerchant","floor":20,"turns":4},{"damage":1,"enemies":"Chosen","floor":21,"turns":3},{"damage":2,"enemies":"downfall:FleeingMerchant","floor":22,"turns":4},{"damage":12,"enemies":"downfall:FleeingMerchant","floor":25,"turns":4},{"damage":12,"enemies":"Centurion and Healer","floor":28,"turns":12},{"damage":27,"enemies":"Shelled Parasite and Fungi","floor":30,"turns":10},{"damage":14,"enemies":"Snake Plant","floor":31,"turns":1}],"seed_played":"3098115847147617703","potions_obtained":[{"floor":2,"key":"Dexterity Potion"},{"floor":4,"key":"Strength Potion"},{"floor":12,"key":"BlessingOfTheForge"},{"floor":15,"key":"Weak Potion"},{"floor":19,"key":"Dexterity Potion"},{"floor":28,"key":"Strength Potion"},{"floor":30,"key":"LiquidBronze"}],"is_trial":false,"path_per_floor":["R","M","$","M","M","M","T","R","M","?","$","E","R","?","M","B",null,"R","M","$","M","$","?","T","$","R","?","M","R","M","M"],"character_chosen":"THE_AUTOMATON","items_purchased":["bronze:Fortify","bronze:Frontload","EssenceOfSteel"],"campfire_rested":4,"item_purchase_floors":[3,11,20],"current_hp_per_floor":[70,68,65,65,63,47,47,68,59,70,70,55,55,55,51,21,70,70,41,26,25,23,23,23,11,31,31,19,39,12,0,0],"gold":30,"neow_bonus":"THREE_RARE_CARDS","is_daily":false,"chose_seed":false,"campfire_upgraded":1,"win_rate":0.0,"timestamp":1610873157,"path_taken":["R","M","$","M","M","M","T","R","?","?","?","E","R","?","M","BOSS","R","M","$","M","?","?","T","$","R","?","M","R","M","M"],"items_purchased_type":["Card","Card","Potion"],"build_version":"2020-12-22","purchased_purges":0,"victory":false,"max_hp_per_floor":[70,70,70,70,70,70,70,70,70,70,70,70,70,70,70,70,70,70,70,70,70,70,67,67,67,67,67,67,67,67,67,67],"card_choices":[{"not_picked":["bronze:HyperBeam","bronze:BurnOut"],"picked":"bronze:Verify","floor":0},{"not_picked":["bronze:ItsAFeature","bronze:Overload","bronze:Turbo"],"picked":"SKIP","floor":2},{"not_picked":["bronze:BronzeOrb","bronze:OilSpill"],"picked":"bronze:ChildClass","floor":3},{"not_picked":["bronze:Deprecate","bronze:Overheat"],"picked":"bronze:ChildClass","floor":4},{"not_picked":["bronze:DelayedGuard","bronze:ChildClass"],"picked":"bronze:Constructor","floor":5},{"not_picked":["bronze:Constructor","bronze:InfiniteBeams"],"picked":"bronze:Optimize","floor":6},{"not_picked":["bronze:Safeguard","bronze:FollowUp"],"picked":"bronze:WhirlingStrike","floor":9},{"not_picked":["bronze:DelayedSlice","bronze:Backtrace"],"picked":"bronze:Shell","floor":11},{"not_picked":["bronze:BitShift","bronze:ClassDefault"],"picked":"bronze:Safeguard","floor":12},{"not_picked":["bronze:FollowUp","bronze:CutThrough"],"picked":"bronze:ForceShield","floor":15},{"not_picked":["bronze:ShipIt","bronze:Mutator"],"picked":"bronze:AlphaBuild","floor":16},{"not_picked":["bronze:Shield","bronze:Philosophize"],"picked":"bronze:Return+1","floor":19},{"not_picked":["bronze:WildBeam+1","bronze:DarkDash"],"picked":"bronze:Separator","floor":20},{"not_picked":["bronze:Backtrace+1","bronze:FollowUp","bronze:Invalidate"],"picked":"SKIP","floor":21},{"not_picked":["bronze:DelayedGuard+1","bronze:HardenedForm"],"picked":"bronze:Terminator+1","floor":22},{"not_picked":["bronze:Constructor","bronze:Overheat"],"picked":"bronze:CloningBeam","floor":25},{"not_picked":["bronze:FineTuning","bronze:DelayedGuard"],"picked":"bronze:Shell","floor":28},{"not_picked":["bronze:Flail+1","bronze:Turbo"],"picked":"bronze:Deprecate","floor":30}],"player_experience":785717,"relics_obtained":[{"floor":7,"key":"InkBottle"},{"floor":12,"key":"hexamod:CandleOfCauterizing"},{"floor":24,"key":"Matryoshka"}],"event_choices":[{"damage_healed":11,"gold_gain":0,"player_choice":"Full Heal","damage_taken":0,"max_hp_gain":0,"max_hp_loss":0,"event_name":"Wheel of Change","floor":10,"gold_loss":0},{"damage_healed":0,"gold_gain":0,"player_choice":"Stole Relic","damage_taken":0,"relics_obtained":["Omamori"],"max_hp_gain":0,"max_hp_loss":0,"event_name":"Addict","floor":27,"gold_loss":0,"cards_obtained":["Pride"]}],"is_beta":false,"boss_relics":[{"not_picked":["Snecko Eye","Sozu"],"picked":"SacredBark"}],"items_purged_floors":[],"is_endless":false,"potions_floor_spawned":[2,4,12,15,19,28,30],"killed_by":"Snake Plant","ascension_level":0}}