{"host":"7l2t4psy44vpcd9q","time":1610902687,"event":{"mods":["AchievementEnabler","BaseMod","DeckTracker","Minty Spire (QoL Compilation)","SuperFastMode"],"gold_per_floor":[109,209,223,223,148,148,178,198,198,216,216,26,26,41,41,115,115,125,135,28,41,41,41,41,41,41,73,83,94,110,135,135,209,209,220,235,251,211,223,223,223,223],"floor_reached":41,"language":"KOR","playtime":1847,"items_purged":["Strike_B"],"score":920,"play_id":"c43ff908-3792-4d96-8bb5-bfc2799b4038","local_time":"20210118015807","is_ascension_mode":true,"campfire_choices":[{"data":"Defragment","floor":11.0,"key":"SMITH"},{"data":"Electrodynamics","floor":13.0,"key":"SMITH"},{"data":"Zap","floor":15.0,"key":"SMITH"},{"floor":23.0,"key":"REST"},{"data":"1","floor":25.0,"key":"LIFT"},{"floor":32.0,"key":"REST"},{"floor":40.0,"key":"REST"}],"circlet_count":0,"master_deck":["AscendersBane","Strike_B","Defend_B","Defend_B","Defend_B","Zap+1","Dualcast","Sweeping Beam","Tempest","Defragment+1","Zap","FTL","Ball Lightning","Chill","Electrodynamics+1","Stack","Machine Learning","Conserve Battery","Self Repair","Undo","Auto Shields","Glacier","Creative AI","Compile Driver","Defragment","Creative AI+1","Sunder+1","Capacitor+1","Turbo","Recycle+1"],"relics":["Cracked Core","NeowsBlessing","Girya","The Courier","Lantern","Fusion Hammer","Bottled Tornado","DataDisk","Potion Belt","Astrolabe"],"acts_visited":["Exordium","TheCity","TheBeyond"],"potions_floor_usage":[41,41,41],"damage_taken":[{"damage":0.0,"enemies":"2 Louse","floor":1.0,"turns":1.0},{"damage":0.0,"enemies":"Cultist","floor":3.0,"turns":1.0},{"damage":0.0,"enemies":"3 Sentries","floor":7.0,"turns":1.0},{"damage":6.0,"enemies":"Small Slimes","floor":8.0,"turns":3.0},{"damage":22.0,"enemies":"Exordium Thugs","floor":10.0,"turns":4.0},{"damage":7.0,"enemies":"2 Fungi Beasts","floor":14.0,"turns":3.0},{"damage":12.0,"enemies":"The Guardian","floor":16.0,"turns":7.0},{"damage":27.0,"enemies":"3 Byrds","floor":18.0,"turns":4.0},{"damage":15.0,"enemies":"2 Thieves","floor":19.0,"turns":3.0},{"damage":23.0,"enemies":"Snecko","floor":21.0,"turns":4.0},{"damage":10.0,"enemies":"Gremlin Leader","floor":27.0,"turns":5.0},{"damage":2.0,"enemies":"Chosen and Byrds","floor":28.0,"turns":3.0},{"damage":5.0,"enemies":"Snake Plant","floor":29.0,"turns":3.0},{"damage":9.0,"enemies":"Shelled Parasite and Fungi","floor":30.0,"turns":7.0},{"damage":20.0,"enemies":"Book of Stabbing","floor":31.0,"turns":5.0},{"damage":40.0,"enemies":"Champ","floor":33.0,"turns":13.0},{"damage":7.0,"enemies":"3 Shapes","floor":35.0,"turns":2.0},{"damage":1.0,"enemies":"Orb Walker","floor":36.0,"turns":3.0},{"damage":7.0,"enemies":"Jaw Worm Horde","floor":37.0,"turns":3.0},{"damage":33.0,"enemies":"Writhing Mass","floor":39.0,"turns":8.0},{"damage":65,"enemies":"Giant Head","floor":41,"turns":7}],"seed_played":"6993013570620843135","potions_obtained":[{"floor":3.0,"key":"FocusPotion"},{"floor":7.0,"key":"CultistPotion"},{"floor":18.0,"key":"Regen Potion"},{"floor":21.0,"key":"CultistPotion"},{"floor":28.0,"key":"EntropicBrew"},{"floor":30.0,"key":"AttackPotion"},{"floor":38.0,"key":"Fire Potion"},{"floor":38.0,"key":"Ancient Potion"},{"floor":38.0,"key":"Energy Potion"}],"is_trial":false,"path_per_floor":["M","?","M","?","$","?","E","M","T","M","R","$","R","M","R","B",null,"M","M","$","M","?","R","?","R","T","E","M","M","M","E","R","B",null,"M","M","M","?","M","R","E"],"character_chosen":"DEFECT","items_purchased":["Defragment","Lantern","Undo","Swift Potion"],"campfire_rested":3,"item_purchase_floors":[5,12,20,20],"current_hp_per_floor":[64,64,64,69,69,69,69,63,63,41,41,41,41,34,34,22,63,36,30,30,14,14,36,51,51,51,48,46,48,46,33,55,15,61,54,60,60,60,34,56,0,0],"gold":223,"neow_bonus":"THREE_ENEMY_KILL","is_daily":false,"chose_seed":false,"campfire_upgraded":3,"win_rate":0.0,"timestamp":1610902687,"path_taken":["M","?","?","?","$","?","E","M","T","M","R","$","R","M","R","BOSS","M","?","$","M","?","R","?","R","T","E","M","M","M","E","R","BOSS","M","M","M","?","M","R","E"],"items_purchased_type":["Card","Relic","Card","Potion"],"build_version":"2020-12-22","purchased_purges":1,"victory":false,"max_hp_per_floor":[71,71,71,76,76,76,76,76,76,76,76,76,76,76,76,76,76,76,76,76,76,76,76,76,76,76,76,76,76,76,76,76,76,76,76,76,76,76,76,76,76,76],"card_choices":[{"not_picked":["Streamline","Reprogram"],"picked":"Sweeping Beam","floor":1.0},{"not_picked":["Leap","Double Energy"],"picked":"Tempest","floor":3.0},{"not_picked":["Darkness","Reinforced Body"],"picked":"Ball Lightning","floor":7.0},{"not_picked":["Leap","Steam"],"picked":"Chill","floor":8.0},{"not_picked":["Defragment","Force Field"],"picked":"Electrodynamics","floor":10.0},{"not_picked":["Beam Cell","Rebound"],"picked":"Stack","floor":14.0},{"not_picked":["Core Surge","Creative AI"],"picked":"Machine Learning","floor":16.0},{"not_picked":["Rip and Tear","Double Energy"],"picked":"Conserve Battery","floor":18.0},{"not_picked":["Redo","Go for the Eyes"],"picked":"Self Repair","floor":19.0},{"not_picked":["Cold Snap","Barrage+1"],"picked":"Auto Shields","floor":21.0},{"not_picked":["Beam Cell","Hello World"],"picked":"Glacier","floor":27.0},{"not_picked":["Barrage","Reprogram"],"picked":"Creative AI","floor":28.0},{"not_picked":["Sweeping Beam","Conserve Battery"],"picked":"Compile Driver","floor":29.0},{"not_picked":["Cold Snap","Steam","Redo"],"picked":"SKIP","floor":30.0},{"not_picked":["Tempest","Consume"],"picked":"Defragment","floor":31.0},{"not_picked":["Leap","Gash","Sweeping Beam"],"picked":"SKIP","floor":35.0},{"not_picked":["Cold Snap","Scrape"],"picked":"Turbo","floor":36.0},{"not_picked":["Rip and Tear","Go for the Eyes","Redo"],"picked":"SKIP","floor":37.0},{"not_picked":["Darkness","Gash+1"],"picked":"Recycle+1","floor":39.0}],"player_experience":1246913,"relics_obtained":[{"floor":7.0,"key":"Girya"},{"floor":9.0,"key":"The Courier"},{"floor":26.0,"key":"Bottled Tornado"},{"floor":27.0,"key":"DataDisk"},{"floor":31.0,"key":"Potion Belt"}],"event_choices":[{"damage_healed":0.0,"max_hp_gain":0.0,"max_hp_loss":0.0,"gold_gain":100.0,"event_name":"Wheel of Change","player_choice":"Gold","floor":2.0,"gold_loss":0.0,"damage_taken":0.0},{"damage_healed":0.0,"max_hp_gain":5.0,"max_hp_loss":0.0,"gold_gain":0.0,"event_name":"Big Fish","player_choice":"Donut","floor":4.0,"gold_loss":0.0,"damage_taken":0.0},{"damage_healed":0.0,"max_hp_gain":0.0,"max_hp_loss":0.0,"gold_gain":0.0,"event_name":"Match and Keep!","player_choice":"2 cards matched","floor":6.0,"gold_loss":0.0,"damage_taken":0.0,"cards_obtained":["Zap","FTL"]},{"damage_healed":0.0,"max_hp_gain":0.0,"max_hp_loss":0.0,"gold_gain":0.0,"event_name":"Ghosts","player_choice":"Ignored","floor":22.0,"gold_loss":0.0,"damage_taken":0.0},{"damage_healed":15.0,"max_hp_gain":0.0,"max_hp_loss":0.0,"gold_gain":0.0,"event_name":"The Library","player_choice":"Heal","floor":24.0,"gold_loss":0.0,"damage_taken":0.0},{"damage_healed":0.0,"max_hp_gain":0.0,"max_hp_loss":0.0,"gold_gain":0.0,"event_name":"The Woman in Blue","player_choice":"Bought 3 Potions","floor":38.0,"gold_loss":0.0,"damage_taken":0.0}],"is_beta":false,"boss_relics":[{"not_picked":["Busted Crown","Snecko Eye"],"picked":"Fusion Hammer"},{"not_picked":["Empty Cage","Calling Bell"],"picked":"Astrolabe"}],"items_purged_floors":[12],"is_endless":false,"potions_floor_spawned":[3,7,8,14,18,21,28,30],"killed_by":"Giant Head","ascension_level":20}}