{"host":"fkw1ntusxwk1t0d2","time":1610896734,"event":{"mods":["Act Like it!","BaseMod","GungeonMod","Minty Spire (QoL Compilation)","Spicy Shops","StSLib","vexMod"],"gold_per_floor":[109,109,124,144,156,182,195,225,248,260,290,302,314,401,413,528,540,570,681,693,723,753,765,777,777],"floor_reached":24,"language":"ZHS","playtime":1004,"items_purged":[],"score":218,"play_id":"64852277-9313-4c48-a5c1-def715f1a8bf","local_time":"20210117231854","is_ascension_mode":true,"campfire_choices":[{"floor":10,"key":"REST"},{"floor":15,"key":"REST"},{"floor":23,"key":"REST"}],"circlet_count":0,"master_deck":["Strike_G","Strike_G","Strike_G","Strike_G","Defend_G","Defend_G","Defend_G","Defend_G","Defend_G","Survivor","Neutralize","Noxious Fumes","PiercingWail","Deadly Poison","Adrenaline","Envenom","Dagger Throw","Backflip","Necronomicurse"],"relics":["Sozu","Orichalcum","Singing Bowl","MawBank","vexMod:TanglingVine","Necronomicon","DemoMod:GlassGuonStoneRelic"],"acts_visited":["Exordium","TheCity"],"potions_floor_usage":[],"damage_taken":[{"damage":1,"enemies":"2 Louse","floor":1,"turns":3},{"damage":0,"enemies":"Cultist","floor":3,"turns":4},{"damage":2,"enemies":"Jaw Worm","floor":4,"turns":4},{"damage":1,"enemies":"Large Slime","floor":5,"turns":7},{"damage":32,"enemies":"Gremlin Nob","floor":6,"turns":5},{"damage":2,"enemies":"Blue Slaver","floor":7,"turns":4},{"damage":12,"enemies":"3 Sentries","floor":8,"turns":10},{"damage":3,"enemies":"3 Louse","floor":11,"turns":4},{"damage":24,"enemies":"The Guardian","floor":16,"turns":10},{"damage":24,"enemies":"Spheric Guardian","floor":18,"turns":6},{"damage":9,"enemies":"Chosen","floor":21,"turns":5},{"damage":14,"enemies":"Shelled Parasite and Fungi","floor":22,"turns":6},{"damage":5,"enemies":"Gremlin Leader","floor":24,"turns":2}],"seed_played":"8230930504279305042","potions_obtained":[],"is_trial":false,"path_per_floor":["M","?","M","M","M","E","M","E","T","R","M","T","$","?","R","B",null,"M","?","?","M","M","R","E"],"character_chosen":"THE_SILENT","items_purchased":[],"campfire_rested":3,"item_purchase_floors":[],"current_hp_per_floor":[69,69,69,67,66,34,32,20,20,41,38,38,38,27,48,26,72,48,48,32,25,13,35,30,30],"gold":777,"neow_bonus":"BOSS_RELIC","is_daily":false,"chose_seed":false,"campfire_upgraded":0,"win_rate":0.0,"timestamp":1610896734,"path_taken":["M","?","M","M","M","E","M","E","T","R","?","?","?","?","R","BOSS","M","?","?","M","M","R","E"],"items_purchased_type":[],"build_version":"2020-12-22","purchased_purges":0,"victory":false,"max_hp_per_floor":[70,70,70,70,70,70,70,70,70,70,70,70,70,70,70,72,72,72,72,72,74,76,76,76,76],"card_choices":[{"not_picked":["Prepared","Acrobatics"],"picked":"Noxious Fumes","floor":1},{"not_picked":["Dodge and Roll","Cloak And Dagger"],"picked":"PiercingWail","floor":3},{"not_picked":["Dodge and Roll","Escape Plan"],"picked":"Deadly Poison","floor":4},{"not_picked":["Dagger Spray","Expertise"],"picked":"Adrenaline","floor":5},{"not_picked":["Flechettes","Eviscerate","Cloak And Dagger"],"picked":"SKIP","floor":6},{"not_picked":["Dodge and Roll","Choke","Slice"],"picked":"SKIP","floor":7},{"not_picked":["Crippling Poison","Tactician"],"picked":"Envenom","floor":8},{"not_picked":["Terror","Blade Dance"],"picked":"Dagger Throw","floor":11},{"not_picked":["Venomology","Unload","Grand Finale"],"picked":"Singing Bowl","floor":16},{"not_picked":["Prepared","Slice+1"],"picked":"Backflip","floor":18},{"not_picked":["Dagger Throw+1","Prepared","Calculated Gamble"],"picked":"Singing Bowl","floor":21},{"not_picked":["Caltrops","Cloak And Dagger","PiercingWail"],"picked":"Singing Bowl","floor":22}],"player_experience":354782,"relics_obtained":[{"floor":6,"key":"Orichalcum"},{"floor":8,"key":"Singing Bowl"},{"floor":9,"key":"MawBank"},{"floor":20,"key":"Necronomicon"}],"event_choices":[{"cards_removed":["Strike_G"],"damage_healed":0,"gold_gain":0,"player_choice":"Purged","damage_taken":0,"max_hp_gain":0,"max_hp_loss":0,"event_name":"Purifier","floor":2,"gold_loss":0},{"damage_healed":0,"gold_gain":75,"player_choice":"Gather Gold","damage_taken":11,"max_hp_gain":0,"max_hp_loss":0,"event_name":"World of Goop","floor":14,"gold_loss":0},{"damage_healed":0,"gold_gain":99,"player_choice":"Stole From Cult","damage_taken":0,"max_hp_gain":0,"max_hp_loss":0,"event_name":"Nest","floor":19,"gold_loss":0},{"damage_healed":0,"gold_gain":0,"player_choice":"Obtained Book","damage_taken":16,"max_hp_gain":0,"max_hp_loss":0,"event_name":"Cursed Tome","floor":20,"gold_loss":0}],"is_beta":false,"boss_relics":[{"not_picked":["vexMod:BigBerry","Coffee Dripper"],"picked":"vexMod:TanglingVine"}],"items_purged_floors":[],"is_endless":false,"potions_floor_spawned":[4,6,16,18],"killed_by":"Gremlin Leader","ascension_level":1}}