{"host":"id1lehtnb7dzklac","time":1610870506,"event":{"mods":["AchievementEnabler","BaseMod","Block Reminder","Colored Map","Highlight Path","Minty Spire (QoL Compilation)","Permanent Neow","Random Character Button","StSLib","slay the spire mod where everything is the same but ironclad has a cowboy hat"],"gold_per_floor":[117,128,228,248,259,259,292,292,315,333,366,380,391,424,424,525,525,539,614,614,628,248,274,289,299,324,349,361,2,2,21,21,21,21],"floor_reached":33,"language":"ENG","playtime":1169,"items_purged":["Strike_G","Clumsy"],"score":351,"play_id":"97847b7a-8a12-4287-963c-cf23327d3fb6","local_time":"20210117160146","is_ascension_mode":true,"campfire_choices":[{"data":"Glass Knife","floor":6.0,"key":"SMITH"},{"data":"Neutralize","floor":8.0,"key":"SMITH"},{"data":"Skewer","floor":15,"key":"SMITH"},{"data":"Corpse Explosion","floor":28,"key":"SMITH"},{"data":"After Image","floor":30,"key":"SMITH"},{"data":"Catalyst","floor":32,"key":"SMITH"}],"circlet_count":0,"master_deck":["Strike_G","Strike_G","Strike_G","Strike_G","Defend_G","Defend_G","Defend_G+1","Defend_G","Defend_G+1","Survivor","Neutralize+1","Dagger Throw","Glass Knife+1","Skewer+1","Corpse Explosion+1","Catalyst+1","Blade Dance+1","Catalyst","After Image+1","PiercingWail"],"relics":["Ring of the Snake","Juzu Bracelet","Akabeko","Pen Nib","Molten Egg 2","Cursed Key","PreservedInsect","ClockworkSouvenir","War Paint","MawBank","Bronze Scales"],"acts_visited":["Exordium","TheCity"],"potions_floor_usage":[],"damage_taken":[{"damage":0.0,"enemies":"Jaw Worm","floor":1.0,"turns":4.0},{"damage":0.0,"enemies":"Cultist","floor":2.0,"turns":3.0},{"damage":0.0,"enemies":"2 Louse","floor":4.0,"turns":3.0},{"damage":2.0,"enemies":"Blue Slaver","floor":5.0,"turns":3.0},{"damage":8.0,"enemies":"Lagavulin","floor":7.0,"turns":5.0},{"damage":5.0,"enemies":"Lots of Slimes","floor":10.0,"turns":4.0},{"damage":1.0,"enemies":"3 Sentries","floor":11.0,"turns":7.0},{"damage":0.0,"enemies":"Looter","floor":12.0,"turns":1.0},{"damage":0.0,"enemies":"3 Louse","floor":13.0,"turns":3.0},{"damage":8,"enemies":"Lagavulin","floor":14,"turns":3},{"damage":27,"enemies":"The Guardian","floor":16,"turns":12},{"damage":0,"enemies":"Shell Parasite","floor":18,"turns":1},{"damage":0,"enemies":"3 Byrds","floor":21,"turns":3},{"damage":0,"enemies":"Gremlin Leader","floor":23,"turns":3},{"damage":0,"enemies":"Sentry and Sphere","floor":24,"turns":3},{"damage":2,"enemies":"Chosen and Byrds","floor":25,"turns":4},{"damage":20,"enemies":"Book of Stabbing","floor":27,"turns":4},{"damage":9,"enemies":"Centurion and Healer","floor":31,"turns":7},{"damage":32,"enemies":"Automaton","floor":33,"turns":5}],"seed_played":"604473980218985140","potions_obtained":[{"floor":0.0,"key":"FairyPotion"},{"floor":0.0,"key":"AttackPotion"},{"floor":0.0,"key":"EntropicBrew"},{"floor":1.0,"key":"Explosive Potion"},{"floor":7.0,"key":"Dexterity Potion"},{"floor":13.0,"key":"Energy Potion"},{"floor":14,"key":"GamblersBrew"},{"floor":16,"key":"LiquidMemories"},{"floor":23,"key":"Poison Potion"}],"is_trial":false,"path_per_floor":["M","M","?","M","M","R","E","R","T","M","E","M","M","E","R","B",null,"M","?","?","M","$","E","M","M","T","E","R","$","R","M","R","B"],"character_chosen":"THE_SILENT","items_purchased":["PreservedInsect","ClockworkSouvenir","After Image","PiercingWail","Bronze Scales"],"campfire_rested":0,"item_purchase_floors":[22,22,29,29,29],"current_hp_per_floor":[70,70,70,70,68,68,60,60,60,55,54,54,54,46,46,19,70,70,63,63,63,63,63,63,61,61,41,41,41,41,32,32,0,0],"gold":21,"neow_bonus":"THREE_SMALL_POTIONS","is_daily":false,"chose_seed":false,"campfire_upgraded":6,"win_rate":0.0,"timestamp":1610870506,"path_taken":["M","M","?","?","?","R","E","R","T","M","E","M","M","E","R","BOSS","M","?","?","M","$","E","M","M","T","E","R","$","R","M","R","BOSS"],"items_purchased_type":["Relic","Relic","Card","Card","Relic"],"build_version":"2020-12-22","purchased_purges":2,"victory":false,"max_hp_per_floor":[70,70,70,70,70,70,70,70,70,70,70,70,70,70,70,70,70,70,70,70,70,70,70,70,70,70,70,70,70,70,70,70,70,70],"card_choices":[{"not_picked":["Slice","Quick Slash"],"picked":"Dagger Throw","floor":1.0},{"not_picked":["Riddle With Holes","Bane","Sucker Punch"],"picked":"SKIP","floor":2.0},{"not_picked":["Prepared","Outmaneuver"],"picked":"Glass Knife","floor":4.0},{"not_picked":["Dagger Throw","Sucker Punch"],"picked":"Skewer","floor":5.0},{"not_picked":["Quick Slash","Prepared","Underhanded Strike"],"picked":"SKIP","floor":7.0},{"not_picked":["Expertise","Sucker Punch","Infinite Blades"],"picked":"SKIP","floor":10.0},{"not_picked":["Slice","Outmaneuver","Acrobatics"],"picked":"SKIP","floor":11.0},{"not_picked":["Heel Hook","Prepared","Sucker Punch"],"picked":"SKIP","floor":12.0},{"not_picked":["Choke","Underhanded Strike","Slice"],"picked":"SKIP","floor":13.0},{"not_picked":["Cloak And Dagger","Setup","Acrobatics"],"picked":"SKIP","floor":14},{"not_picked":["Die Die Die+1","Envenom"],"picked":"Corpse Explosion","floor":16},{"not_picked":["Dagger Throw+1","Riddle With Holes+1","Sucker Punch+1"],"picked":"SKIP","floor":18},{"not_picked":["Cloak And Dagger","Deflect+1","Poisoned Stab+1"],"picked":"SKIP","floor":21},{"not_picked":["Predator+1","Backstab+1","Dash+1"],"picked":"SKIP","floor":23},{"not_picked":["Dodge and Roll","Acrobatics"],"picked":"Blade Dance+1","floor":24},{"not_picked":["Backflip+1","Sucker Punch+1","Cloak And Dagger"],"picked":"SKIP","floor":25},{"not_picked":["Calculated Gamble","Backstab+1"],"picked":"Catalyst","floor":27},{"not_picked":["Cloak And Dagger","Dagger Spray+1","Dodge and Roll"],"picked":"SKIP","floor":31}],"player_experience":219087,"relics_obtained":[{"floor":7.0,"key":"Juzu Bracelet"},{"floor":9.0,"key":"Akabeko"},{"floor":11.0,"key":"Pen Nib"},{"floor":14,"key":"Molten Egg 2"},{"floor":23,"key":"War Paint"},{"floor":27,"key":"MawBank"}],"event_choices":[{"damage_healed":0.0,"max_hp_gain":0.0,"max_hp_loss":0.0,"gold_gain":100.0,"event_name":"Golden Shrine","player_choice":"Pray","floor":3.0,"gold_loss":0.0,"damage_taken":0.0},{"damage_healed":0,"gold_gain":75,"player_choice":"Touch","damage_taken":7,"max_hp_gain":0,"max_hp_loss":0,"event_name":"FaceTrader","floor":19,"gold_loss":0},{"damage_healed":0,"gold_gain":0,"player_choice":"Read","damage_taken":0,"max_hp_gain":0,"max_hp_loss":0,"event_name":"The Library","floor":20,"gold_loss":0,"cards_obtained":["Catalyst"]}],"is_beta":false,"boss_relics":[{"not_picked":["SacredBark","Ring of the Serpent"],"picked":"Cursed Key"}],"items_purged_floors":[22,29],"is_endless":false,"potions_floor_spawned":[1,4,7,13,14,16,23,27,31],"killed_by":"Automaton","ascension_level":1}}