{"host":"dm4yvegl9um2tlqd","time":1610863746,"event":{"mods":["2.2 Compatiblity","AchievementEnabler","BaseMod","Colored Map","DeckTracker","Highlight Path","KOR Keyword Fix","Keyboard Shortcuts","Minty Spire (QoL Compilation)","Permanent Neow","Quick Restart","Random Character Button","StSLib","SuperFastMode","everything is the same but u backflip on backflip"],"gold_per_floor":[116,127,144,155,155,155,186,204,230,230,230,255,255,104,104,235,235,249,249,249,273,273,273,308,308,308,308,343,368,368,387,387,387,387],"floor_reached":33,"language":"KOR","playtime":1374,"items_purged":["Strike_G"],"score":434,"play_id":"f9f2c470-a85d-4d24-a1a3-17dc21a0d11b","local_time":"20210117150906","is_ascension_mode":true,"campfire_choices":[{"data":"Well Laid Plans","floor":6.0,"key":"SMITH"},{"floor":10.0,"key":"REST"},{"data":"Cloak And Dagger","floor":13.0,"key":"SMITH"},{"data":"Calculated Gamble","floor":15.0,"key":"SMITH"},{"floor":23.0,"key":"REST"},{"data":"Prepared","floor":25.0,"key":"SMITH"},{"data":"Quick Slash","floor":27.0,"key":"SMITH"},{"data":"Infinite Blades","floor":30.0,"key":"SMITH"},{"floor":32.0,"key":"REST"}],"circlet_count":0,"master_deck":["Defend_G","Defend_G","Defend_G","Survivor","Neutralize","Calculated Gamble+1","Finisher","Well Laid Plans+1","Cloak And Dagger+1","Finisher","Blur","Quick Slash+1","PiercingWail","Corpse Explosion","Skewer+1","Terror+1","Bouncing Flask+1","Acrobatics","Finisher","Reflex","Prepared+1","Footwork","Infinite Blades+1","Escape Plan"],"relics":["Philosopher\u0027s Stone","Lantern","Bronze Scales","Golden Idol","Astrolabe","Nilry\u0027s Codex","Anchor","HornCleat","Pen Nib"],"acts_visited":["Exordium","TheCity"],"potions_floor_usage":[33],"damage_taken":[{"damage":1.0,"enemies":"Cultist","floor":1.0,"turns":4.0},{"damage":4.0,"enemies":"Jaw Worm","floor":2.0,"turns":6.0},{"damage":5.0,"enemies":"Small Slimes","floor":3.0,"turns":5.0},{"damage":0.0,"enemies":"3 Louse","floor":4.0,"turns":3.0},{"damage":27.0,"enemies":"3 Sentries","floor":7.0,"turns":12.0},{"damage":7.0,"enemies":"Exordium Thugs","floor":8.0,"turns":5.0},{"damage":0.0,"enemies":"Large Slime","floor":12.0,"turns":5.0},{"damage":11.0,"enemies":"The Guardian","floor":16.0,"turns":12.0},{"damage":0.0,"enemies":"Spheric Guardian","floor":18.0,"turns":2.0},{"damage":5.0,"enemies":"3 Byrds","floor":21.0,"turns":2.0},{"damage":27.0,"enemies":"Gremlin Leader","floor":24.0,"turns":5.0},{"damage":0.0,"enemies":"Book of Stabbing","floor":28.0,"turns":4.0},{"damage":0.0,"enemies":"Sentry and Sphere","floor":29.0,"turns":3.0},{"damage":3.0,"enemies":"Snake Plant","floor":31.0,"turns":3.0},{"damage":47,"enemies":"Automaton","floor":33,"turns":8}],"seed_played":"1797871548785393874","potions_obtained":[{"floor":2.0,"key":"AttackPotion"},{"floor":4.0,"key":"Dexterity Potion"},{"floor":7.0,"key":"AttackPotion"},{"floor":8.0,"key":"Strength Potion"},{"floor":16.0,"key":"Regen Potion"},{"floor":24.0,"key":"SteroidPotion"}],"is_trial":false,"path_per_floor":["M","M","M","M","?","R","E","M","T","R","?","M","R","$","R","B",null,"M","?","?","M","?","R","E","R","T","R","E","M","R","M","R","B"],"character_chosen":"THE_SILENT","items_purchased":["Quick Slash","PiercingWail"],"campfire_rested":3,"item_purchase_floors":[14,14],"current_hp_per_floor":[62,58,53,53,46,46,19,12,12,33,33,33,33,33,33,22,54,54,54,38,33,27,46,31,31,31,31,31,31,31,28,47,0,0],"gold":387,"neow_bonus":"BOSS_RELIC","is_daily":false,"chose_seed":false,"campfire_upgraded":6,"win_rate":0.0,"timestamp":1610863746,"path_taken":["M","M","?","M","?","R","E","M","T","R","?","M","R","$","R","BOSS","M","?","?","M","?","R","E","R","T","R","E","M","R","M","R","BOSS"],"items_purchased_type":["Card","Card"],"build_version":"2020-12-22","purchased_purges":1,"victory":false,"max_hp_per_floor":[70,70,70,70,70,70,70,70,70,70,65,65,65,65,65,65,65,65,65,65,65,65,65,65,65,65,65,65,65,65,65,65,65,65],"card_choices":[{"not_picked":["Outmaneuver","Slice"],"picked":"Calculated Gamble","floor":1.0},{"not_picked":["Calculated Gamble","Setup"],"picked":"Finisher","floor":2.0},{"not_picked":["Outmaneuver","Poisoned Stab"],"picked":"Well Laid Plans","floor":3.0},{"not_picked":["Flying Knee","Underhanded Strike","Flechettes"],"picked":"SKIP","floor":4.0},{"not_picked":["Dodge and Roll","Heel Hook"],"picked":"Cloak And Dagger","floor":7.0},{"not_picked":["Dodge and Roll","Bane"],"picked":"Finisher","floor":8.0},{"not_picked":["Finisher","Sucker Punch"],"picked":"Blur","floor":12.0},{"not_picked":["Unload","Adrenaline"],"picked":"Corpse Explosion","floor":16.0},{"not_picked":["Dash","Calculated Gamble+1"],"picked":"Acrobatics","floor":18.0},{"not_picked":["Reflex","Deadly Poison"],"picked":"Prepared","floor":21.0},{"not_picked":["Finisher+1","Backflip","Prepared"],"picked":"SKIP","floor":24.0},{"not_picked":["After Image","Sucker Punch"],"picked":"Footwork","floor":28.0},{"not_picked":["Flying Knee","Underhanded Strike+1"],"picked":"Infinite Blades","floor":29.0},{"not_picked":["Poisoned Stab","Acrobatics"],"picked":"Escape Plan","floor":31.0}],"player_experience":64559,"relics_obtained":[{"floor":7.0,"key":"Lantern"},{"floor":9.0,"key":"Bronze Scales"},{"floor":20.0,"key":"Nilry\u0027s Codex"},{"floor":24.0,"key":"Anchor"},{"floor":26.0,"key":"HornCleat"},{"floor":28.0,"key":"Pen Nib"}],"event_choices":[{"cards_removed":["Strike_G"],"damage_healed":0.0,"max_hp_gain":0.0,"max_hp_loss":0.0,"gold_gain":0.0,"event_name":"Golden Wing","player_choice":"Card Removal","floor":5.0,"gold_loss":0.0,"damage_taken":7.0},{"damage_healed":0.0,"max_hp_gain":0.0,"max_hp_loss":5.0,"gold_gain":0.0,"event_name":"Golden Idol","player_choice":"Lose Max HP","floor":11.0,"gold_loss":0.0,"damage_taken":0.0,"relics_obtained":["Golden Idol"]},{"damage_healed":0.0,"max_hp_gain":0.0,"max_hp_loss":0.0,"gold_gain":0.0,"cards_transformed":["Defend_G","Defend_G"],"event_name":"Drug Dealer","player_choice":"Became Test Subject","floor":19.0,"gold_loss":0.0,"damage_taken":0.0,"cards_obtained":["Finisher","Reflex"]},{"damage_healed":0.0,"max_hp_gain":0.0,"max_hp_loss":0.0,"gold_gain":0.0,"event_name":"Cursed Tome","player_choice":"Obtained Book","floor":20.0,"gold_loss":0.0,"damage_taken":16.0},{"damage_healed":0.0,"max_hp_gain":0.0,"max_hp_loss":0.0,"gold_gain":0.0,"event_name":"Knowing Skull","player_choice":"","floor":22.0,"potions_obtained":[],"gold_loss":0.0,"damage_taken":6.0,"cards_obtained":[]}],"is_beta":false,"boss_relics":[{"not_picked":["Calling Bell","Fusion Hammer"],"picked":"Astrolabe"}],"items_purged_floors":[14],"is_endless":false,"potions_floor_spawned":[2,4,7,8,16,21,24],"killed_by":"Automaton","ascension_level":8}}