{"host":"dlqyscxstsnu98l1","time":1610899420,"event":{"mods":["AchievementEnabler","BaseMod","Bestiary","Colored Map","Colored Powertips","Conspire","GifTheSpireLib","Highlight Path","Minty Spire (QoL Compilation)","Random Character Button","Replay The Spire","SacredBarkPlus","StSLib"],"gold_per_floor":[113,4,4,4,16,48,48,77,77,77,108,208,236,89,89,189,189,207,218,66,77,95,95,95,95],"floor_reached":24,"language":"ENG","playtime":1105,"items_purged":["Strike_G"],"score":246,"play_id":"7737de8c-7515-44d3-8415-fa848398644b","local_time":"20210117100340","is_ascension_mode":true,"campfire_choices":[{"data":"Neutralize","floor":7,"key":"SMITH"},{"floor":10,"key":"REST"},{"floor":15,"key":"REST"},{"floor":23,"key":"REST"}],"circlet_count":0,"master_deck":["Strike_G","Strike_G","Defend_G","Defend_G","Defend_G","Defend_G","Survivor","Neutralize+1","Dagger Throw","Accuracy","Backflip","Prepared","Eviscerate","Outmaneuver","Blade Dance","After Image","Terror","After Image","Fluid Movement+1","Leg Sweep+1"],"relics":["Ring of the Snake","NeowsBlessing","Replay:WaspNest","Quantum Egg","Ninja Scroll","conspire:InfiniteJournal","WingedGreaves","Empty Cage","Bag of Marbles"],"acts_visited":["Exordium","TheCity"],"potions_floor_usage":[6,11,13,24,24],"damage_taken":[{"damage":0,"enemies":"2 Louse","floor":1,"turns":1},{"damage":0,"enemies":"Cultist","floor":4,"turns":1},{"damage":0,"enemies":"Small Slimes","floor":5,"turns":1},{"damage":36,"enemies":"Lagavulin","floor":6,"turns":9},{"damage":25,"enemies":"Gremlin Nob","floor":8,"turns":6},{"damage":16,"enemies":"3 Sentries","floor":11,"turns":4},{"damage":6,"enemies":"Lagavulin","floor":13,"turns":5},{"damage":3,"enemies":"Hexaghost","floor":16,"turns":7},{"damage":7,"enemies":"Spheric Guardian","floor":18,"turns":4},{"damage":22,"enemies":"2 Thieves","floor":19,"turns":4},{"damage":12,"enemies":"Snake Plant","floor":21,"turns":5},{"damage":12,"enemies":"conspire:HollyBat","floor":22,"turns":6},{"damage":40,"enemies":"conspire:Head Lice","floor":24,"turns":6}],"seed_played":"4199251869739065262","potions_obtained":[{"floor":5,"key":"Toxic Potion"},{"floor":6,"key":"Strength Potion"},{"floor":8,"key":"Death Potion"},{"floor":19,"key":"PowerPotion"},{"floor":21,"key":"ColorlessPotion"},{"floor":22,"key":"Elixir"}],"is_trial":false,"path_per_floor":["M","$","?","M","M","E","R","E","T","R","E","?","E","$","R","B",null,"M","M","$","M","M","R","E"],"character_chosen":"THE_SILENT","items_purchased":["Accuracy","After Image","Terror","Bag of Marbles"],"campfire_rested":3,"item_purchase_floors":[2,14,14,20],"current_hp_per_floor":[70,70,70,70,70,34,34,9,9,30,14,14,8,8,29,26,70,63,41,41,29,17,38,0,0],"gold":95,"neow_bonus":"THREE_ENEMY_KILL","is_daily":false,"chose_seed":false,"campfire_upgraded":1,"win_rate":0.0,"timestamp":1610899420,"path_taken":["M","$","?","M","?","E","R","E","T","R","E","?","E","$","R","BOSS","M","M","$","?","M","R","E"],"items_purchased_type":["Card","Card","Card","Relic"],"build_version":"2020-12-22","purchased_purges":1,"victory":false,"max_hp_per_floor":[70,70,70,70,70,70,70,70,70,70,70,70,70,70,70,70,70,70,70,70,70,70,70,70,70],"card_choices":[{"not_picked":["Dagger Spray","Acrobatics"],"picked":"Dagger Throw","floor":1},{"not_picked":["Blade Dance","Eviscerate","Bane"],"picked":"SKIP","floor":4},{"not_picked":["Bane","Doppelganger","Fluid Movement"],"picked":"SKIP","floor":5},{"not_picked":["Flying Knee","Deadly Poison"],"picked":"Prepared","floor":6},{"not_picked":["Dash","ReplayTheSpireMod:Speed Training"],"picked":"Eviscerate","floor":8},{"not_picked":["Distraction","Venomology"],"picked":"Outmaneuver","floor":11},{"not_picked":["Catalyst","Deadly Poison"],"picked":"Blade Dance","floor":13},{"not_picked":["Wraith Form v2","Poison Darts"],"picked":"After Image","floor":16},{"not_picked":["Backflip","Dagger Throw"],"picked":"Fluid Movement+1","floor":18},{"not_picked":["Quick Slash","Flechettes","Toxin Wave"],"picked":"SKIP","floor":19},{"not_picked":["Deadly Poison+1","Reflex"],"picked":"Leg Sweep+1","floor":21},{"not_picked":["Slice","Poisoned Stab+1","All Out Attack+1"],"picked":"SKIP","floor":22}],"player_experience":78935,"relics_obtained":[{"floor":6,"key":"Replay:WaspNest"},{"floor":8,"key":"Quantum Egg"},{"floor":9,"key":"Ninja Scroll"},{"floor":11,"key":"conspire:InfiniteJournal"},{"floor":13,"key":"WingedGreaves"}],"event_choices":[{"damage_healed":0,"gold_gain":0,"cards_transformed":["Strike_G"],"player_choice":"Transformed","damage_taken":0,"max_hp_gain":0,"max_hp_loss":0,"event_name":"Transmorgrifier","floor":3,"gold_loss":0,"cards_obtained":["Backflip"]},{"damage_healed":0,"gold_gain":100,"player_choice":"Gold","damage_taken":0,"max_hp_gain":0,"max_hp_loss":0,"event_name":"Wheel of Change","floor":12,"gold_loss":0}],"is_beta":false,"boss_relics":[{"not_picked":["conspire:SeveredTorchhead","Velvet Choker"],"picked":"Empty Cage"}],"items_purged_floors":[2],"is_endless":false,"potions_floor_spawned":[5,6,8,19,21,22],"killed_by":"conspire:Head Lice","ascension_level":2}}