{"host":"thin","time":1610859013,"event":{"mods":["BaseMod","Colored Powertips","Googly Eyes","Minty Spire (QoL Compilation)","Replay The Spire","Shop Mod","StSLib","The Bug Knight"],"gold_per_floor":[109,109,40,53,71,96,108,108,180,193,193,210,227,257,257,360,360,376,426,256,274,292,318,298,330,330,330,346,346,380,479,479,479,479],"floor_reached":33,"language":"ZHS","playtime":1321,"items_purged":["Languid"],"score":514,"play_id":"39588aa7-f34f-4283-96a7-6a54ac0c9faf","local_time":"20210117125013","is_ascension_mode":true,"campfire_choices":[{"data":"HollowMod:SlysStrikes","floor":8,"key":"SMITH"},{"data":"HollowMod:GrimmsGift","floor":11,"key":"SMITH"},{"floor":15,"key":"RECALL"},{"floor":27,"key":"REST"},{"floor":32,"key":"REST"}],"circlet_count":0,"master_deck":["HollowMod:NailStrikeStart","HollowMod:NailStrikeStart","HollowMod:NailStrikeStart","HollowMod:NailStrikeStart","HollowMod:QuickDashStart","HollowMod:QuickDashStart","HollowMod:QuickDashStart","HollowMod:QuickDashStart","HollowMod:FocusHealStart","HollowMod:PogoStrike","HollowMod:GrimmsGift+1","HollowMod:MonarchWings","HollowMod:CloakDash","HollowMod:SlysStrikes+1","HollowMod:VengefulVoid","HollowMod:AbyssShriek","HollowMod:ShadowDash","HollowMod:CloakDash","HollowMod:Weaversong","HollowMod:ShadowDash","HollowMod:CloakDash","HollowMod:WraithStrike","HollowMod:Hiveblood","Looming Evil","HollowMod:SlysStrikes"],"relics":["HollowMod:VesselMask","Happy Flower","Pocketwatch","PreservedInsect","Eternal Feather","Boot","Fusion Hammer","Replay:Mystery Machine","ReplayTheSpireMod:CursedCoin","Vajra","Singing Bowl","ReplayTheSpireMod:TigerMarble","Replay:WaspNest","Ring of Searing","Ring of Hypnosis","Question Card"],"acts_visited":["TheCity"],"potions_floor_usage":[6,13,14,14,14,16,16,22,23,23,25,28,33],"damage_taken":[{"damage":4,"enemies":"Small Slimes","floor":1,"turns":4},{"damage":0,"enemies":"Cultist","floor":4,"turns":2},{"damage":0,"enemies":"Jaw Worm","floor":5,"turns":3},{"damage":54,"enemies":"Gremlin Nob","floor":6,"turns":5},{"damage":3,"enemies":"Red Slaver","floor":7,"turns":4},{"damage":5,"enemies":"Exordium Wildlife","floor":10,"turns":4},{"damage":2,"enemies":"Large Slime","floor":12,"turns":5},{"damage":9,"enemies":"Looter","floor":13,"turns":2},{"damage":0,"enemies":"3 Sentries","floor":14,"turns":2},{"damage":6,"enemies":"Fading Forest","floor":16,"turns":11},{"damage":13,"enemies":"3 Byrds","floor":18,"turns":4},{"damage":0,"enemies":"Shell Parasite","floor":21,"turns":3},{"damage":21,"enemies":"Snecko","floor":22,"turns":4},{"damage":0,"enemies":"Gremlin Leader","floor":23,"turns":3},{"damage":27,"enemies":"Slavers","floor":25,"turns":4},{"damage":21,"enemies":"Centurion and Healer","floor":28,"turns":4},{"damage":39,"enemies":"Gremlin Leader","floor":30,"turns":3},{"damage":88,"enemies":"Champ","floor":33,"turns":6}],"seed_played":"5197906786736581324","potions_obtained":[{"floor":5,"key":"Milkshake"},{"floor":10,"key":"FearPotion"},{"floor":12,"key":"EntropicBrew"},{"floor":14,"key":"EntropicBrew"},{"floor":18,"key":"DuplicationPotion"},{"floor":23,"key":"Venom Potion"},{"floor":24,"key":"SpeedPotion"},{"floor":25,"key":"AttackPotion"}],"is_trial":false,"path_per_floor":["M","?","$","M","M","E","M","R","T","M","R","M","M","E","R","B",null,"M","T","$","M","M","E","?","E","T","R","M","?","E","?","R","B"],"character_chosen":"THE_BUGKNIGHT","items_purchased":["HollowMod:GrimmsGift","ReplayTheSpireMod:CursedCoin","Vajra","HollowMod:ShadowDash","HollowMod:CloakDash"],"campfire_rested":2,"item_purchase_floors":[3,20,20,20,20],"current_hp_per_floor":[74,74,74,75,75,27,30,30,30,31,40,44,35,35,44,46,68,55,55,55,55,34,34,34,9,9,44,52,52,19,19,57,0,0],"gold":479,"neow_bonus":"RANDOM_COMMON_RELIC","is_daily":false,"chose_seed":false,"campfire_upgraded":2,"win_rate":0.0,"timestamp":1610859013,"path_taken":["M","?","$","M","M","E","M","R","T","M","R","M","M","E","R","BOSS","M","?","$","M","M","E","?","E","T","R","?","?","E","?","R","BOSS"],"items_purchased_type":["Card","Relic","Relic","Card","Card"],"build_version":"2020-12-18","purchased_purges":1,"victory":false,"max_hp_per_floor":[75,75,75,75,75,75,75,75,75,75,75,75,75,75,75,75,75,75,75,75,75,75,75,75,77,77,77,79,79,79,79,79,79,79],"card_choices":[{"not_picked":["HollowMod:SoulStrike","HollowMod:VengefulVoid"],"picked":"HollowMod:SiblingsShadow","floor":1},{"not_picked":["HollowMod:DoubleDash","HollowMod:LifebloodCocoon"],"picked":"HollowMod:MonarchWings","floor":4},{"not_picked":["HollowMod:CornifersMapStart","HollowMod:SharpenedNail"],"picked":"HollowMod:CloakDash","floor":5},{"not_picked":["HollowMod:DashSlash","HollowMod:AbyssShriek"],"picked":"HollowMod:SlysStrikes","floor":6},{"not_picked":["HollowMod:CornifersMapStart","HollowMod:DashSlash","HollowMod:SharpenedShadows"],"picked":"SKIP","floor":7},{"not_picked":["HollowMod:SoulStrike","HollowMod:CycloneSlash"],"picked":"HollowMod:VengefulVoid","floor":10},{"not_picked":["HollowMod:GoodIntentions","HollowMod:BlackTendrils"],"picked":"HollowMod:AbyssShriek","floor":12},{"not_picked":["HollowMod:GrimmsGift","HollowMod:SoulShaman"],"picked":"HollowMod:ShadowDash","floor":13},{"not_picked":["HollowMod:SoulVessel","HollowMod:DreamGate"],"picked":"HollowMod:CloakDash","floor":14},{"not_picked":["HollowMod:Hiveblood","HollowMod:ZotesMagnificence"],"picked":"HollowMod:Weaversong","floor":16},{"not_picked":["HollowMod:ShapeofUnn","HollowMod:SoulSplash","HollowMod:CycloneSlash"],"picked":"SKIP","floor":18},{"not_picked":["HollowMod:BrokenVessel","HollowMod:SoulEater"],"picked":"HollowMod:WraithStrike","floor":21},{"not_picked":["HollowMod:ShapeofUnn+1","HollowMod:SoulVessel","HollowMod:GoodIntentions"],"picked":"SKIP","floor":22},{"not_picked":["HollowMod:BlackTendrils","HollowMod:InfectionAssault"],"picked":"HollowMod:Hiveblood","floor":23},{"not_picked":["HollowMod:LifebloodCocoon+1","HollowMod:WraithStrike","HollowMod:MonomonsArchive"],"picked":"Singing Bowl","floor":25},{"not_picked":["HollowMod:CycloneSlash","HollowMod:SharpenedNail","HollowMod:MawleksShell+1"],"picked":"Singing Bowl","floor":28},{"not_picked":["HollowMod:SiblingsShadow","HollowMod:GreatSlash"],"picked":"HollowMod:SlysStrikes","floor":30}],"player_experience":941227,"relics_obtained":[{"floor":6,"key":"PreservedInsect"},{"floor":9,"key":"Eternal Feather"},{"floor":14,"key":"Boot"},{"floor":19,"key":"Replay:Mystery Machine"},{"floor":23,"key":"Singing Bowl"},{"floor":25,"key":"ReplayTheSpireMod:TigerMarble"},{"floor":26,"key":"Replay:WaspNest"},{"floor":29,"key":"Ring of Searing"},{"floor":29,"key":"Ring of Hypnosis"},{"floor":30,"key":"Question Card"}],"event_choices":[{"cards_removed":["HollowMod:SiblingsShadow"],"damage_healed":0,"gold_gain":0,"player_choice":"Gave Card","damage_taken":0,"relics_obtained":["Pocketwatch"],"max_hp_gain":0,"max_hp_loss":0,"event_name":"WeMeetAgain","floor":2,"gold_loss":0},{"damage_healed":0,"gold_gain":0,"player_choice":"Bought 1 Potion","damage_taken":0,"max_hp_gain":0,"max_hp_loss":0,"event_name":"The Woman in Blue","floor":24,"gold_loss":0},{"damage_healed":0,"gold_gain":99,"player_choice":"Stole From Cult","damage_taken":0,"max_hp_gain":0,"max_hp_loss":0,"event_name":"Nest","floor":31,"gold_loss":0}],"is_beta":true,"boss_relics":[{"not_picked":["Replay:Wanted Poster","Honey Jar"],"picked":"Fusion Hammer"}],"items_purged_floors":[20],"is_endless":false,"potions_floor_spawned":[5,10,12,14,16,18,23,25],"killed_by":"Champ","ascension_level":8}}