{"host":"2zw05eexjythz74b","time":1610891956,"event":{"mods":["AchievementEnabler","BaseMod","Better Altar","Colored Map","Minty Spire (QoL Compilation)","StSLib","everything is the same but u backflip on backflip"],"gold_per_floor":[110,110,110,121,141,166,166,195,195,43,43,58,58,75,75,172,172,172,172,172,172,172,172,172,172,172,172,172],"floor_reached":27,"language":"ENG","playtime":781,"items_purged":[],"score":332,"play_id":"8868d6f5-4f8f-4263-a570-bc4b639519de","local_time":"20210117075916","is_ascension_mode":true,"campfire_choices":[{"data":"Accuracy","floor":7,"key":"SMITH"},{"data":"Cloak And Dagger","floor":11,"key":"SMITH"},{"floor":15,"key":"REST"},{"data":"Envenom","floor":23,"key":"SMITH"},{"data":"Cloak And Dagger","floor":25,"key":"SMITH"}],"circlet_count":0,"master_deck":["Strike_G","Strike_G","Strike_G","Strike_G","Strike_G","Defend_G","Defend_G","Defend_G+1","Defend_G","Defend_G","Survivor+1","Neutralize","Infinite Blades+1","Cloak And Dagger+1","Escape Plan","Accuracy+1","Choke+1","Envenom+1","Cloak And Dagger+1","Outmaneuver"],"relics":["Ring of the Snake","NeowsBlessing","Mercury Hourglass","Molten Egg 2","HornCleat","War Paint","Ectoplasm","Potion Belt","Ginger","Eternal Feather"],"acts_visited":["Exordium","TheCity"],"potions_floor_usage":[27],"damage_taken":[{"damage":0,"enemies":"Jaw Worm","floor":1,"turns":1},{"damage":0,"enemies":"Cultist","floor":4,"turns":1},{"damage":0,"enemies":"2 Louse","floor":5,"turns":1},{"damage":28,"enemies":"3 Sentries","floor":6,"turns":9},{"damage":21,"enemies":"Gremlin Nob","floor":8,"turns":4},{"damage":0,"enemies":"Exordium Wildlife","floor":12,"turns":2},{"damage":11,"enemies":"Exordium Thugs","floor":14,"turns":4},{"damage":0,"enemies":"Slime Boss","floor":16,"turns":7},{"damage":14,"enemies":"Shell Parasite","floor":18,"turns":4},{"damage":2,"enemies":"Chosen","floor":19,"turns":4},{"damage":16,"enemies":"Book of Stabbing","floor":24,"turns":4},{"damage":39,"enemies":"Gremlin Leader","floor":27,"turns":5}],"seed_played":"2982299234509702076","potions_obtained":[{"floor":8,"key":"LiquidBronze"},{"floor":12,"key":"FearPotion"},{"floor":14,"key":"DuplicationPotion"}],"is_trial":false,"path_per_floor":["M","?","?","M","M","E","R","E","T","$","R","M","$","M","R","B",null,"M","M","?","$","?","R","E","R","T","E"],"character_chosen":"THE_SILENT","items_purchased":["War Paint"],"campfire_rested":1,"item_purchase_floors":[10],"current_hp_per_floor":[70,70,70,70,70,42,42,21,21,21,21,21,21,10,31,31,70,56,54,54,54,54,54,38,38,38,0,0],"gold":172,"neow_bonus":"THREE_ENEMY_KILL","is_daily":false,"chose_seed":false,"campfire_upgraded":4,"win_rate":0.0,"timestamp":1610891956,"path_taken":["M","?","?","M","?","E","R","E","T","?","R","M","$","M","R","BOSS","M","M","?","$","?","R","E","R","T","E"],"items_purchased_type":["Relic"],"build_version":"2020-12-22","purchased_purges":0,"victory":false,"max_hp_per_floor":[70,70,70,70,70,70,70,70,70,70,70,70,70,70,70,70,70,70,70,70,70,70,70,70,70,70,70,70],"card_choices":[{"not_picked":["Underhanded Strike","Dagger Throw"],"picked":"Infinite Blades","floor":1},{"not_picked":["Acrobatics","All Out Attack"],"picked":"Cloak And Dagger","floor":4},{"not_picked":["Backflip","Flying Knee"],"picked":"Escape Plan","floor":5},{"not_picked":["PiercingWail","Storm of Steel"],"picked":"Accuracy","floor":6},{"not_picked":["Slice+1","Deflect","Bane+1"],"picked":"SKIP","floor":8},{"not_picked":["Slice+1","Cloak And Dagger"],"picked":"Choke+1","floor":12},{"not_picked":["Underhanded Strike+1","Quick Slash+1","Dagger Throw+1"],"picked":"SKIP","floor":14},{"not_picked":["Malaise","Burst"],"picked":"Envenom","floor":16},{"not_picked":["Expertise","Sucker Punch+1"],"picked":"Cloak And Dagger","floor":18},{"not_picked":["Leg Sweep","Deadly Poison"],"picked":"Outmaneuver","floor":19},{"not_picked":["Choke+1","Tactician","Bane+1"],"picked":"SKIP","floor":24}],"player_experience":233686,"relics_obtained":[{"floor":6,"key":"Mercury Hourglass"},{"floor":8,"key":"Molten Egg 2"},{"floor":9,"key":"HornCleat"},{"floor":24,"key":"Ginger"},{"floor":26,"key":"Eternal Feather"}],"event_choices":[{"damage_healed":0,"gold_gain":0,"player_choice":"Grow","damage_taken":0,"max_hp_gain":0,"max_hp_loss":0,"event_name":"Living Wall","floor":2,"gold_loss":0,"cards_upgraded":["Infinite Blades"]},{"damage_healed":0,"gold_gain":0,"player_choice":"Leave","damage_taken":0,"max_hp_gain":0,"max_hp_loss":0,"event_name":"The Cleric","floor":3,"gold_loss":0},{"damage_healed":0,"gold_gain":0,"player_choice":"Opened","damage_taken":0,"relics_obtained":["Potion Belt"],"max_hp_gain":0,"max_hp_loss":0,"event_name":"The Mausoleum","floor":20,"gold_loss":0},{"damage_healed":0,"gold_gain":0,"player_choice":"Ignored","damage_taken":0,"max_hp_gain":0,"max_hp_loss":0,"event_name":"Ghosts","floor":22,"gold_loss":0}],"is_beta":false,"boss_relics":[{"not_picked":["Tiny House","Sozu"],"picked":"Ectoplasm"}],"items_purged_floors":[],"is_endless":false,"potions_floor_spawned":[8,12,14,19],"killed_by":"Gremlin Leader","ascension_level":3}}