{"host":"saki","time":1610871557,"event":{"mods":["BaseMod","Marisa（F雨　魔理沙）","Minty Spire (QoL Compilation)","Nova Terra(诺娃・泰拉)","Reimu（博丽灵梦）","StSLib","TestMod","Waifu the Spire"],"gold_per_floor":[20,30,30,30,30,30,30,30,30,41,56,62,75,75,75,179,179,193,72,85,103,117,117,155,180,205,255,9,9,27,44,44,160,160,184,210,234,292,313,353,353,394,394,435,435,435,119,135,135,150],"floor_reached":51,"language":"ZHS","playtime":3255,"items_purged":["Poor:ReiMu","Strike_Lin:ReiMu"],"score":825,"play_id":"76c65f7c-b19e-427e-8489-ac64df6102a2","local_time":"20210117161917","is_ascension_mode":true,"campfire_choices":[{"data":"InherentArray:ReiMu","floor":6,"key":"SMITH"},{"data":"YinYang:ReiMu","floor":8,"key":"SMITH"},{"data":"OctopathBindingBorder2:ReiMu","floor":15,"key":"SMITH"},{"data":"BlastKick2:ReiMu","floor":23,"key":"SMITH"},{"data":"FantasyMoon:ReiMu","floor":32,"key":"SMITH"},{"data":"BlastKick2:ReiMu","floor":41,"key":"SMITH"},{"data":"DependentForm:ReiMu","floor":46,"key":"SMITH"},{"data":"NineCharacters:ReiMu","floor":49,"key":"SMITH"}],"circlet_count":0,"master_deck":["Strike_Lin:ReiMu","Strike_Lin:ReiMu","Defend_Lin:ReiMu","Defend_Lin:ReiMu","Defend_Lin:ReiMu","Defend_Lin:ReiMu","NB:ReiMu","Stagnation:ReiMu","YinYang:ReiMu+1","SubAcupoint:ReiMu","InherentArray:ReiMu+1","Amulet:ReiMu","FantasyMoon:ReiMu+1","OctopathBindingBorder2:ReiMu+1","BlastKick2:ReiMu+1","OctopathBindingBorder2:ReiMu+1","TightArray:ReiMu","TightArray:ReiMu+1","MikOfLucky:ReiMu+1","AirStrike:ReiMu","FantasyMoon:ReiMu+1","AirStrike:ReiMu","EmergencyTakeOff:ReiMu+1","BlastKick2:ReiMu+1","KyokaiOfKami:ReiMu","DependentForm:ReiMu+1","NineCharacters:ReiMu+1"],"relics":["FlyPower:ReiMu","testmod-CrystalShield","Bag of Marbles","YidongShenshe:ReiMu","Bow_fan:ReiMu","Vajra","Gambling Chip","Bloody Idol","testmod-SaigiyounoYou","testmod-Acrobat","Oddly Smooth Stone","Kunai","RuthlessExorcism:ReiMu","SlaversCollar","CatCart","Smiling Mask","testmod-Antiphasic","Mercury Hourglass","Mastiff:ReiMu","Mummified Hand"],"acts_visited":["Exordium","TheCity","TheBeyond"],"potions_floor_usage":[10,18,24,39,50,50],"damage_taken":[{"damage":0,"enemies":"Small Slimes","floor":1,"turns":4},{"damage":1,"enemies":"Jaw Worm","floor":2,"turns":6},{"damage":13,"enemies":"Lagavulin","floor":10,"turns":7},{"damage":0,"enemies":"2 Louse","floor":11,"turns":2},{"damage":0,"enemies":"3 Sentries","floor":12,"turns":8},{"damage":0,"enemies":"Blue Slaver","floor":13,"turns":3},{"damage":6,"enemies":"Slime Boss","floor":16,"turns":9},{"damage":7,"enemies":"2 Thieves","floor":18,"turns":3},{"damage":4,"enemies":"Chosen","floor":20,"turns":4},{"damage":23,"enemies":"3 Cultists","floor":21,"turns":6},{"damage":16,"enemies":"Centurion and Healer","floor":22,"turns":9},{"damage":6,"enemies":"Slavers","floor":24,"turns":4},{"damage":4,"enemies":"Snake Plant","floor":25,"turns":4},{"damage":8,"enemies":"Book of Stabbing","floor":27,"turns":7},{"damage":3,"enemies":"3 Cultists","floor":30,"turns":4},{"damage":9,"enemies":"Centurion and Healer","floor":31,"turns":5},{"damage":22,"enemies":"Collector","floor":33,"turns":6},{"damage":0,"enemies":"3 Shapes","floor":35,"turns":4},{"damage":13,"enemies":"3 Darklings","floor":36,"turns":5},{"damage":28,"enemies":"Spire Growth","floor":37,"turns":5},{"damage":15,"enemies":"Orin","floor":38,"turns":7},{"damage":24,"enemies":"Writhing Mass","floor":39,"turns":4},{"damage":3,"enemies":"Giant Head","floor":40,"turns":6},{"damage":15,"enemies":"Reptomancer","floor":42,"turns":6},{"damage":30,"enemies":"Giant Head","floor":44,"turns":7},{"damage":3,"enemies":"Sphere and 2 Shapes","floor":48,"turns":4},{"damage":25,"enemies":"Donu and Deca","floor":50,"turns":6}],"seed_played":"852821246879467006","potions_obtained":[{"floor":1,"key":"SkillPotion"},{"floor":10,"key":"LiquidBronze"},{"floor":11,"key":"LiquidMemories"},{"floor":16,"key":"SkillPotion"},{"floor":20,"key":"FearPotion"},{"floor":25,"key":"HakureiPotion:ReiMu"},{"floor":40,"key":"Block Potion"}],"is_trial":false,"path_per_floor":["M","M","?","?","?","R","$","R","T","E","M","E","M","?","R","B",null,"M","$","M","M","M","R","E","M","T","E","$","?","M","M","R","B",null,"M","M","M","?","M","E","R","E","T","E","?","R","$","M","R","B",null],"character_chosen":"REIMU","items_purchased":["TightArray:ReiMu","RuthlessExorcism:ReiMu","Mummified Hand","NineCharacters:ReiMu"],"campfire_rested":0,"item_purchase_floors":[19,28,47,47],"current_hp_per_floor":[65,64,64,64,64,64,64,64,64,51,51,51,51,51,51,45,60,58,58,60,50,54,54,58,60,60,57,57,57,60,60,60,60,60,60,60,60,60,60,60,60,51,51,56,56,56,56,60,60,60],"gold":150,"neow_bonus":"THREE_RARE_CARDS","is_daily":false,"chose_seed":false,"campfire_upgraded":8,"win_rate":0.0,"timestamp":1610871557,"path_taken":["M","M","?","?","?","R","?","R","T","E","?","E","M","?","R","BOSS","M","$","M","M","M","R","E","M","T","E","$","?","M","M","R","BOSS","M","M","M","?","M","E","R","E","T","E","?","R","$","?","R","BOSS"],"items_purchased_type":["Card","Relic","Relic","Card"],"build_version":"2020-12-18","purchased_purges":2,"victory":true,"max_hp_per_floor":[65,65,65,65,65,65,65,65,65,65,65,65,65,60,60,60,60,60,60,60,60,60,60,60,60,60,60,60,60,60,60,60,60,60,60,60,60,60,60,60,60,60,60,60,60,60,60,60,60,60],"card_choices":[{"not_picked":["Authority:ReiMu","RunawayExorcism:ReiMu"],"picked":"YinYang:ReiMu","floor":0},{"not_picked":["MountainWay:ReiMu","Intuition:ReiMu"],"picked":"SubAcupoint:ReiMu","floor":1},{"not_picked":["PrepareRite:ReiMu","YinYangSange:ReiMu"],"picked":"InherentArray:ReiMu","floor":2},{"not_picked":["MountainWay:ReiMu","PayForSelf:ReiMu","BarrageOfMoneybags:ReiMu"],"picked":"SKIP","floor":10},{"not_picked":["CareerPray:ReiMu","Meditation:ReiMu"],"picked":"Amulet:ReiMu","floor":11},{"not_picked":["EmergencyTakeOff:ReiMu","LovePray:ReiMu"],"picked":"FantasyMoon:ReiMu","floor":12},{"not_picked":["SubcavityInstant:ReiMu","ForcedLanding:ReiMu"],"picked":"OctopathBindingBorder2:ReiMu","floor":13},{"not_picked":["PrayRite:ReiMu","DependentForm:ReiMu"],"picked":"BlastKick2:ReiMu","floor":16},{"not_picked":["SubAcupoint:ReiMu","OrbThrow:ReiMu"],"picked":"OctopathBindingBorder2:ReiMu+1","floor":18},{"not_picked":["SpringWay:ReiMu","SubcavityInstant:ReiMu+1"],"picked":"TightArray:ReiMu+1","floor":20},{"not_picked":["FoulBorder2:ReiMu","YinYangSign:ReiMu"],"picked":"MikOfLucky:ReiMu+1","floor":21},{"not_picked":["CareerPray:ReiMu","AlertArray:ReiMu+1"],"picked":"AirStrike:ReiMu","floor":22},{"not_picked":["AlertArray:ReiMu","Authority:ReiMu","SafetyPray:ReiMu"],"picked":"SKIP","floor":24},{"not_picked":["Revelation:ReiMu","SubAcupoint:ReiMu+1"],"picked":"FantasyMoon:ReiMu+1","floor":25},{"not_picked":["Revelation:ReiMu+1","CareerPray:ReiMu+1"],"picked":"AirStrike:ReiMu","floor":27},{"not_picked":["WonderfulDomain:ReiMu","Enchanting:ReiMu+1"],"picked":"EmergencyTakeOff:ReiMu+1","floor":30},{"not_picked":["SubAcupoint:ReiMu","SpringWay:ReiMu","AlertArray:ReiMu"],"picked":"SKIP","floor":31},{"not_picked":["Shading:ReiMu","Determination:ReiMu"],"picked":"BlastKick2:ReiMu","floor":33},{"not_picked":["YinYangSange:ReiMu+1","SubAcupoint:ReiMu","AlertArray:ReiMu+1"],"picked":"SKIP","floor":35},{"not_picked":["MikOfLucky:ReiMu","Enchanting:ReiMu","PayForSelf:ReiMu"],"picked":"SKIP","floor":36},{"not_picked":["AirStrike:ReiMu+1","MikOfLucky:ReiMu","SubcavityInstant:ReiMu+1"],"picked":"SKIP","floor":37},{"not_picked":["AlertArray:ReiMu","TightArray:ReiMu+1","Meditation:ReiMu+1"],"picked":"SKIP","floor":39},{"not_picked":["Revelation:ReiMu","CareerPray:ReiMu"],"picked":"KyokaiOfKami:ReiMu","floor":40},{"not_picked":["Conquer:ReiMu+1","Dreaming:ReiMu"],"picked":"DependentForm:ReiMu","floor":42},{"not_picked":["AirStrike:ReiMu+1","SubcavityInstant:ReiMu+1","MountainWay:ReiMu"],"picked":"SKIP","floor":44},{"not_picked":["Crusade:ReiMu","SubcavityInstant:ReiMu","PayForSelf:ReiMu"],"picked":"SKIP","floor":48}],"player_experience":266380,"relics_obtained":[{"floor":9,"key":"Bow_fan:ReiMu"},{"floor":10,"key":"Vajra"},{"floor":12,"key":"Gambling Chip"},{"floor":24,"key":"testmod-Acrobat"},{"floor":26,"key":"Oddly Smooth Stone"},{"floor":27,"key":"Kunai"},{"floor":38,"key":"CatCart"},{"floor":40,"key":"Smiling Mask"},{"floor":42,"key":"testmod-Antiphasic"},{"floor":43,"key":"Mercury Hourglass"},{"floor":44,"key":"Mastiff:ReiMu"}],"event_choices":[{"damage_healed":0,"gold_gain":0,"player_choice":"Ignored","damage_taken":0,"max_hp_gain":0,"max_hp_loss":0,"event_name":"Liars Game","floor":3,"gold_loss":0},{"damage_healed":0,"gold_gain":0,"player_choice":"Swap Relic","damage_taken":0,"relics_obtained":["Bag of Marbles"],"max_hp_gain":0,"max_hp_loss":0,"event_name":"给自己的盒子","floor":4,"relics_lost":["testmod-TestBox"],"gold_loss":0},{"damage_healed":0,"gold_gain":0,"player_choice":"带走神社","damage_taken":0,"relics_obtained":["YidongShenshe:ReiMu"],"max_hp_gain":0,"max_hp_loss":0,"event_name":"yidonshenshe","floor":5,"gold_loss":0,"cards_obtained":["Poor:ReiMu"]},{"damage_healed":0,"gold_gain":0,"player_choice":"Lose Max HP","damage_taken":0,"relics_obtained":["Golden Idol"],"max_hp_gain":0,"max_hp_loss":5,"event_name":"Golden Idol","floor":14,"gold_loss":0},{"damage_healed":0,"gold_gain":0,"player_choice":"Gave Idol","damage_taken":0,"relics_obtained":["Bloody Idol"],"max_hp_gain":0,"max_hp_loss":0,"event_name":"Forgotten Altar","floor":29,"relics_lost":["Golden Idol"],"gold_loss":0},{"damage_healed":0,"gold_gain":0,"player_choice":"Fight","damage_taken":0,"max_hp_gain":0,"max_hp_loss":0,"event_name":"OrinTheCat","floor":38,"gold_loss":0},{"cards_removed":["Strike_Lin:ReiMu"],"damage_healed":0,"gold_gain":0,"player_choice":"Purged","damage_taken":0,"max_hp_gain":0,"max_hp_loss":0,"event_name":"Purifier","floor":45,"gold_loss":0}],"is_beta":true,"boss_relics":[{"not_picked":["testmod-HarvestTotem","SacredBark"],"picked":"testmod-SaigiyounoYou"},{"not_picked":["testmod-EnergyCheck","testmod-Recursion"],"picked":"SlaversCollar"}],"items_purged_floors":[19,28],"is_endless":false,"potions_floor_spawned":[1,10,11,16,20,22,25,31,33,37,38,40,42],"ascension_level":1}}