{"host":"lnt5dzsuhru0aonl","time":1610878939,"event":{"mods":["2.2 Compatiblity","BaseMod","Colored Map","Colored Powertips","DeckTracker","Keyboard Shortcuts","Minty Spire (QoL Compilation)","Permanent Neow","StSLib","SuperFastMode","everything is the same but u backflip on backflip"],"gold_per_floor":[116,116,38,38,38,38,62,62,140,155,155,203,216,256,256,349,349,372,56,56,56,56,99,99,143,166,180,180,204,223,258,258,348,348,361,97,97,111,111,111,174,174,201,235,110,135,153,177,177,177],"floor_reached":51,"language":"KOR","playtime":2246,"items_purged":["Defend_P","Strike_P","Defend_P"],"score":1573,"play_id":"bd6e3c73-04d0-4649-b480-f66a7b8ac845","local_time":"20210117192219","is_ascension_mode":true,"campfire_choices":[{"data":"Tantrum","floor":6.0,"key":"SMITH"},{"data":"Eruption","floor":8.0,"key":"SMITH"},{"data":"ClearTheMind","floor":15.0,"key":"SMITH"},{"data":"Adaptation","floor":24.0,"key":"SMITH"},{"data":"TalkToTheHand","floor":28.0,"key":"SMITH"},{"floor":32.0,"key":"REST"},{"data":"InnerPeace","floor":40.0,"key":"SMITH"},{"data":"Devotion","floor":42.0,"key":"SMITH"},{"floor":49.0,"key":"REST"}],"circlet_count":0,"master_deck":["AscendersBane","Strike_P","Strike_P","Defend_P","Eruption+1","Vigilance","FlurryOfBlows","Tantrum+1","ClearTheMind+1","Devotion+1","Adaptation+1","EmptyMind+1","InnerPeace+1","TalkToTheHand+1","Madness","Madness"],"relics":["PureWater","Torii","Golden Idol","InkBottle","Blue Candle","Blood Vial","Letter Opener","Runic Pyramid","Orrery","Nunchaku","Bottled Flame","Strawberry","Regal Pillow","Sozu","Omamori","Turnip","Lantern","Mummified Hand"],"acts_visited":["Exordium","TheCity","TheBeyond"],"potions_floor_usage":[],"damage_taken":[{"damage":0.0,"enemies":"Cultist","floor":1.0,"turns":3.0},{"damage":0.0,"enemies":"Jaw Worm","floor":7.0,"turns":2.0},{"damage":0.0,"enemies":"Small Slimes","floor":10.0,"turns":2.0},{"damage":1.0,"enemies":"2 Fungi Beasts","floor":13.0,"turns":2.0},{"damage":0.0,"enemies":"Gremlin Nob","floor":14.0,"turns":2.0},{"damage":2.0,"enemies":"Slime Boss","floor":16.0,"turns":7.0},{"damage":1.0,"enemies":"Spheric Guardian","floor":18.0,"turns":3.0},{"damage":11.0,"enemies":"Slavers","floor":23.0,"turns":3.0},{"damage":7.0,"enemies":"Gremlin Leader","floor":25.0,"turns":3.0},{"damage":20.0,"enemies":"2 Thieves","floor":27.0,"turns":2.0},{"damage":1.0,"enemies":"Shelled Parasite and Fungi","floor":29.0,"turns":2.0},{"damage":1.0,"enemies":"Centurion and Healer","floor":30.0,"turns":2.0},{"damage":6.0,"enemies":"Slavers","floor":31.0,"turns":3.0},{"damage":0.0,"enemies":"Automaton","floor":33.0,"turns":6.0},{"damage":0.0,"enemies":"3 Darklings","floor":35.0,"turns":2.0},{"damage":0.0,"enemies":"3 Shapes","floor":38.0,"turns":3.0},{"damage":26.0,"enemies":"2 Orb Walkers","floor":41.0,"turns":4.0},{"damage":23.0,"enemies":"Reptomancer","floor":44.0,"turns":5.0},{"damage":7.0,"enemies":"Sphere and 2 Shapes","floor":46.0,"turns":3.0},{"damage":1.0,"enemies":"Maw","floor":47.0,"turns":3.0},{"damage":0.0,"enemies":"Spire Growth","floor":48.0,"turns":2.0},{"damage":37,"enemies":"Time Eater","floor":50,"turns":8}],"seed_played":"-4161995066647138979","potions_obtained":[{"floor":1.0,"key":"PowerPotion"},{"floor":13.0,"key":"SkillPotion"},{"floor":16.0,"key":"DistilledChaos"},{"floor":18.0,"key":"Weak Potion"},{"floor":27.0,"key":"Regen Potion"},{"floor":33.0,"key":"SneckoOil"}],"is_trial":false,"path_per_floor":["M","?","$","?","?","R","M","R","T","M","?","T","M","E","R","B",null,"M","$","?","?","?","E","R","E","T","M","R","M","M","E","R","B",null,"M","$","$","M","?","R","?","R","T","E","$","M","M","M","R","B",null],"character_chosen":"WATCHER","items_purchased":["Tantrum","Adaptation","Orrery","Omamori"],"campfire_rested":2,"item_purchase_floors":[3,19,19,36],"current_hp_per_floor":[61,56,56,49,49,49,49,49,49,49,38,38,39,41,41,41,52,53,53,53,53,53,44,44,39,46,28,28,34,35,31,63,63,63,63,63,63,63,52,52,28,28,28,7,7,2,3,5,38,3],"gold":177,"neow_bonus":"ONE_RARE_RELIC","is_daily":false,"chose_seed":false,"campfire_upgraded":7,"win_rate":0.0,"timestamp":1610878939,"path_taken":["M","?","$","?","?","R","M","R","T","M","?","?","M","E","R","BOSS","M","$","?","?","?","E","R","E","T","?","R","M","M","E","R","BOSS","M","?","$","M","?","R","?","R","T","E","$","M","M","M","R","BOSS"],"items_purchased_type":["Card","Card","Relic","Relic"],"build_version":"2020-12-22","purchased_purges":3,"victory":true,"max_hp_per_floor":[62,56,56,56,56,56,56,56,56,56,56,56,56,56,56,56,56,56,56,56,56,56,56,56,56,63,63,63,63,63,63,63,63,63,63,63,63,63,63,63,63,63,63,63,63,63,63,63,63,63],"card_choices":[{"not_picked":["CrushJoints","EmptyFist"],"picked":"FlurryOfBlows","floor":1.0},{"not_picked":["FlurryOfBlows","Tantrum","EmptyFist"],"picked":"SKIP","floor":7.0},{"not_picked":["Prostrate","Vengeance","PathToVictory"],"picked":"SKIP","floor":10.0},{"not_picked":["Prostrate","ThirdEye","EmptyBody"],"picked":"SKIP","floor":13.0},{"not_picked":["FollowUp","JustLucky"],"picked":"ClearTheMind","floor":14.0},{"not_picked":["Wish","DevaForm"],"picked":"Devotion","floor":16.0},{"not_picked":["Sanctity","FollowUp","FlyingSleeves"],"picked":"SKIP","floor":18.0},{"not_picked":["SpiritShield","JustLucky"],"picked":"EmptyMind+1","floor":19.0},{"not_picked":["SpiritShield","Worship"],"picked":"TalkToTheHand","floor":23.0},{"not_picked":["LikeWater","Collect+1","ThirdEye"],"picked":"SKIP","floor":25.0},{"not_picked":["Tantrum","FlurryOfBlows+1","BattleHymn"],"picked":"SKIP","floor":27.0},{"not_picked":["FollowUp","Evaluate","Prostrate"],"picked":"SKIP","floor":29.0},{"not_picked":["ThirdEye","CrushJoints","FollowUp+1"],"picked":"SKIP","floor":30.0},{"not_picked":["Prostrate","JustLucky","LessonLearned"],"picked":"SKIP","floor":31.0},{"not_picked":["FlyingSleeves","Consecrate","ThirdEye+1"],"picked":"SKIP","floor":35.0},{"not_picked":["EmptyFist","JustLucky","Study+1"],"picked":"SKIP","floor":38.0},{"not_picked":["Collect","Prostrate","FollowUp"],"picked":"SKIP","floor":44.0},{"not_picked":["SandsOfTime","ClearTheMind","EmptyBody"],"picked":"SKIP","floor":46.0},{"not_picked":["Wireheading","FearNoEvil","Judgement"],"picked":"SKIP","floor":47.0},{"not_picked":["Protect","Evaluate","WheelKick+1"],"picked":"SKIP","floor":48.0}],"player_experience":683279,"relics_obtained":[{"floor":9.0,"key":"InkBottle"},{"floor":12.0,"key":"Blood Vial"},{"floor":14.0,"key":"Letter Opener"},{"floor":23.0,"key":"Nunchaku"},{"floor":25.0,"key":"Bottled Flame"},{"floor":26.0,"key":"Strawberry"},{"floor":31.0,"key":"Regal Pillow"},{"floor":41.0,"key":"Turnip"},{"floor":43.0,"key":"Lantern"},{"floor":44.0,"key":"Mummified Hand"}],"event_choices":[{"damage_healed":0.0,"max_hp_gain":0.0,"max_hp_loss":6.0,"gold_gain":0.0,"event_name":"Golden Idol","player_choice":"Lose Max HP","floor":2.0,"gold_loss":0.0,"damage_taken":0.0,"relics_obtained":["Golden Idol"]},{"cards_removed":["Defend_P"],"damage_healed":0.0,"max_hp_gain":0.0,"max_hp_loss":0.0,"gold_gain":0.0,"event_name":"Golden Wing","player_choice":"Card Removal","floor":4.0,"gold_loss":0.0,"damage_taken":7.0},{"cards_removed":["Strike_P"],"damage_healed":0.0,"max_hp_gain":0.0,"max_hp_loss":0.0,"gold_gain":0.0,"event_name":"Living Wall","player_choice":"Forget","floor":5.0,"gold_loss":0.0,"damage_taken":0.0},{"damage_healed":0.0,"max_hp_gain":0.0,"max_hp_loss":0.0,"gold_gain":0.0,"event_name":"Scrap Ooze","player_choice":"Success","floor":11.0,"gold_loss":0.0,"damage_taken":11.0,"relics_obtained":["Blue Candle"]},{"damage_healed":0.0,"max_hp_gain":0.0,"max_hp_loss":0.0,"gold_gain":0.0,"event_name":"Vampires","player_choice":"Ignored","floor":20.0,"gold_loss":0.0,"damage_taken":0.0},{"damage_healed":0.0,"max_hp_gain":0.0,"max_hp_loss":0.0,"gold_gain":0.0,"event_name":"Cursed Tome","player_choice":"Ignored","floor":21.0,"gold_loss":0.0,"damage_taken":0.0},{"damage_healed":0.0,"max_hp_gain":0.0,"max_hp_loss":0.0,"gold_gain":0.0,"event_name":"The Library","player_choice":"Read","floor":22.0,"gold_loss":0.0,"damage_taken":0.0,"cards_obtained":["InnerPeace"]},{"damage_healed":0.0,"max_hp_gain":0.0,"max_hp_loss":0.0,"gold_gain":0.0,"event_name":"Winding Halls","player_choice":"Embrace Madness","floor":39.0,"gold_loss":0.0,"damage_taken":11.0,"cards_obtained":["Madness","Madness"]},{"damage_healed":0.0,"max_hp_gain":0.0,"max_hp_loss":0.0,"gold_gain":0.0,"event_name":"Mysterious Sphere","player_choice":"Fight","floor":41.0,"gold_loss":0.0,"damage_taken":0.0}],"is_beta":false,"boss_relics":[{"not_picked":["SlaversCollar","Runic Dome"],"picked":"Runic Pyramid"},{"not_picked":["Pandora\u0027s Box","HolyWater"],"picked":"Sozu"}],"items_purged_floors":[19,36,45],"is_endless":false,"potions_floor_spawned":[1,13,16,18,27,33,38,41,46,47],"ascension_level":19}}