{"host":"ymw71f7rc9ndansy","time":1610887255,"event":{"mods":["ATMod(阿瑾Mod)","Act Like it!","Aspiration","BaseMod","DeckTracker","Hubris","Library of Ruina","Library of Ruina Extra","Minty Spire (QoL Compilation)","MostiFishMod","Remove Card Discount Mod","Replay The Spire","StSLib","TestMod","【功能Mod】精心准备","【遗物卡牌】REMEMod"],"gold_per_floor":[969,981,981,999,999,1030,1030,737,761,761,761,789,789,817,817,892,892,910,960,642,715,635,666,685,745,745,745,820,489,516,516,516,589,589,589],"floor_reached":34,"language":"ZHS","playtime":892,"items_purged":["LightAttack","CommonCold","LightDefense","LightDefense","LightAttack","Dodge","WillOfThePrescript","FocusedStrikes","SuppressingShot","ChargeAndCover","LightDefense","LightDefense"],"score":1538,"play_id":"b42ff182-0cf3-4da3-bdc9-6a77324ebe65","local_time":"20210117204055","is_ascension_mode":true,"campfire_choices":[{"data":"MostiFishMod:IntelligentEquipment","floor":7,"key":"SMITH"},{"data":"SturdyDefense","floor":11,"key":"SMITH"},{"floor":15,"key":"RECALL"},{"data":"GutHarvesting","floor":27,"key":"SMITH"},{"data":"FrontalAssault","floor":32,"key":"SMITH"}],"circlet_count":0,"master_deck":["AscendersBane","AT_FamilyPortrait+1","MostiFishMod:IntelligentEquipment+1","Quickness","SturdyDefense+1","Slice_lor","GutHarvesting+1","FrontalAssault+1","FrontalAssault","Observe","BoundaryOfDeath","PinpointShot+1","UnforgettableMelody+1","ChargeUp+1","ChargeUp+1","EmotionalTurbulence","CleanUp"],"relics":["PageOfLibrarian","testmod-TestBox","DaveBox","REME_ComplimentaryCards","AT_ATBox","BionicSphere","testmod-IndustrialRevolution","SynthV:TestCard","Prayer Wheel","PageOfFairyFestival","Juzu Bracelet","PageOfUniverseFragment","Potion Belt","AT_ForceNature","Prayer Wheel","Blood Vial","Replay:Bottled Eggs","JellyFishMachine","Vajra","Frozen Egg 2","Akabeko","hubris:MysteriousPyramids","PageOfPorccubus","ClockworkSouvenir","AT_EbonyIvory","PageOfLittleHelper","ShadowXiaoBlade"],"acts_visited":["Exordium","TheCity","TheBeyond"],"potions_floor_usage":[],"damage_taken":[{"damage":0,"enemies":"Cultist","floor":1,"turns":2},{"damage":0,"enemies":"Jaw Worm","floor":2,"turns":5},{"damage":0,"enemies":"Small Slimes","floor":4,"turns":2},{"damage":0,"enemies":"Replay:BlueRogue","floor":6,"turns":7},{"damage":0,"enemies":"3 Sentries","floor":12,"turns":3},{"damage":0,"enemies":"Gremlin Nob","floor":14,"turns":2},{"damage":0,"enemies":"Fading Forest","floor":16,"turns":5},{"damage":0,"enemies":"Chosen","floor":18,"turns":2},{"damage":0,"enemies":"Shell Parasite","floor":19,"turns":3},{"damage":0,"enemies":"Shelled Parasite and Fungi","floor":21,"turns":3},{"damage":0,"enemies":"Gremlin Leader","floor":23,"turns":1},{"damage":0,"enemies":"Snecko","floor":24,"turns":1},{"damage":3,"enemies":"Replay:Snechameleon","floor":25,"turns":3},{"damage":0,"enemies":"REME_1_Revenger","floor":28,"turns":2},{"damage":0,"enemies":"Slavers","floor":30,"turns":1},{"damage":0,"enemies":"RedHoodMercenary","floor":33,"turns":3}],"seed_played":"-3068642347835780599","potions_obtained":[{"floor":2,"key":"GamblersBrew"},{"floor":4,"key":"Weak Potion"},{"floor":16,"key":"Elixir"},{"floor":19,"key":"LifebloodPotion"}],"is_trial":false,"path_per_floor":["M","M","T","M","?","E","R","$","T","T","R","E","?","E","R","B",null,"M","M","$","M","?","E","M","E","T","R","E","$","E","?","R","B",null],"character_chosen":"Librarian","items_purchased":["PageOfUniverseFragment","Vajra","Observe","ClockworkSouvenir","AT_EbonyIvory"],"campfire_rested":0,"item_purchase_floors":[8,20,20,29,29],"current_hp_per_floor":[54,54,54,54,54,54,54,54,54,54,54,54,54,56,56,58,67,69,70,70,70,70,70,70,69,69,69,71,71,73,73,73,80,87,87],"gold":589,"neow_bonus":"TWO_FIFTY_GOLD","is_daily":false,"chose_seed":false,"campfire_upgraded":4,"win_rate":0.0,"timestamp":1610887255,"path_taken":["M","M","?","?","?","E","R","$","T","?","R","E","?","E","R","BOSS","M","M","$","M","?","E","M","E","T","R","E","$","E","?","R","BOSS"],"items_purchased_type":["Relic","Relic","Card","Relic","Relic"],"build_version":"2020-12-22","purchased_purges":12,"victory":false,"max_hp_per_floor":[60,70,70,70,70,70,70,70,70,70,70,70,70,70,70,70,70,70,70,70,70,70,70,89,89,89,89,89,89,89,89,89,89,89,89],"card_choices":[{"not_picked":["MindPrepared","HeavyPeaks","EnergyBeam","AsThePrescriptOrders","EnergyStrike","GrazeTheGrass","Outburst","SmokingPipe","CrackOfDawn"],"picked":"SKIP","floor":1},{"not_picked":["Track","HiddenBlade","FierceCharge","FeatherShield","ClassAndRespect","Faith","UpbeatPerformance","ICanCookAnything","Commandeering","HandleRequest"],"picked":"WillOfThePrescript","floor":2},{"not_picked":["Parry","FierceCharge","Standoff","Struggle","GuidanceOfTheGears","PreemptiveStrike","SinglePointStab","SnakeSlit","EnergyShield","MultiBlock"],"picked":"Quickness","floor":2},{"not_picked":["Diversion","GaleKick","GuidanceOfTheGears","FocusFire","TendonChords","StructuralAnalysis","Parry","StrongStrike","StrikeDown","SweepTheBackstreets"],"picked":"SturdyDefense","floor":4},{"not_picked":["SpearedSweep","HiddenBlade","ICanCookAnything","Multislash","CookingPrep","EndlessBattle","DesperateStruggle","Crush","KeepItFresh","Wallop_lor","TheArtOfRapidSteps"],"picked":"SKIP","floor":4},{"not_picked":["SteelKnuckles","ShrineToMusic","ShockRound","WillOfThePrescript","FlashingStrike","Feast","MindCrush","ShockingBlow","TheRedNotes","WaitUp"],"picked":"Slice_lor","floor":6},{"not_picked":["BlowItUp","Feast","BattleCommand","ForTheFamily","BackAttack","Slice_lor","WillOfThePrescript","EnergyConversion","Collision","StrikeDown","Parry"],"picked":"SKIP","floor":12},{"not_picked":["Collision","ChopItOff","SharpSwipe","WillOfThePrescript","ReadyUp","ToOvercomeCrisis","DarkCloud","WaitUp","NightInTheBackstreets","Thirst"],"picked":"GutHarvesting","floor":14},{"not_picked":["Unlock1","GreatSerpentsImpact","FieryWaltz","SharpSwipe","BackAttack","Standoff","Eradication","UnavoidableGaze","WillBeTasty","EnergyStrike","EnergyConversion"],"picked":"SKIP","floor":18},{"not_picked":["StrongStrike","CookingPrep","Parry","Ripple","RushDown","DefenseOrder","YoureAHindrance","BayonetCombat","ScatteringSlash","IronWall","SerpentSwordTechnique+1"],"picked":"SKIP","floor":18},{"not_picked":["StructuralAnalysis","AssaultOrder","FlashOfSunup","AsThePrescriptOrders","DriedUp+1","SharpNails","DirtyBlow","Suppress","Overcharge","KeepItFresh","Rewind"],"picked":"SKIP","floor":18},{"not_picked":["Pound","SunsetBlade","EnergyShield","UnavoidableGaze","Transpierce","GreatSerpentsImpact+1","ShockingBlow","FleetFootsteps","HandleRequest+1","AsThePrescriptOrders"],"picked":"FrontalAssault","floor":19},{"not_picked":["SpearedSweep+1","SharpSwipe","SerpentSwordTechnique","NightInTheBackstreets","RapidGashes","TraceOfFumes","LawAndOrder","Wallop_lor","ShockRound+1","MultiBlock"],"picked":"FrontalAssault","floor":19},{"not_picked":["RagingStorm","StrikeDown","FleetEdge","EnergyShield","BackAttack","Feast","ShockingBlow","GreatSerpentsImpact","TraceOfFumes","SerpentineBarrier","Parry"],"picked":"SKIP","floor":19},{"not_picked":["SharpSwipe+1","QuickAttack","Unlock1","GuardingStance","GuidanceOfTheGears","Track","TheArtOfRapidSteps","ShrineToMusic","BindingArms","SerpentineBarrier"],"picked":"BoundaryOfDeath","floor":21},{"not_picked":["RulesOfTheBackstreets","MultiBlock","Diversion+1","QuickSuppression","UpbeatPerformance+1","StructuralAnalysis","CircusKnives","GrazeTheGrass","SuppressingShot+1","FierceCharge"],"picked":"PinpointShot+1","floor":21},{"not_picked":["ToOvercomeCrisis","WillProduceFineSilk","EndlessBattle","PreemptiveStrike","SharpenedBlade","GreatSerpentsImpact+1","BackAttack","Eject","AsThePrescriptOrders","TimeForALittleTest","WillOfThePrescript"],"picked":"SKIP","floor":21},{"not_picked":["MultiBlock","UpbeatPerformance","Brawl","DevastatingThrash","Diversion","MultiHit","ExtremeEdge","FeatherShield","DesperateStruggle","AutonomousRush"],"picked":"UnforgettableMelody+1","floor":23},{"not_picked":["KeepItFresh","StayCalm","EnergyCycle","Eradication","DarkCloud+1","HeavyPeaks","AsThePrescriptOrders","Standoff","GrazeTheGrass","Parry2+1","YourShield"],"picked":"SKIP","floor":24},{"not_picked":["Unlock1","WillBeTasty","StrongStrike+1","Pound","GaleKick","RushDown","Diversion","QuickSuppression+1","Leap_lor","DarkCloud+1","DeepDrag"],"picked":"SKIP","floor":24},{"not_picked":["FierceCharge","GatherIntel","RipSpace","Parry2+1","AsThePrescriptOrders","ExtractFuel","TrimTheIngredients","Standoff","MultiBlock","Fence","Rewind"],"picked":"SKIP","floor":24},{"not_picked":["GatherIntel","StrongStrike+1","NightInTheBackstreets","Laceration","Reload","SuppressingShot","HandlingWork","OpportunitySpotted","PreemptiveStrike","GreatSerpentsImpact+1"],"picked":"ChargeUp+1","floor":25},{"not_picked":["ExtremeEdge","FierceCharge","Faith","InhaleSmoke","BurningFlash","Standoff","AssaultOrder","DriedUp","BizarreAttack+1","Multislash"],"picked":"ChargeUp+1","floor":28},{"not_picked":["ChopItOff","QuickSuppression","FleetFootsteps","CrackOfDawn","MirageStorm","Marionette","FrontalAssault","Pound","Clone","DesperateStruggle"],"picked":"EmotionalTurbulence","floor":30},{"not_picked":["FlamingDragonFist","Observe","GutHarvesting","Castigation"],"picked":"CleanUp","floor":33}],"player_experience":1057819,"relics_obtained":[{"floor":1,"key":"SynthV:TestCard"},{"floor":3,"key":"PageOfFairyFestival"},{"floor":6,"key":"Juzu Bracelet"},{"floor":9,"key":"Potion Belt"},{"floor":10,"key":"AT_ForceNature"},{"floor":12,"key":"Blood Vial"},{"floor":14,"key":"Replay:Bottled Eggs"},{"floor":23,"key":"Frozen Egg 2"},{"floor":25,"key":"Akabeko"},{"floor":26,"key":"hubris:MysteriousPyramids"},{"floor":28,"key":"PageOfPorccubus"},{"floor":30,"key":"PageOfLittleHelper"}],"event_choices":[{"damage_healed":0,"gold_gain":0,"player_choice":"Leave","damage_taken":0,"max_hp_gain":0,"max_hp_loss":0,"event_name":"The Cleric","floor":5,"gold_loss":0},{"damage_healed":0,"gold_gain":0,"cards_transformed":["LightAttack"],"player_choice":"Transformed","damage_taken":0,"max_hp_gain":0,"max_hp_loss":0,"event_name":"Transmorgrifier","floor":13,"gold_loss":0,"cards_obtained":["SuppressingShot"]},{"damage_healed":0,"gold_gain":0,"player_choice":"0 cards matched","damage_taken":0,"max_hp_gain":0,"max_hp_loss":0,"event_name":"Match and Keep!","floor":31,"gold_loss":0,"cards_obtained":[]}],"is_beta":false,"boss_relics":[{"not_picked":["testmod-DreamHouse","aspiration:IroncladSkillbook"],"picked":"JellyFishMachine"},{"not_picked":["hubris:ScarierMask","hubris:RunicObelisk"],"picked":"ShadowXiaoBlade"}],"items_purged_floors":[8,8,8,8,8,8,8,20,20,20,20,29],"is_endless":false,"potions_floor_spawned":[2,4,6,16,19,21,30,33],"ascension_level":20}}