{"host":"l60rmjjsfi0fipmi","time":1610916613,"event":{"mods":["BaseMod","Colored Map","DeckTracker","Highlight Path","Minty Spire (QoL Compilation)","StSLib","The Cursed","The Servant 0.9.4"],"gold_per_floor":[109,121,138,194,144,169,92,92,172,207,221,221,241,257,257,257,257],"floor_reached":16,"language":"ENG","playtime":1395,"items_purged":[],"score":129,"play_id":"0cd9a2e5-44d5-4ed7-a0de-c83f91811026","local_time":"20210117155013","is_ascension_mode":true,"campfire_choices":[{"data":"TheCursedMod:NeowsMight","floor":8,"key":"SMITH"},{"floor":12,"key":"REST"},{"data":"TheCursedMod:CircleOfWindfury","floor":15,"key":"SMITH"}],"circlet_count":0,"master_deck":["TheCursedMod:Strike_TheCursed","TheCursedMod:Strike_TheCursed","TheCursedMod:Strike_TheCursed","TheCursedMod:Defend_TheCursed","TheCursedMod:Defend_TheCursed","TheCursedMod:Defend_TheCursed","TheCursedMod:Defend_TheCursed","TheCursedMod:CursedWand","TheCursedMod:CleanUpWorkshop","TheCursedMod:Dregs","TheCursedMod:NeowsMight+1","TheCursedMod:CursedMace","TheCursedMod:Wield","TheCursedMod:AshesToAshes","TheCursedMod:CursedBoomerang","TheCursedMod:LuckyCharm","TheCursedMod:TacticalStrike","TheCursedMod:RapidMovement","TheCursedMod:CursedBlade","TheCursedMod:CircleOfWindfury+1","TheCursedMod:SmokeScreen"],"relics":["TheCursedMod:BlackMagic101","Dream Catcher","Bottled Lightning","HornCleat"],"acts_visited":["Exordium"],"potions_floor_usage":[16,16,16,16,16],"damage_taken":[{"damage":1,"enemies":"2 Louse","floor":1,"turns":2},{"damage":4,"enemies":"Small Slimes","floor":2,"turns":4},{"damage":0,"enemies":"Jaw Worm","floor":3,"turns":2},{"damage":19,"enemies":"Lagavulin","floor":6,"turns":6},{"damage":26,"enemies":"3 Sentries","floor":10,"turns":8},{"damage":1,"enemies":"Red Slaver","floor":11,"turns":2},{"damage":0,"enemies":"Large Slime","floor":13,"turns":4},{"damage":5,"enemies":"Exordium Wildlife","floor":14,"turns":3},{"damage":42,"enemies":"The Guardian","floor":16,"turns":15}],"seed_played":"-4256533672744641343","potions_obtained":[{"floor":1,"key":"EntropicBrew"},{"floor":10,"key":"Strength Potion"},{"floor":13,"key":"Ancient Potion"}],"is_trial":false,"path_per_floor":["M","M","M","?","?","E","$","R","T","E","M","R","M","M","R","B"],"character_chosen":"THE_CURSED","items_purchased":["TheCursedMod:LuckyCharm"],"campfire_rested":1,"item_purchase_floors":[7],"current_hp_per_floor":[74,70,70,70,70,51,51,51,51,25,24,46,46,41,41,0,0],"gold":257,"neow_bonus":"ONE_RANDOM_RARE_CARD","is_daily":false,"chose_seed":false,"campfire_upgraded":2,"win_rate":0.0,"timestamp":1610916613,"path_taken":["M","M","M","?","?","E","$","R","T","E","M","R","M","M","R","BOSS"],"items_purchased_type":["Card"],"build_version":"2020-12-22","purchased_purges":0,"victory":false,"max_hp_per_floor":[75,75,75,75,75,75,75,75,75,75,75,75,75,75,75,75,75],"card_choices":[{"not_picked":["TheCursedMod:SmokeScreen","TheCursedMod:TacticalStrike"],"picked":"TheCursedMod:CursedMace","floor":1},{"not_picked":["TheCursedMod:SpitefulStrike","TheCursedMod:Grudge"],"picked":"TheCursedMod:Wield","floor":2},{"not_picked":["TheCursedMod:SpitefulStrike","TheCursedMod:CircleOfFlame"],"picked":"TheCursedMod:AshesToAshes","floor":3},{"not_picked":["TheCursedMod:FuryStrike","TheCursedMod:BlessingInDisguise"],"picked":"TheCursedMod:CursedBoomerang","floor":6},{"not_picked":["TheCursedMod:VitalStrike","TheCursedMod:Stretching"],"picked":"TheCursedMod:TacticalStrike","floor":10},{"not_picked":["TheCursedMod:NeowsMight","TheCursedMod:Mangle"],"picked":"TheCursedMod:RapidMovement","floor":11},{"not_picked":["TheCursedMod:RavingStaff","TheCursedMod:WearCloak"],"picked":"TheCursedMod:CursedBlade","floor":12},{"not_picked":["TheCursedMod:Stretching","TheCursedMod:RapidMovement"],"picked":"TheCursedMod:CircleOfWindfury","floor":13},{"not_picked":["TheCursedMod:ReleasedKnowledge","TheCursedMod:VitalStrike"],"picked":"TheCursedMod:SmokeScreen","floor":14}],"player_experience":463393,"relics_obtained":[{"floor":6,"key":"Dream Catcher"},{"floor":9,"key":"Bottled Lightning"},{"floor":10,"key":"HornCleat"}],"event_choices":[{"damage_healed":0,"gold_gain":56,"player_choice":"Gained Gold","damage_taken":0,"max_hp_gain":0,"max_hp_loss":0,"event_name":"Golden Wing","floor":4,"gold_loss":0},{"cards_removed":["TheCursedMod:Strike_TheCursed"],"damage_healed":0,"gold_gain":0,"player_choice":"Card Removal","damage_taken":0,"max_hp_gain":0,"max_hp_loss":0,"event_name":"The Cleric","floor":5,"gold_loss":50}],"is_beta":false,"boss_relics":[],"items_purged_floors":[],"is_endless":false,"potions_floor_spawned":[1,10,13],"killed_by":"The Guardian","ascension_level":3}}