{"host":"hmtuahrtrcu9fql1","time":1610861725,"event":{"mods":["AchievementEnabler","BaseMod","Colored Map","Minty Spire (QoL Compilation)","Rare Cards Sparkle","SuperFastMode"],"gold_per_floor":[111,61,72,92,109,109,120,135,161,161,161,161],"floor_reached":11,"language":"KOR","playtime":242,"items_purged":[],"score":67,"play_id":"8645b0d8-a3c9-4fec-8da9-891d51f4b227","local_time":"20210117143525","is_ascension_mode":false,"campfire_choices":[{"data":"Backflip","floor":6,"key":"SMITH"},{"data":"Quick Slash","floor":10,"key":"SMITH"}],"circlet_count":0,"master_deck":["Strike_G","Strike_G","Strike_G","Strike_G","Defend_G","Defend_G","Defend_G","Defend_G","Defend_G","Survivor","Neutralize","Quick Slash+1","Backflip+1","Tactician"],"relics":["HoveringKite","Vajra"],"acts_visited":["Exordium"],"potions_floor_usage":[],"damage_taken":[{"damage":4,"enemies":"Jaw Worm","floor":1,"turns":6},{"damage":14,"enemies":"Cultist","floor":3,"turns":6},{"damage":2,"enemies":"2 Louse","floor":4,"turns":3},{"damage":2,"enemies":"Looter","floor":5,"turns":4},{"damage":0,"enemies":"Exordium Wildlife","floor":7,"turns":5},{"damage":16,"enemies":"Large Slime","floor":8,"turns":11},{"damage":37,"enemies":"Lagavulin","floor":11,"turns":5}],"seed_played":"2907059917538703141","potions_obtained":[{"floor":1,"key":"Weak Potion"},{"floor":5,"key":"SteroidPotion"}],"is_trial":false,"path_per_floor":["M","?","M","M","M","R","M","M","T","R","E"],"character_chosen":"THE_SILENT","items_purchased":[],"campfire_rested":0,"item_purchase_floors":[],"current_hp_per_floor":[66,66,52,50,48,48,48,32,32,32,0,0],"gold":161,"neow_bonus":"BOSS_RELIC","is_daily":false,"chose_seed":false,"campfire_upgraded":2,"win_rate":0.0,"timestamp":1610861725,"path_taken":["M","?","M","M","M","R","M","M","T","R","E"],"items_purchased_type":[],"build_version":"2020-12-22","purchased_purges":0,"victory":false,"max_hp_per_floor":[70,70,70,70,70,70,70,70,70,70,70,70],"card_choices":[{"not_picked":["Eviscerate","Deadly Poison"],"picked":"Quick Slash","floor":1},{"not_picked":["Reflex","Endless Agony"],"picked":"Backflip","floor":3},{"not_picked":["Deflect","Slice","Dagger Spray"],"picked":"SKIP","floor":4},{"not_picked":["Tools of the Trade","Crippling Poison"],"picked":"Tactician","floor":5},{"not_picked":["Choke","Terror","Acrobatics"],"picked":"SKIP","floor":7},{"not_picked":["All Out Attack","Deflect","Dash"],"picked":"SKIP","floor":8}],"player_experience":10102,"relics_obtained":[{"floor":9,"key":"Vajra"}],"event_choices":[{"cards_removed":["Strike_G"],"damage_healed":0,"gold_gain":0,"player_choice":"Card Removal","damage_taken":0,"max_hp_gain":0,"max_hp_loss":0,"event_name":"The Cleric","floor":2,"gold_loss":50}],"is_beta":false,"boss_relics":[],"items_purged_floors":[],"is_endless":false,"potions_floor_spawned":[1,5],"killed_by":"Lagavulin","ascension_level":0}}