{"host":"zivz6e0vf73jivdq","time":1610885031,"event":{"mods":["ATMod(°¢èªMod)","Act Like it!","BaseMod","Friendly Minions","Gensokyo","HololiveMod","Koishi","Marisa£¨ìFÓê¡¡Ä§ÀíÉ³£©","Minty Spire (QoL Compilation)","MostiFishMod","Pale of the Ancients","Prisma Mod","Reimu£¨²©ÀöÁéÃÎ£©","Remilia£¨ÀÙÃ×ÀòÑÇ£©","Replay The Spire","RumiaBox-Â¶Ã×æ«µÄÉñÃØºÐ×Ó","StSLib","The Jungle","The Servant 0.9.4","Yakumo Yukari mod","Youmu£¨»êÆÇÑýÃÎ£©","¡¾ÒÅÎï¿¨ÅÆ¡¿REMEMod"],"gold_per_floor":[116,135,154,154,173,173,193,224,224,253,266,286,321,340,340,540,540,552,572,265,284,294,422,422,547,547,675,686,686,701,826,826,1131,1131,1149,1169,1186,635,635,763,763,963,963,516,526,651,665,378,378,478,478,478,18,247,347],"floor_reached":56,"language":"ZHS","playtime":4582,"items_purged":["REME_Compress","Lust_TH","Dualcast+1","Sunder+1"],"score":3110,"play_id":"8aa921e6-5d07-4619-88d3-13ed9d95288b","local_time":"20210117200351","is_ascension_mode":true,"campfire_choices":[{"data":"MostiFishMod:Listen","floor":6.0,"key":"SMITH"},{"floor":24.0,"key":"RECALL"},{"data":"ReplayTheSpireMod:Calculation Training","floor":32.0,"key":"SMITH"},{"data":"Amplify","floor":41.0,"key":"SMITH"},{"data":"AT_ThreeBodyProblem","floor":49.0,"key":"SMITH"},{"floor":52.0,"key":"REST"}],"circlet_count":0,"master_deck":["Zap+1","MostiFishMod:Listen+1","AT_WaterDrop+1","Skim+1","Coolheaded+1","Chill+1","Hologram+1","Finesse+1","Crystallizer+1","Buffer+1","Glacier+1","ReplayTheSpireMod:Calculation Training+1","AT_ThunderBolt+1","Turbo+1","Mirror Shield+1","Leap+1","Amplify+1","AT_StudyProgram+1","ReplayTheSpireMod:Calculation Training+1","Skim+1","Defragment+1","Storm+1","AT_DarkMatter+1","MostiFishMod:LinkProtocol+1","Loop+1","FIFO Queue+1","ReplayTheSpireMod:Calculation Training+1","Turbo+1","Recycle+1","All For One+1","AT_EMC2+1","REME_ForAll+1","FIFO Queue+1","Buffer+1","Double Energy+1","Finesse+1","Panic Button+1","AT_ThreeBodyProblem+1","Aggregate+1","MostiFishMod:GatherIntelligence+1","MostiFishMod:StoryBook+1"],"relics":["Cracked Core","DaveBox","REME_ComplimentaryCards","AT_ATBox","FeatherPendant","SynthV:TestCard","ReplayTheSpireMod:TigerMarble","REME_LimitBreaker","Singing Bowl","AT_TheCollector","Pandora\u0027s Box","Oddly Smooth Stone","Carrot","Toxic Egg 2","Pet Ghost","ReplayFunnel","ChiXiaoBlade","Prayer Wheel","Prayer Wheel","Anchor","Geode","Juzu Bracelet","Prayer Wheel","Happy Flower","Replay:Accelerometer","Ice Cream","MostiFishMod:AdaptiveDefenses","Bottled Tornado"],"acts_visited":["Exordium","TheCity","TheBeyond","TheEnding"],"potions_floor_usage":[55],"damage_taken":[{"damage":0.0,"enemies":"2 Louse","floor":1.0,"turns":3.0},{"damage":3.0,"enemies":"Cultist","floor":2.0,"turns":1.0},{"damage":1.0,"enemies":"Small Slimes","floor":3.0,"turns":2.0},{"damage":0.0,"enemies":"2 Fungi Beasts","floor":5.0,"turns":2.0},{"damage":0.0,"enemies":"Lots of Slimes","floor":7.0,"turns":4.0},{"damage":6.0,"enemies":"Replay:BlueRogue","floor":8.0,"turns":3.0},{"damage":0.0,"enemies":"Gremlin Nob","floor":10.0,"turns":2.0},{"damage":3.0,"enemies":"Large Slime","floor":11.0,"turns":4.0},{"damage":0.0,"enemies":"Exordium Thugs","floor":12.0,"turns":1.0},{"damage":0.0,"enemies":"Exordium Wildlife","floor":14.0,"turns":1.0},{"damage":3.0,"enemies":"Slime Boss","floor":16.0,"turns":3.0},{"damage":0.0,"enemies":"2 Thieves","floor":18.0,"turns":3.0},{"damage":0.0,"enemies":"Chosen","floor":19.0,"turns":3.0},{"damage":2.0,"enemies":"Centurion and Healer","floor":21.0,"turns":7.0},{"damage":0.0,"enemies":"Snecko","floor":22.0,"turns":4.0},{"damage":0.0,"enemies":"Gremlin Leader","floor":23.0,"turns":4.0},{"damage":0.0,"enemies":"Slavers","floor":25.0,"turns":1.0},{"damage":0.0,"enemies":"Gremlin Leader","floor":27.0,"turns":1.0},{"damage":0.0,"enemies":"Chosen and Byrds","floor":28.0,"turns":2.0},{"damage":0.0,"enemies":"Snake Plant","floor":30.0,"turns":1.0},{"damage":0.0,"enemies":"Book of Stabbing","floor":31.0,"turns":1.0},{"damage":0.0,"enemies":"Pondfish","floor":33.0,"turns":5.0},{"damage":0.0,"enemies":"Orb Walker","floor":35.0,"turns":2.0},{"damage":0.0,"enemies":"3 Shapes","floor":36.0,"turns":1.0},{"damage":0.0,"enemies":"Writhing Mass","floor":37.0,"turns":2.0},{"damage":0.0,"enemies":"Giant Head","floor":40.0,"turns":1.0},{"damage":0.0,"enemies":"Giant Head","floor":42.0,"turns":1.0},{"damage":0.0,"enemies":"Sphere and 2 Shapes","floor":45.0,"turns":2.0},{"damage":0.0,"enemies":"R_Hoarder","floor":46.0,"turns":3.0},{"damage":0.0,"enemies":"3 Darklings","floor":47.0,"turns":1.0},{"damage":10.0,"enemies":"Time Eater","floor":50.0,"turns":4.0},{"damage":0.0,"enemies":"Shield and Spear","floor":54.0,"turns":1.0},{"damage":1,"enemies":"The Heart","floor":55,"turns":4}],"seed_played":"1094442862700533352","potions_obtained":[{"floor":2.0,"key":"Fruit Juice"},{"floor":5.0,"key":"Swift Potion"},{"floor":7.0,"key":"FocusPotion"},{"floor":12.0,"key":"AttackPotion"},{"floor":25.0,"key":"Adrenaline Potion"},{"floor":28.0,"key":"Elixir"},{"floor":33.0,"key":"Dexterity Potion"},{"floor":37.0,"key":"FairyPotion"}],"is_trial":false,"path_per_floor":["M","M","M","?","M","R","M","E","T","E","M","M","?","M","R","B",null,"M","M","$","M","M","E","R","E","T","E","M","?","M","E","R","B",null,"M","M","M","$","?","E","R","?","T","$","M","E","M","$","R","B",null,"R","$","E","B",null],"character_chosen":"DEFECT","items_purchased":["Defragment","Oddly Smooth Stone","Anchor","Geode","REME_ForAll","Happy Flower","Double Energy+1","Finesse+1","Ice Cream","MostiFishMod:StoryBook+1","MostiFishMod:AdaptiveDefenses"],"campfire_rested":1,"item_purchase_floors":[20,20,38,38,38,44,44,44,48,53,53],"current_hp_per_floor":[68,65,64,64,64,64,69,63,63,65,64,64,43,43,43,40,73,75,77,77,75,77,79,79,79,79,79,79,79,79,79,79,79,89,92,92,94,94,94,96,96,98,98,98,100,100,108,108,108,98,106,108,108,110,109],"gold":347,"neow_bonus":"REMOVE_CARD","is_daily":false,"chose_seed":false,"campfire_upgraded":4,"win_rate":0.0,"timestamp":1610885031,"path_taken":["M","M","M","?","M","R","?","E","T","E","?","M","?","M","R","BOSS","M","M","$","M","M","E","R","E","T","E","M","?","M","E","R","BOSS","M","M","M","$","?","E","R","?","T","$","M","E","M","$","R","BOSS","R","$","E","BOSS"],"items_purchased_type":["Card","Relic","Relic","Relic","Card","Relic","Card","Card","Relic","Card","Relic"],"build_version":"2020-12-22","purchased_purges":4,"victory":true,"max_hp_per_floor":[75,75,75,75,75,75,80,80,80,82,84,84,84,84,84,84,84,86,88,88,88,90,92,92,92,92,92,92,92,92,92,92,92,92,92,92,94,94,94,96,96,98,98,98,100,100,108,108,108,108,108,108,108,110,110],"card_choices":[{"not_picked":["Lockon","Redo"],"picked":"Sunder","floor":1.0},{"not_picked":["Beam Cell","Scrape","AT_HeatAcrobatics","Rebound"],"picked":"Skim","floor":2.0},{"not_picked":["Rip and Tear","Steam","ReplaySort","Streamline"],"picked":"Coolheaded","floor":3.0},{"not_picked":["MostiFishMod:DeathFromBelow","Conserve Battery","Storm","REME_Whirling","BasicCrystalCard"],"picked":"SKIP","floor":5.0},{"not_picked":["Hologram","Compile Driver","Storm","Steam"],"picked":"Crystallizer","floor":7.0},{"not_picked":["BasicCrystalCard","Reinforced Body","MostiFishMod:Impulse","Sweeping Beam"],"picked":"Buffer","floor":8.0},{"not_picked":["Multi-Cast","Skim","Coolheaded","Steam","Ball Lightning"],"picked":"Singing Bowl","floor":10.0},{"not_picked":["Sweeping Beam","Steam","MostiFishMod:DawningShadow","Stack","Conserve Battery"],"picked":"Singing Bowl","floor":11.0},{"not_picked":["BasicCrystalCard","Steam","Redo","Melter"],"picked":"Glacier","floor":12.0},{"not_picked":["Self Repair","Compile Driver","Stack","Double Energy"],"picked":"ReplayTheSpireMod:Calculation Training","floor":13.0},{"not_picked":["Panic Button","BasicCrystalCard","Beam Cell","Gash"],"picked":"AT_ThunderBolt","floor":14.0},{"not_picked":["MostiFishMod:Culaccino","Meteor Strike","Buffer","Core Surge"],"picked":"Mirror Shield","floor":16.0},{"not_picked":["Stack","Lockon","Gash+1","Hologram","Beam Cell"],"picked":"Singing Bowl","floor":18.0},{"not_picked":["Streamline","Compile Driver","Melter","Steam","Crystallizer"],"picked":"Singing Bowl","floor":19.0},{"not_picked":["Coolheaded","Conserve Battery","Barrage","Hyperbeam"],"picked":"Storm","floor":21.0},{"not_picked":["Hologram","Stack","Barrage+1","REME_Whirling","Leap+1"],"picked":"Singing Bowl","floor":22.0},{"not_picked":["MostiFishMod:PushDownKick","AT_HeatAcrobatics","Leap","Ball Lightning","Biased Cognition"],"picked":"Singing Bowl","floor":23.0},{"not_picked":["ReplaySort+1","MostiFishMod:StarOceanB","Streamline","Melter+1"],"picked":"AT_DarkMatter","floor":25.0},{"not_picked":["BasicCrystalCard+1","Electrodynamics","ReplayTheSpireMod:Omega Cannon","Streamline"],"picked":"MostiFishMod:LinkProtocol+1","floor":27.0},{"not_picked":["Barrage","Gash","Conserve Battery+1","Defragment"],"picked":"Loop","floor":28.0},{"not_picked":["Compile Driver","Loop","Stack+1","Storm"],"picked":"FIFO Queue","floor":30.0},{"not_picked":["Steam+1","Time Bomb+1","Fusion+1","Crystallizer"],"picked":"ReplayTheSpireMod:Calculation Training+1","floor":31.0},{"not_picked":["Amplify+1","AT_WaterDrop","MostiFishMod:InterfaceCompatibility","MostiFishMod:Culaccino+1"],"picked":"ReplayTheSpireMod:Fabricate Wheel+1","floor":33.0},{"not_picked":["BasicCrystalCard+1","Consume+1","AT_HeatAcrobatics+1","Rebound"],"picked":"Turbo+1","floor":35.0},{"not_picked":["Barrage+1","ReplayTheSpireMod:Repulse+1","MostiFishMod:PushDownKick","Steam Power+1"],"picked":"Recycle+1","floor":36.0},{"not_picked":["Aggregate+1","Stack+1","Hologram+1","Heatsinks"],"picked":"All For One","floor":37.0},{"not_picked":["ReplayTheSpireMod:GoodbyeWorld+1","Compile Driver","Chaos+1","Capacitor+1"],"picked":"AT_EMC2+1","floor":37.0},{"not_picked":["Panic Button+1","Hologram+1","Barrage","MostiFishMod:PushDownKick+1","Cold Snap"],"picked":"Singing Bowl","floor":37.0},{"not_picked":["Doom and Gloom","MostiFishMod:Exploitation+1","Self Repair","Ball Lightning","MostiFishMod:LinkProtocol+1"],"picked":"Singing Bowl","floor":40.0},{"not_picked":["REME_Compress+1","Ball Lightning+1","Barrage","Force Field+1","Steam+1"],"picked":"Singing Bowl","floor":42.0},{"not_picked":["Turbo+1","Ball Lightning","ReplaySort+1","Fusion+1"],"picked":"Panic Button+1","floor":45.0},{"not_picked":["Melter+1","AT_WarpDrive+1","Hello World","Scrape+1"],"picked":"AT_ThreeBodyProblem","floor":45.0},{"not_picked":["Leap+1","Beam Cell","Stack+1","Go for the Eyes","BasicCrystalCard+1"],"picked":"Singing Bowl","floor":45.0},{"not_picked":["Recycle+1","AT_HeatAcrobatics+1","ReplaySolidLightProjector+1","Conserve Battery+1"],"picked":"Aggregate+1","floor":45.0},{"not_picked":["Auto Shields+1","Cold Snap","BasicCrystalCard+1","MostiFishMod:DeathFromBelow"],"picked":"MostiFishMod:GatherIntelligence+1","floor":46.0},{"not_picked":["Go for the Eyes+1","Chill+1","Coolheaded+1","MostiFishMod:FluxCapactior+1","Gash"],"picked":"Singing Bowl","floor":47.0},{"not_picked":["Gash+1","Compile Driver","Stack+1","Hologram+1","Turbo+1"],"picked":"Singing Bowl","floor":47.0},{"not_picked":["MostiFishMod:PushDownKick","REME_SelfUpgrade","Steam+1","Go for the Eyes","Rebound"],"picked":"Singing Bowl","floor":47.0},{"not_picked":["REME_SelfUpgrade+1","Steam+1","Beam Cell+1","Gash","Ball Lightning"],"picked":"Singing Bowl","floor":47.0},{"not_picked":["ReplaySort+1","Compile Driver+1","Rainbow+1","Defragment","Barrage"],"picked":"Singing Bowl","floor":54}],"player_experience":788818,"relics_obtained":[{"floor":1.0,"key":"SynthV:TestCard"},{"floor":8.0,"key":"ReplayTheSpireMod:TigerMarble"},{"floor":9.0,"key":"REME_LimitBreaker"},{"floor":10.0,"key":"Singing Bowl"},{"floor":13.0,"key":"AT_TheCollector"},{"floor":23.0,"key":"Carrot"},{"floor":26.0,"key":"Toxic Egg 2"},{"floor":27.0,"key":"Pet Ghost"},{"floor":31.0,"key":"ReplayFunnel"},{"floor":40.0,"key":"Juzu Bracelet"},{"floor":46.0,"key":"Replay:Accelerometer"},{"floor":54,"key":"Bottled Tornado"}],"event_choices":[{"damage_healed":0.0,"max_hp_gain":0.0,"max_hp_loss":0.0,"gold_gain":0.0,"event_name":"Match and Keep!","player_choice":"3 cards matched","floor":4.0,"gold_loss":0.0,"damage_taken":0.0,"cards_obtained":["Chill","Hologram","Finesse"]},{"damage_healed":0.0,"max_hp_gain":0.0,"max_hp_loss":0.0,"gold_gain":0.0,"event_name":"Duplicator","player_choice":"Copied","floor":39.0,"gold_loss":0.0,"damage_taken":0.0,"cards_obtained":["FIFO Queue"]}],"is_beta":false,"boss_relics":[{"not_picked":["Cursed Key","Hololive_Finger"],"picked":"Pandora\u0027s Box"},{"not_picked":["GuanYuAspect","AT_MortalBlade"],"picked":"ChiXiaoBlade"}],"items_purged_floors":[20,38,44,53],"is_endless":false,"potions_floor_spawned":[2,5,7,12,14,16,18,21,25,28,30,33,37,42,46,54],"ascension_level":12}}