{"host":"id1lehtnb7dzklac","time":1610869214,"event":{"mods":["AchievementEnabler","BaseMod","Block Reminder","Colored Map","Highlight Path","Minty Spire (QoL Compilation)","Permanent Neow","Random Character Button","StSLib","slay the spire mod where everything is the same but ironclad has a cowboy hat"],"gold_per_floor":[364,221,3,20,32,58,72,72,72,82,32,47,73,87,87,190,190,200,212,226,151,162,195,195,221,221,247,247,247],"floor_reached":28,"language":"ENG","playtime":1543,"items_purged":[],"score":333,"play_id":"7741b1bf-6341-4c5d-95fa-8a739f84f516","local_time":"20210117154014","is_ascension_mode":true,"campfire_choices":[{"data":"EmptyFist","floor":8.0,"key":"SMITH"},{"data":"Meditate","floor":15.0,"key":"SMITH"},{"data":"Scrawl","floor":24,"key":"SMITH"}],"circlet_count":0,"master_deck":["Strike_P","Strike_P","Defend_P","Defend_P","Defend_P","Defend_P","Eruption","Vigilance","EmptyFist+1","Scrawl+1","Conclude","MentalFortress","CutThroughFate","CrushJoints","Halt","Meditate+1","EmptyFist","DevaForm","ThirdEye+1","Tantrum","Adaptation","MentalFortress+1","LessonLearned"],"relics":["PureWater","Frozen Eye","Happy Flower","Bottled Lightning","Du-Vu Doll","SlaversCollar","Art of War","Question Card","Pen Nib","The Courier"],"acts_visited":["Exordium","TheCity"],"potions_floor_usage":[23,25,27],"damage_taken":[{"damage":0.0,"enemies":"Cultist","floor":1.0,"turns":2.0},{"damage":0.0,"enemies":"2 Louse","floor":4.0,"turns":2.0},{"damage":2.0,"enemies":"Small Slimes","floor":5.0,"turns":3.0},{"damage":13.0,"enemies":"3 Sentries","floor":6.0,"turns":5.0},{"damage":1.0,"enemies":"2 Fungi Beasts","floor":7.0,"turns":2.0},{"damage":0.0,"enemies":"3 Louse","floor":10.0,"turns":1.0},{"damage":0.0,"enemies":"Large Slime","floor":12.0,"turns":2.0},{"damage":4.0,"enemies":"Gremlin Nob","floor":13.0,"turns":3.0},{"damage":0.0,"enemies":"Looter","floor":14.0,"turns":1.0},{"damage":32.0,"enemies":"The Guardian","floor":16.0,"turns":12.0},{"damage":11,"enemies":"Spheric Guardian","floor":18,"turns":4},{"damage":0,"enemies":"3 Byrds","floor":19,"turns":4},{"damage":0,"enemies":"Centurion and Healer","floor":20,"turns":6},{"damage":10,"enemies":"Cultist and Chosen","floor":22,"turns":5},{"damage":20,"enemies":"Gremlin Leader","floor":23,"turns":5},{"damage":26,"enemies":"Slavers","floor":25,"turns":3},{"damage":0,"enemies":"Book of Stabbing","floor":27,"turns":4},{"damage":0,"enemies":"Masked Bandits","floor":28,"turns":2}],"seed_played":"4875513883199866784","potions_obtained":[{"floor":5.0,"key":"ColorlessPotion"},{"floor":10.0,"key":"Fruit Juice"},{"floor":16.0,"key":"Strength Potion"},{"floor":18,"key":"DuplicationPotion"},{"floor":22,"key":"Block Potion"}],"is_trial":false,"path_per_floor":["M","$","$","M","M","E","M","R","T","M","?","M","E","M","R","B",null,"M","M","M","?","M","E","R","E","T","E","?"],"character_chosen":"WATCHER","items_purchased":["Frozen Eye","Scrawl","Conclude"],"campfire_rested":0,"item_purchase_floors":[2,3,3],"current_hp_per_floor":[65,65,65,65,63,50,49,49,49,49,49,49,45,45,45,18,70,59,59,59,59,49,29,29,3,3,3,3,3],"gold":247,"neow_bonus":"TWO_FIFTY_GOLD","is_daily":false,"chose_seed":false,"campfire_upgraded":3,"win_rate":0.0,"timestamp":1610869214,"path_taken":["M","?","$","M","M","E","M","R","T","M","?","M","E","M","R","BOSS","M","M","M","?","M","E","R","E","T","E","?"],"items_purchased_type":["Relic","Card","Card"],"build_version":"2020-12-22","purchased_purges":0,"victory":false,"max_hp_per_floor":[65,65,65,65,65,65,65,65,65,65,65,65,65,65,65,70,70,70,70,70,70,70,70,70,70,70,70,70,70],"card_choices":[{"not_picked":["DeceiveReality","PathToVictory"],"picked":"EmptyFist","floor":1.0},{"not_picked":["Evaluate","InnerPeace"],"picked":"MentalFortress","floor":4.0},{"not_picked":["Crescendo","PathToVictory","FollowUp"],"picked":"SKIP","floor":5.0},{"not_picked":["WaveOfTheHand","Wireheading"],"picked":"CutThroughFate","floor":6.0},{"not_picked":["Weave","BowlingBash"],"picked":"CrushJoints","floor":7.0},{"not_picked":["DeusExMachina","Evaluate"],"picked":"Halt","floor":10.0},{"not_picked":["Protect","Prostrate"],"picked":"Meditate","floor":12.0},{"not_picked":["Prostrate","Nirvana","SashWhip"],"picked":"SKIP","floor":13.0},{"not_picked":["ForeignInfluence","Worship"],"picked":"EmptyFist","floor":14.0},{"not_picked":["Ragnarok","DeusExMachina"],"picked":"DevaForm","floor":16.0},{"not_picked":["SashWhip+1","Worship","Prostrate"],"picked":"SKIP","floor":18},{"not_picked":["CarveReality","WreathOfFlame+1"],"picked":"ThirdEye+1","floor":19},{"not_picked":["Prostrate+1","CrushJoints","Worship"],"picked":"SKIP","floor":20},{"not_picked":["Protect","Halt+1"],"picked":"Tantrum","floor":22},{"not_picked":["BowlingBash","Nirvana"],"picked":"Adaptation","floor":23},{"not_picked":["EmptyBody","Indignation+1"],"picked":"MentalFortress+1","floor":25},{"not_picked":["Prostrate","CrushJoints","EmptyBody"],"picked":"LessonLearned","floor":27}],"player_experience":217496,"relics_obtained":[{"floor":6.0,"key":"Happy Flower"},{"floor":9.0,"key":"Bottled Lightning"},{"floor":13.0,"key":"Du-Vu Doll"},{"floor":23,"key":"Art of War"},{"floor":25,"key":"Question Card"},{"floor":26,"key":"Pen Nib"},{"floor":27,"key":"The Courier"}],"event_choices":[{"cards_removed":["Strike_P"],"damage_healed":0.0,"max_hp_gain":0.0,"max_hp_loss":0.0,"gold_gain":0.0,"event_name":"The Cleric","player_choice":"Card Removal","floor":11.0,"gold_loss":50.0,"damage_taken":0.0},{"cards_removed":["Strike_P"],"damage_healed":0,"gold_gain":0,"player_choice":"Gave Gold","damage_taken":0,"max_hp_gain":0,"max_hp_loss":0,"event_name":"Beggar","floor":21,"gold_loss":75},{"damage_healed":0,"gold_gain":0,"player_choice":"Fought Bandits","damage_taken":0,"max_hp_gain":0,"max_hp_loss":0,"event_name":"Masked Bandits","floor":28,"gold_loss":0}],"is_beta":false,"boss_relics":[{"not_picked":["Busted Crown","Ectoplasm"],"picked":"SlaversCollar"}],"items_purged_floors":[],"is_endless":false,"potions_floor_spawned":[1,5,10,14,16,18,22],"killed_by":"Masked Bandits","ascension_level":1}}