{"host":"yuhy0i501zzmn1iz","time":1610867985,"event":{"mods":["AchievementEnabler","AlwaysNeverKeys","BaseMod","Bestiary","Better Match","Better Third Choice","Curses Come First","Downfall","Minty Spire (QoL Compilation)","StSLib","slay the spire mod where everything is the same but ironclad has a cowboy hat"],"gold_per_floor":[109,59,71,246,257,257,288,288,288,321,333,350,380,394,394,494,494,507,507,525,540,551,584,598,629,655,655,655],"floor_reached":27,"language":"ENG","playtime":1755,"items_purged":[],"score":309,"play_id":"adaae264-c9c3-4c61-be9c-125a3bfc4303","local_time":"20210117021945","is_ascension_mode":true,"campfire_choices":[{"data":"Infinite Blades","floor":6.0,"key":"SMITH"},{"floor":8.0,"key":"REST"},{"floor":15.0,"key":"REST"}],"circlet_count":0,"master_deck":["Survivor","Neutralize","Deadly Poison","Infinite Blades+1","Doubt","Caltrops","Bullet Time","Catalyst+1","Cloak And Dagger+1","Prepared+1","Underhanded Strike","Catalyst+1","After Image+1","After Image","Distraction+1","Poisoned Stab","Skewer","Finisher","Tools of the Trade","Bouncing Flask+1","Dodge and Roll+1","Endless Agony","Acrobatics+1","Sucker Punch","Bane+1","Blur+1","Riddle With Holes","Poisoned Stab","Blade Dance+1"],"relics":["Ring of the Snake","NeowsBlessing","Sundial","Meat on the Bone","Toxic Egg 2","Odd Mushroom","Pandora\u0027s Box","White Beast Statue","Red Mask","Vajra"],"acts_visited":["Exordium","TheCity"],"potions_floor_usage":[21,23,25],"damage_taken":[{"damage":0.0,"enemies":"Small Slimes","floor":1.0,"turns":1.0},{"damage":0.0,"enemies":"2 Louse","floor":3.0,"turns":1.0},{"damage":0.0,"enemies":"Jaw Worm","floor":5.0,"turns":1.0},{"damage":45.0,"enemies":"Gremlin Nob","floor":7.0,"turns":6.0},{"damage":37.0,"enemies":"Lagavulin","floor":10.0,"turns":8.0},{"damage":4.0,"enemies":"Blue Slaver","floor":11.0,"turns":6.0},{"damage":18.0,"enemies":"Lots of Slimes","floor":12.0,"turns":5.0},{"damage":11.0,"enemies":"The Mushroom Lair","floor":13.0,"turns":5.0},{"damage":17.0,"enemies":"Gremlin Gang","floor":14.0,"turns":4.0},{"damage":50.0,"enemies":"The Guardian","floor":16.0,"turns":10.0},{"damage":0,"enemies":"Spheric Guardian","floor":18,"turns":2},{"damage":8,"enemies":"Shell Parasite","floor":20,"turns":3},{"damage":0,"enemies":"Centurion and Healer","floor":21,"turns":4},{"damage":25,"enemies":"Snake Plant","floor":22,"turns":3},{"damage":11,"enemies":"Book of Stabbing","floor":23,"turns":6},{"damage":9,"enemies":"Sentry and Sphere","floor":24,"turns":5},{"damage":28,"enemies":"Masked Bandits","floor":25,"turns":5},{"damage":25,"enemies":"Slavers","floor":27,"turns":3}],"seed_played":"8623394896163500931","potions_obtained":[{"floor":3.0,"key":"Regen Potion"},{"floor":11.0,"key":"Ancient Potion"},{"floor":14.0,"key":"Weak Potion"},{"floor":16.0,"key":"SkillPotion"},{"floor":18,"key":"PowerPotion"},{"floor":24,"key":"Weak Potion"},{"floor":25,"key":"hexamod:SoulburnPotion"}],"is_trial":false,"path_per_floor":["M","?","M","?","M","R","E","R","T","E","M","M","?","M","R","B",null,"M","?","M","M","M","E","M","?","T","E"],"character_chosen":"THE_SILENT","items_purchased":[],"campfire_rested":2,"item_purchase_floors":[],"current_hp_per_floor":[70,70,70,70,70,70,25,46,46,21,29,23,38,33,54,16,57,57,57,49,49,36,37,40,24,24,0,0],"gold":655,"neow_bonus":"THREE_ENEMY_KILL","is_daily":false,"chose_seed":false,"campfire_upgraded":1,"win_rate":0.0,"timestamp":1610867985,"path_taken":["M","?","M","?","?","R","E","R","T","E","M","M","?","M","R","BOSS","M","?","M","?","?","E","M","?","T","E"],"items_purchased_type":[],"build_version":"2020-12-22","purchased_purges":0,"victory":false,"max_hp_per_floor":[70,70,70,70,70,70,70,70,70,70,70,70,70,70,70,70,70,70,70,70,70,70,70,70,70,70,70,70],"card_choices":[{"not_picked":["Quick Slash","Poisoned Stab"],"picked":"Deadly Poison","floor":1.0},{"not_picked":["Flying Knee","Predator"],"picked":"Infinite Blades","floor":3.0},{"not_picked":["Sucker Punch","Bane"],"picked":"Caltrops","floor":5.0},{"not_picked":["Outmaneuver","Sucker Punch"],"picked":"Bullet Time","floor":7.0},{"not_picked":["Dagger Spray","Setup+1"],"picked":"Catalyst+1","floor":10.0},{"not_picked":["Outmaneuver+1","PiercingWail+1"],"picked":"Cloak And Dagger+1","floor":11.0},{"not_picked":["Dagger Throw","Tactician+1"],"picked":"Prepared+1","floor":12.0},{"not_picked":["PiercingWail+1","Skewer"],"picked":"Underhanded Strike","floor":13.0},{"not_picked":["Outmaneuver+1","Backflip+1"],"picked":"Catalyst+1","floor":14.0},{"not_picked":["Bullet Time+1","Doppelganger+1"],"picked":"After Image","floor":16.0},{"not_picked":["Dodge and Roll+1","Quick Slash+1"],"picked":"Acrobatics+1","floor":18},{"not_picked":["Flying Knee","Poisoned Stab"],"picked":"Sucker Punch","floor":20},{"not_picked":["Sucker Punch","Flechettes"],"picked":"Bane+1","floor":21},{"not_picked":["Slice+1","Eviscerate"],"picked":"Blur+1","floor":22},{"not_picked":["Cloak And Dagger+1","Predator"],"picked":"Riddle With Holes","floor":23},{"not_picked":["Dodge and Roll+1","Concentrate+1"],"picked":"Poisoned Stab","floor":24},{"not_picked":["Outmaneuver+1","Adrenaline+1"],"picked":"Blade Dance+1","floor":25}],"player_experience":297757,"relics_obtained":[{"floor":7.0,"key":"Sundial"},{"floor":9.0,"key":"Meat on the Bone"},{"floor":10.0,"key":"Toxic Egg 2"},{"floor":13.0,"key":"Odd Mushroom"},{"floor":23,"key":"White Beast Statue"},{"floor":25,"key":"Red Mask"},{"floor":26,"key":"Vajra"}],"event_choices":[{"cards_removed":["Strike_G"],"damage_healed":0.0,"max_hp_gain":0.0,"max_hp_loss":0.0,"gold_gain":0.0,"event_name":"The Cleric","player_choice":"Card Removal","floor":2.0,"gold_loss":50.0,"damage_taken":0.0},{"damage_healed":0.0,"max_hp_gain":0.0,"max_hp_loss":0.0,"gold_gain":175.0,"event_name":"betterThird:BetterSerpent","player_choice":"AGREE","floor":4.0,"gold_loss":0.0,"damage_taken":71.0},{"damage_healed":0.0,"max_hp_gain":0.0,"max_hp_loss":0.0,"gold_gain":0.0,"event_name":"Mushrooms","player_choice":"Fought Mushrooms","floor":13.0,"gold_loss":0.0,"damage_taken":0.0},{"damage_healed":0,"gold_gain":0,"player_choice":"Upgraded","damage_taken":0,"max_hp_gain":0,"max_hp_loss":0,"event_name":"Upgrade Shrine","floor":19,"gold_loss":0,"cards_upgraded":["After Image"]},{"damage_healed":0,"gold_gain":0,"player_choice":"Fought Bandits","damage_taken":0,"max_hp_gain":0,"max_hp_loss":0,"event_name":"Masked Bandits","floor":25,"gold_loss":0}],"is_beta":false,"boss_relics":[{"not_picked":["SacredBark","Fusion Hammer"],"picked":"Pandora\u0027s Box"}],"items_purged_floors":[],"is_endless":false,"potions_floor_spawned":[3,11,14,16,18,24,25],"killed_by":"Slavers","ascension_level":5}}