{"host":"tmgdm9kau0qip004","time":1610868038,"event":{"mods":["BaseMod","Downfall","Marisa£®ÏF”Í°°ƒß¿Ì…≥£©","Minty Spire (QoL Compilation)","READ ME - Guardian Mod","Remilia£®¿Ÿ√◊¿Ú—«£©","StSLib","The Necromancer","The Senshi","vexMod"],"gold_per_floor":[110,110,110,110,125,155,155,171,242,270,284,284,298,309,309,409,409,426,336,347,364,364,364,397,397,397,413,426,437,168,168,168,263,263,277,277,294,309,325,357,357,387,387,422,468,81,93,103,103,103,103,103,103,135,135],"floor_reached":56,"language":"ZHS","playtime":4626,"items_purged":["Defend_RM","Strike_RM+1"],"score":1346,"play_id":"5e359f7e-c2b8-426c-8ce1-665bb5afa53f","local_time":"20210117152038","is_ascension_mode":false,"campfire_choices":[{"floor":7,"key":"RECALL"},{"floor":12,"key":"REST"},{"data":"UnstableMagic","floor":15,"key":"SMITH"},{"floor":23,"key":"REST"},{"data":"DemonKingCradle","floor":32,"key":"SMITH"},{"data":"ScarletShoot","floor":41,"key":"SMITH"},{"data":"DiffusionOfMisfortune","floor":49,"key":"SMITH"},{"data":"ScarletMeister","floor":52,"key":"SMITH"}],"circlet_count":0,"master_deck":["Strike_RM+1","Defend_RM+1","Defend_RM+1","RedMoon+1","ScarletShoot+1","ScarletNetherworld+1","VampireClaw","ScarletCoffin","DiffusionOfMisfortune+1","Stigmanizer","UnstableMagic+1","BombardNight+1","ScarletMeister+1","ScarletSymphony","NightDance+1","LeisurelyOfLord+1","VampireSweep+1","UnderTheZenith+1","DemonKingCradle+1","MastersStateliness","UnstableMagic+1","MastersStateliness+1","NightDance+1","VampireKiss+1","StarOfDavid+1","MillenniumVampire","DiffusionOfMisfortune+1","MillenniumVampire+1","MiserableFate","FitfulNightmare+1","EternalNight+1"],"relics":["ScarletHat","NeowsBlessing","Lantern","War Paint","Bag of Marbles","ScarletEmblem","MealTicket","Pear","Calipers","RedBat","Oddly Smooth Stone","Sozu","vexMod:BarristanHead","Potion Belt","theSenshi:FeatherClipsRelic","Shuriken","Regal Pillow","CatCart","Kunai","Pen Nib"],"acts_visited":["Exordium","TheCity","TheBeyond","TheEnding"],"potions_floor_usage":[16,16,33,33,55],"damage_taken":[{"damage":0,"enemies":"Small Slimes","floor":1,"turns":1},{"damage":0,"enemies":"Jaw Worm","floor":5,"turns":1},{"damage":0,"enemies":"Lagavulin","floor":6,"turns":1},{"damage":0,"enemies":"2 Louse","floor":8,"turns":2},{"damage":33,"enemies":"Gremlin Nob","floor":10,"turns":7},{"damage":1,"enemies":"Exordium Thugs","floor":11,"turns":4},{"damage":0,"enemies":"Large Slime","floor":13,"turns":7},{"damage":0,"enemies":"Lots of Slimes","floor":14,"turns":2},{"damage":6,"enemies":"Hexaghost","floor":16,"turns":15},{"damage":0,"enemies":"Spheric Guardian","floor":18,"turns":3},{"damage":0,"enemies":"2 Thieves","floor":20,"turns":3},{"damage":30,"enemies":"Chosen and Byrds","floor":21,"turns":3},{"damage":21,"enemies":"Gremlin Leader","floor":24,"turns":4},{"damage":0,"enemies":"Snecko","floor":27,"turns":3},{"damage":6,"enemies":"Sentry and Sphere","floor":28,"turns":5},{"damage":6,"enemies":"Snake Plant","floor":29,"turns":2},{"damage":0,"enemies":"Champ","floor":33,"turns":9},{"damage":0,"enemies":"3 Darklings","floor":35,"turns":2},{"damage":0,"enemies":"Orb Walker","floor":37,"turns":3},{"damage":0,"enemies":"4 Shapes","floor":38,"turns":5},{"damage":0,"enemies":"Spire Growth","floor":39,"turns":4},{"damage":24,"enemies":"Nemesis","floor":40,"turns":5},{"damage":21,"enemies":"Reptomancer","floor":42,"turns":5},{"damage":0,"enemies":"Nemesis","floor":44,"turns":7},{"damage":46,"enemies":"Orin","floor":45,"turns":10},{"damage":0,"enemies":"3 Darklings","floor":47,"turns":4},{"damage":10,"enemies":"4 Shapes","floor":48,"turns":2},{"damage":0,"enemies":"Awakened One","floor":50,"turns":10},{"damage":45,"enemies":"Shield and Spear","floor":54,"turns":7},{"damage":145,"enemies":"The Heart","floor":55,"turns":7}],"seed_played":"3672829938935137909","potions_obtained":[{"floor":1,"key":"SpeedPotion"},{"floor":8,"key":"FearPotion"},{"floor":11,"key":"Fire Potion"},{"floor":14,"key":"DestinyDice"},{"floor":18,"key":"Energy Potion"},{"floor":21,"key":"Ancient Potion"},{"floor":27,"key":"bronze:BurnAndBuffPotion"}],"is_trial":false,"path_per_floor":["M","?","?","?","M","E","R","M","T","E","M","R","M","M","R","B",null,"M","?","M","M","T","R","E","?","T","M","M","M","$","?","R","B",null,"M","?","M","M","M","E","R","E","T","E","?","$","M","M","R","B",null,"R","$","E","B",null],"character_chosen":"REMILIA","items_purchased":["Oddly Smooth Stone","MastersStateliness","Kunai","MiserableFate"],"campfire_rested":2,"item_purchase_floors":[30,30,46,46],"current_hp_per_floor":[75,75,75,60,60,60,60,63,63,35,35,57,60,60,60,54,75,75,75,75,45,55,80,69,69,69,84,83,79,85,85,85,85,85,85,85,85,85,85,80,80,75,75,85,80,85,85,85,85,85,85,85,85,77,46],"gold":135,"neow_bonus":"THREE_ENEMY_KILL","is_daily":false,"chose_seed":false,"campfire_upgraded":5,"win_rate":0.0,"timestamp":1610868038,"path_taken":["M","?","?","?","M","E","R","M","T","E","M","R","M","?","R","BOSS","M","?","M","?","?","R","E","?","T","M","?","M","$","?","R","BOSS","M","?","?","M","M","E","R","E","T","E","?","$","M","M","R","BOSS","R","$","E","BOSS"],"items_purchased_type":["Relic","Card","Relic","Card"],"build_version":"2020-12-22","purchased_purges":2,"victory":true,"max_hp_per_floor":[75,75,75,75,75,75,75,75,75,75,75,75,75,75,75,75,75,75,75,75,75,85,85,85,85,85,85,85,85,85,85,85,85,85,85,85,85,85,85,85,85,85,85,85,85,85,85,85,85,85,85,85,85,85,85],"card_choices":[{"not_picked":["UnderTheZenith","EndlessAdversity"],"picked":"ScarletNetherworld","floor":1},{"not_picked":["Stigmanizer","StarOfDavid"],"picked":"VampireClaw","floor":5},{"not_picked":["CharismaGuard","VampireSweep","Stigmanizer"],"picked":"SKIP","floor":6},{"not_picked":["EndlessAdversity","MillenniumVampire"],"picked":"ScarletCoffin","floor":8},{"not_picked":["BloodRain","UnderTheZenith"],"picked":"DiffusionOfMisfortune","floor":10},{"not_picked":["CharismaGuard","DiffusionOfMisfortune"],"picked":"Stigmanizer","floor":11},{"not_picked":["BloodRain","StarOfDavid"],"picked":"UnstableMagic","floor":13},{"not_picked":["StarOfDavid","Stigmanizer"],"picked":"BombardNight","floor":14},{"not_picked":["HeartBreak","BloodyHallows"],"picked":"ScarletMeister","floor":16},{"not_picked":["Stigmanizer","BombardNight"],"picked":"ScarletSymphony","floor":18},{"not_picked":["VampireClaw","UnstableMagic"],"picked":"NightDance+1","floor":20},{"not_picked":["UnderTheZenith+1","CharismaGuard"],"picked":"LeisurelyOfLord+1","floor":21},{"not_picked":["UnderTheZenith","NightDance"],"picked":"VampireSweep+1","floor":24},{"not_picked":["FavorOfDestiny","EndlessAdversity+1"],"picked":"UnderTheZenith+1","floor":27},{"not_picked":["EndlessAdversity","UltimateOffering","ScarletDevil"],"picked":"SKIP","floor":28},{"not_picked":["BloodHunter","Maim+1"],"picked":"DemonKingCradle","floor":29},{"not_picked":["UltimateOffering+1","Stigmanizer"],"picked":"UnstableMagic+1","floor":35},{"not_picked":["BlasphemousPunishment","VampirishNight+1"],"picked":"MastersStateliness+1","floor":37},{"not_picked":["EndlessAdversity","VampireKiss"],"picked":"NightDance+1","floor":38},{"not_picked":["ScarletImprint+1","TransientEternity"],"picked":"VampireKiss+1","floor":39},{"not_picked":["CharismaGuard","VampireKiss"],"picked":"StarOfDavid+1","floor":40},{"not_picked":["NightDance","VampireSweep+1"],"picked":"MillenniumVampire","floor":42},{"not_picked":["HeartBreak","VampireClaw"],"picked":"DiffusionOfMisfortune+1","floor":44},{"not_picked":["RedRainbow+1","VampireKiss"],"picked":"MillenniumVampire+1","floor":45},{"not_picked":["DiffusionOfMisfortune","CharismaGuard+1"],"picked":"FitfulNightmare+1","floor":47},{"not_picked":["FitfulNightmare","BlasphemousPunishment"],"picked":"EternalNight+1","floor":48},{"not_picked":["StarOfDavid+1","MastersStateliness","EndlessAdversity"],"picked":"SKIP","floor":54}],"player_experience":110398,"relics_obtained":[{"floor":6,"key":"Lantern"},{"floor":10,"key":"War Paint"},{"floor":14,"key":"Bag of Marbles"},{"floor":18,"key":"MealTicket"},{"floor":22,"key":"Pear"},{"floor":24,"key":"Calipers"},{"floor":26,"key":"RedBat"},{"floor":39,"key":"vexMod:BarristanHead"},{"floor":40,"key":"Potion Belt"},{"floor":42,"key":"theSenshi:FeatherClipsRelic"},{"floor":43,"key":"Shuriken"},{"floor":44,"key":"Regal Pillow"},{"floor":45,"key":"CatCart"},{"floor":54,"key":"Pen Nib"}],"event_choices":[{"damage_healed":0,"gold_gain":0,"player_choice":"Ignored","damage_taken":0,"max_hp_gain":0,"max_hp_loss":0,"event_name":"Liars Game","floor":2,"gold_loss":0},{"damage_healed":0,"gold_gain":0,"player_choice":"Entered Light","damage_taken":15,"max_hp_gain":0,"max_hp_loss":0,"event_name":"Shining Light","floor":4,"gold_loss":0,"cards_upgraded":["Strike_RM","RedMoon"]},{"cards_removed":["Strike_RM"],"damage_healed":0,"gold_gain":0,"player_choice":"Upgrade and Remove","damage_taken":0,"max_hp_gain":0,"max_hp_loss":0,"event_name":"Designer","floor":19,"gold_loss":90,"cards_upgraded":["ScarletNetherworld"]},{"cards_removed":["Strike_RM"],"damage_healed":0,"gold_gain":0,"player_choice":"Elegance","damage_taken":0,"max_hp_gain":0,"max_hp_loss":0,"event_name":"Back to Basics","floor":25,"gold_loss":0},{"damage_healed":0,"gold_gain":0,"player_choice":"Ignored","damage_taken":0,"max_hp_gain":0,"max_hp_loss":0,"event_name":"The Mausoleum","floor":31,"gold_loss":0},{"damage_healed":0,"gold_gain":0,"player_choice":"Forge","damage_taken":0,"max_hp_gain":0,"max_hp_loss":0,"event_name":"Accursed Blacksmith","floor":36,"gold_loss":0,"cards_upgraded":["BombardNight"]},{"damage_healed":0,"gold_gain":0,"player_choice":"Fight","damage_taken":0,"max_hp_gain":0,"max_hp_loss":0,"event_name":"OrinTheCat","floor":45,"gold_loss":0}],"is_beta":false,"boss_relics":[{"not_picked":["Black Star","Cursed Key"],"picked":"ScarletEmblem"},{"not_picked":["Astrolabe","vexMod:EndlessSickness"],"picked":"Sozu"}],"items_purged_floors":[30,46],"is_endless":false,"potions_floor_spawned":[1,8,11,14,18,21,27,40,44,45,47,48],"ascension_level":0}}