{"host":"0fmi5fguj5lvt8pf","time":1610851549,"event":{"mods":["BaseMod","Colored Map","Curses Come First","Downfall","Minty Spire (QoL Compilation)","Permanent Neow","StSLib"],"gold_per_floor":[349,405,405,405,421,421,421,421,104,15,15,48,33,51,63,63,63],"floor_reached":16,"language":"ENG","playtime":1199,"items_purged":["bronze:Strike"],"score":96,"play_id":"cc57e39a-9383-481f-82d7-c7d907ffb841","local_time":"20210116184549","is_ascension_mode":false,"campfire_choices":[{"floor":1.0,"key":"RECALL"},{"floor":8.0,"key":"REST"},{"data":"bronze:MaxOutput","floor":11.0,"key":"SMITH"}],"circlet_count":0,"master_deck":["bronze:Strike","bronze:Strike","bronze:Strike","bronze:Defend","bronze:Defend","bronze:Defend","bronze:Defend","bronze:Replicate","bronze:Goto","bronze:FollowUp","bronze:DazingPulse","bronze:MaxOutput","bronze:BuggyMess","bronze:ForLoop","bronze:MaxOutput+1","bronze:Constructor","bronze:Shell","bronze:Refactor","bronze:DelayedGuard","bronze:BugBarrage"],"relics":["bronze:BronzeCore","Sundial","Chemical X"],"acts_visited":["Exordium"],"potions_floor_usage":[16,16,16],"damage_taken":[{"damage":25.0,"enemies":"3 Sentries","floor":2.0,"turns":10.0},{"damage":0.0,"enemies":"3 Sentries","floor":3.0,"turns":3.0},{"damage":1.0,"enemies":"Jaw Worm","floor":5.0,"turns":3.0},{"damage":0.0,"enemies":"downfall:FleeingMerchant","floor":9.0,"turns":4.0},{"damage":0.0,"enemies":"downfall:FleeingMerchant","floor":10.0,"turns":4.0},{"damage":29.0,"enemies":"Lagavulin","floor":12.0,"turns":11.0},{"damage":0.0,"enemies":"downfall:FleeingMerchant","floor":13.0,"turns":4.0},{"damage":0.0,"enemies":"2 Louse","floor":14.0,"turns":3.0},{"damage":0.0,"enemies":"Cultist","floor":15.0,"turns":3.0},{"damage":16,"enemies":"SI_SHIV_ARCHETYPE","floor":16,"turns":8}],"seed_played":"3156456053209097327","potions_obtained":[{"floor":2.0,"key":"hexamod:SoulburnPotion"},{"floor":12.0,"key":"AttackPotion"},{"floor":15.0,"key":"DuplicationPotion"}],"is_trial":false,"path_per_floor":["R","?","?","?","M","?","T","R","$","$","R","E","$","M","M","B"],"character_chosen":"THE_AUTOMATON","items_purchased":["Chemical X","bronze:MaxOutput","bronze:Shell"],"campfire_rested":1,"item_purchase_floors":[9,9,10],"current_hp_per_floor":[49,24,24,24,23,23,23,44,44,44,44,15,15,15,15,0,0],"gold":63,"neow_bonus":"TWO_FIFTY_GOLD","is_daily":false,"chose_seed":false,"campfire_upgraded":1,"win_rate":0.0,"timestamp":1610851549,"path_taken":["R","?","?","?","?","?","T","R","?","$","R","E","$","M","M","BOSS"],"items_purchased_type":["Relic","Card","Card"],"build_version":"2020-12-22","purchased_purges":1,"victory":false,"max_hp_per_floor":[70,70,70,70,70,70,70,70,70,70,70,70,70,70,70,70,70],"card_choices":[{"not_picked":["bronze:FineTuning","bronze:BuggyMess"],"picked":"bronze:FollowUp","floor":2.0},{"not_picked":[],"picked":"bronze:DazingPulse","floor":3.0},{"not_picked":["bronze:Allocate","bronze:Turbo"],"picked":"bronze:MaxOutput","floor":3.0},{"not_picked":["bronze:Overheat","bronze:Safeguard"],"picked":"bronze:BuggyMess","floor":5.0},{"not_picked":["bronze:CutThrough","bronze:Branch"],"picked":"bronze:ForLoop","floor":9.0},{"not_picked":["bronze:Invalidate","bronze:BugBarrage"],"picked":"bronze:Constructor","floor":10.0},{"not_picked":["bronze:Terminator","bronze:CutThrough","bronze:Safeguard"],"picked":"SKIP","floor":12.0},{"not_picked":["bronze:Overheat","bronze:Return"],"picked":"bronze:Refactor","floor":13.0},{"not_picked":["bronze:Invalidate","bronze:Overheat"],"picked":"bronze:DelayedGuard","floor":14.0},{"not_picked":["bronze:FineTuning","bronze:Invalidate"],"picked":"bronze:BugBarrage","floor":15.0}],"player_experience":1362291,"relics_obtained":[{"floor":2.0,"key":"Sundial"}],"event_choices":[{"damage_healed":0.0,"max_hp_gain":0.0,"max_hp_loss":0.0,"gold_gain":0.0,"event_name":"NoteForYourself","player_choice":"Ignored","floor":4.0,"gold_loss":0.0,"damage_taken":0.0},{"damage_healed":0.0,"max_hp_gain":0.0,"max_hp_loss":0.0,"gold_gain":0.0,"event_name":"Scrap Ooze","player_choice":"Fled","floor":6.0,"gold_loss":0.0,"damage_taken":0.0}],"is_beta":false,"boss_relics":[],"items_purged_floors":[9],"is_endless":false,"potions_floor_spawned":[2,12,15],"killed_by":"SI_SHIV_ARCHETYPE","ascension_level":0}}