{"host":"0v07cr0k93jhgkpm","time":1610864738,"event":{"mods":["BaseMod","Colored Map","DeckTracker","Minty Spire (QoL Compilation)","Quick Restart","SuperFastMode"],"gold_per_floor":[119,136,61,74,74,74,74,87,87,87,101,45,120,145,145,217,217,228,239,239,252,264,264,280,280,280,280,305,305,321,321,321,321,321],"floor_reached":33,"language":"KOR","playtime":979,"items_purged":[],"score":584,"play_id":"4fb266f6-468f-4452-a7d0-515181835682","local_time":"20210117152538","is_ascension_mode":true,"campfire_choices":[{"data":"Malaise","floor":6.0,"key":"SMITH"},{"data":"Concentrate","floor":10.0,"key":"SMITH"},{"data":"Catalyst","floor":15.0,"key":"SMITH"},{"data":"Deadly Poison","floor":23.0,"key":"SMITH"},{"floor":27.0,"key":"REST"},{"floor":29.0,"key":"REST"},{"floor":32.0,"key":"REST"}],"circlet_count":0,"master_deck":["AscendersBane","Strike_G","Strike_G","Strike_G","Strike_G","Defend_G","Defend_G","Defend_G","Defend_G","Defend_G","Survivor","Neutralize","Malaise+1","Concentrate+1","Noxious Fumes","Catalyst+1","Deadly Poison+1","Crippling Poison","After Image","Blur+1","PiercingWail","Dash","Backflip","Backflip"],"relics":["Ring of the Snake","Mercury Hourglass","Letter Opener","Black Star","Thread and Needle","Paper Crane","InkBottle"],"acts_visited":["Exordium","TheCity"],"potions_floor_usage":[33],"damage_taken":[{"damage":3.0,"enemies":"Jaw Worm","floor":1.0,"turns":4.0},{"damage":1.0,"enemies":"2 Louse","floor":2.0,"turns":4.0},{"damage":3.0,"enemies":"Small Slimes","floor":4.0,"turns":4.0},{"damage":0.0,"enemies":"Blue Slaver","floor":8.0,"turns":7.0},{"damage":9.0,"enemies":"Large Slime","floor":11.0,"turns":7.0},{"damage":0.0,"enemies":"Lagavulin","floor":14.0,"turns":6.0},{"damage":21.0,"enemies":"Hexaghost","floor":16.0,"turns":9.0},{"damage":11.0,"enemies":"Shell Parasite","floor":18.0,"turns":7.0},{"damage":10.0,"enemies":"Spheric Guardian","floor":19.0,"turns":6.0},{"damage":1.0,"enemies":"Cultist and Chosen","floor":21.0,"turns":7.0},{"damage":0.0,"enemies":"Snecko","floor":22.0,"turns":4.0},{"damage":18.0,"enemies":"Snake Plant","floor":24.0,"turns":5.0},{"damage":25.0,"enemies":"Slavers","floor":28.0,"turns":6.0},{"damage":14.0,"enemies":"3 Cultists","floor":30.0,"turns":5.0},{"damage":44,"enemies":"Collector","floor":33,"turns":9}],"seed_played":"6843601898442338668","potions_obtained":[{"floor":2.0,"key":"PowerPotion"},{"floor":14.0,"key":"Ancient Potion"},{"floor":16.0,"key":"DistilledChaos"},{"floor":18.0,"key":"Fruit Juice"},{"floor":20.0,"key":"DuplicationPotion"},{"floor":24.0,"key":"LiquidBronze"},{"floor":30.0,"key":"AttackPotion"}],"is_trial":false,"path_per_floor":["M","M","?","M","$","R","?","M","T","R","M","$","?","E","R","B",null,"M","M","?","M","M","R","M","?","T","R","E","R","M","?","R","B"],"character_chosen":"THE_SILENT","items_purchased":["Deadly Poison"],"campfire_rested":3,"item_purchase_floors":[12],"current_hp_per_floor":[56,55,55,52,52,52,52,52,52,52,43,43,32,32,32,11,52,46,36,36,35,35,35,17,17,17,38,13,34,20,20,41,0,0],"gold":321,"neow_bonus":"ONE_RANDOM_RARE_CARD","is_daily":false,"chose_seed":false,"campfire_upgraded":4,"win_rate":0.0,"timestamp":1610864738,"path_taken":["M","M","?","M","$","R","?","M","T","R","M","$","?","E","R","BOSS","M","M","?","M","?","R","?","?","T","R","E","R","M","?","R","BOSS"],"items_purchased_type":["Card"],"build_version":"2020-12-22","purchased_purges":0,"victory":false,"max_hp_per_floor":[66,66,66,66,66,66,66,66,66,66,66,66,66,66,66,66,66,71,71,71,71,71,71,71,71,71,71,71,71,71,71,71,71,71],"card_choices":[{"not_picked":["Flying Knee","Finisher","Sucker Punch"],"picked":"SKIP","floor":1.0},{"not_picked":["Acrobatics","Dodge and Roll"],"picked":"Concentrate","floor":2.0},{"not_picked":["PiercingWail","Blade Dance"],"picked":"Noxious Fumes","floor":4.0},{"not_picked":["Slice","Accuracy","Concentrate"],"picked":"SKIP","floor":8.0},{"not_picked":["Flying Knee","Heel Hook"],"picked":"Catalyst","floor":11.0},{"not_picked":["Doppelganger","Deflect"],"picked":"Crippling Poison","floor":14.0},{"not_picked":["A Thousand Cuts","Tools of the Trade"],"picked":"After Image","floor":16.0},{"not_picked":["Dodge and Roll","Dagger Throw"],"picked":"Blur+1","floor":18.0},{"not_picked":["Dagger Throw","Dodge and Roll","Prepared"],"picked":"SKIP","floor":19.0},{"not_picked":["Cloak And Dagger","Calculated Gamble"],"picked":"PiercingWail","floor":21.0},{"not_picked":["Dodge and Roll","Flying Knee"],"picked":"Dash","floor":22.0},{"not_picked":["Flying Knee","Flechettes"],"picked":"Backflip","floor":24.0},{"not_picked":["Dagger Throw+1","Underhanded Strike","Phantasmal Killer"],"picked":"SKIP","floor":28.0},{"not_picked":["Dagger Throw","Prepared"],"picked":"Backflip","floor":30.0}],"player_experience":2500793,"relics_obtained":[{"floor":9.0,"key":"Mercury Hourglass"},{"floor":14.0,"key":"Letter Opener"},{"floor":26.0,"key":"Thread and Needle"},{"floor":28.0,"key":"Paper Crane"},{"floor":28.0,"key":"InkBottle"}],"event_choices":[{"cards_removed":["Strike_G"],"damage_healed":0.0,"max_hp_gain":0.0,"max_hp_loss":0.0,"gold_gain":0.0,"event_name":"The Cleric","player_choice":"Card Removal","floor":3.0,"gold_loss":75.0,"damage_taken":0.0},{"damage_healed":0.0,"max_hp_gain":0.0,"max_hp_loss":0.0,"gold_gain":0.0,"event_name":"Shining Light","player_choice":"Ignored","floor":7.0,"gold_loss":0.0,"damage_taken":0.0},{"damage_healed":0.0,"max_hp_gain":0.0,"max_hp_loss":0.0,"gold_gain":75.0,"event_name":"World of Goop","player_choice":"Gather Gold","floor":13.0,"gold_loss":0.0,"damage_taken":11.0},{"damage_healed":0.0,"max_hp_gain":0.0,"max_hp_loss":0.0,"gold_gain":0.0,"event_name":"Lab","player_choice":"Got Potions","floor":20.0,"gold_loss":0.0,"damage_taken":0.0},{"damage_healed":0.0,"max_hp_gain":0.0,"max_hp_loss":0.0,"gold_gain":0.0,"event_name":"Cursed Tome","player_choice":"Ignored","floor":25.0,"gold_loss":0.0,"damage_taken":0.0},{"damage_healed":0.0,"max_hp_gain":0.0,"max_hp_loss":0.0,"gold_gain":0.0,"event_name":"Ghosts","player_choice":"Ignored","floor":31.0,"gold_loss":0.0,"damage_taken":0.0}],"is_beta":false,"boss_relics":[{"not_picked":["HoveringKite","Ring of the Serpent"],"picked":"Black Star"}],"items_purged_floors":[],"is_endless":false,"potions_floor_spawned":[2,14,16,18,21,24,30],"killed_by":"Collector","ascension_level":20}}