{"host":"a2lvm7nbw6nkrc91","time":1610863362,"event":{"mods":["BaseMod","Friendly Minions","Hermit","Lobotomy","Minty Spire (QoL Compilation)","Replay The Spire","StSLib"],"gold_per_floor":[111,286,298,152,152,152,185,185,211,211,231,258,270,125,125,125,125],"floor_reached":16,"language":"KOR","playtime":386,"items_purged":["LittlePrince","hermit:Defend_Hermit"],"score":133,"play_id":"a2cc88ac-b4d9-4ebe-8e00-2cf1034984aa","local_time":"20210117150242","is_ascension_mode":false,"campfire_choices":[{"data":"hermit:Determination","floor":6,"key":"SMITH"},{"data":"hermit:Showdown","floor":8,"key":"SMITH"},{"data":"hermit:Headshot","floor":10,"key":"SMITH"},{"floor":15,"key":"REST"}],"circlet_count":0,"master_deck":["hermit:Strike_Hermit","hermit:Strike_Hermit+1","hermit:Strike_Hermit","hermit:Strike_Hermit","hermit:Defend_Hermit","hermit:Defend_Hermit","hermit:Defend_Hermit","hermit:Snapshot","hermit:Covet","hermit:Headshot+1","Doubt","FieryBird","hermit:TrackingShot","hermit:Determination+1","DreamingCurrent","hermit:Showdown+1","NakedNest","hermit:Combo","Woodsman","hermit:Reprieve","HappyTeddy","hermit:TrackingShot","hermit:Snipe"],"relics":["hermit:Momento","CogitoBucket","RabbitCall","Mango","Oddly Smooth Stone","Tiny Chest","BehaviorAdjustment"],"acts_visited":["Exordium"],"potions_floor_usage":[12,13,13],"damage_taken":[{"damage":2,"enemies":"2 Louse","floor":1,"turns":2},{"damage":0,"enemies":"Small Slimes","floor":3,"turns":3},{"damage":28,"enemies":"Gremlin Nob","floor":7,"turns":4},{"damage":30,"enemies":"Cultist","floor":11,"turns":3},{"damage":18,"enemies":"3 Sentries","floor":12,"turns":9},{"damage":8,"enemies":"Exordium Thugs","floor":13,"turns":3},{"damage":59,"enemies":"Hexaghost","floor":16,"turns":3}],"seed_played":"-6169957229801579691","potions_obtained":[{"floor":7,"key":"Weak Potion"},{"floor":11,"key":"Block Potion"},{"floor":12,"key":"hermit:Eclipse"}],"is_trial":false,"path_per_floor":["M","?","M","$","?","R","E","R","T","R","M","E","M","$","R","B"],"character_chosen":"HERMIT","items_purchased":["hermit:Determination","hermit:Snipe"],"campfire_rested":1,"item_purchase_floors":[4,14],"current_hp_per_floor":[73,73,73,73,73,73,59,59,59,59,29,11,15,15,41,0,0],"gold":125,"neow_bonus":"","is_daily":false,"chose_seed":false,"campfire_upgraded":3,"win_rate":0.0,"timestamp":1610863362,"path_taken":["M","?","M","$","?","R","E","R","T","R","M","E","M","$","R","BOSS"],"items_purchased_type":["Card","Card"],"build_version":"2020-12-22","purchased_purges":2,"victory":false,"max_hp_per_floor":[75,75,75,75,75,75,89,89,89,89,89,89,89,89,89,89,89],"card_choices":[{"not_picked":["OldLady","CherryBlossoms"],"picked":"LittlePrince","floor":1},{"not_picked":["hermit:Dive","hermit:Snipe"],"picked":"hermit:Headshot","floor":1},{"not_picked":["UniverseFragment","LittleHelper"],"picked":"FieryBird","floor":3},{"not_picked":["hermit:Coalescence","hermit:CalledShot"],"picked":"hermit:TrackingShot","floor":3},{"not_picked":["MHz","PunishingBird","Bloodbath"],"picked":"Singing Bowl","floor":7},{"not_picked":["Scorched","Wellcheers"],"picked":"DreamingCurrent","floor":7},{"not_picked":["hermit:Gestalt","hermit:Deadeye"],"picked":"hermit:Showdown","floor":7},{"not_picked":["OSAHOGD","ShyLook","MHz"],"picked":"Singing Bowl","floor":11},{"not_picked":["WallGazer","SpiderBud"],"picked":"NakedNest","floor":11},{"not_picked":["hermit:Gestalt","hermit:Feint"],"picked":"hermit:Combo","floor":11},{"not_picked":["SpiderBud","HappyTeddy"],"picked":"Woodsman","floor":12},{"not_picked":["hermit:Feint","hermit:Spite"],"picked":"hermit:Reprieve","floor":12},{"not_picked":["PunishingBird","SpiderBud","OSAHOGD"],"picked":"Singing Bowl","floor":13},{"not_picked":["CherryBlossoms","UniverseFragment"],"picked":"HappyTeddy","floor":13},{"not_picked":["hermit:DeadMansHand","hermit:Virtue"],"picked":"hermit:TrackingShot","floor":13}],"player_experience":507038,"relics_obtained":[{"floor":7,"key":"Mango"},{"floor":9,"key":"Oddly Smooth Stone"},{"floor":12,"key":"Tiny Chest"}],"event_choices":[{"damage_healed":0,"gold_gain":175,"player_choice":"AGREE","damage_taken":0,"max_hp_gain":0,"max_hp_loss":0,"event_name":"Liars Game","floor":2,"gold_loss":0,"cards_obtained":["Doubt"]}],"is_beta":false,"boss_relics":[],"items_purged_floors":[4,14],"is_endless":false,"potions_floor_spawned":[7,11,12],"killed_by":"Hexaghost","ascension_level":0}}