{"host":"z4nt7tdd4gjrinn7","time":1610913060,"event":{"mods":["100% Spire Juice","BaseMod","Minty Spire (QoL Compilation)","StSLib"],"gold_per_floor":[110,60,60,60,74,100,120,50,77,77,88,114,39,50,50,50,50],"floor_reached":16,"language":"ENG","playtime":399,"items_purged":[],"score":135,"play_id":"415dbe4a-29e6-4cf9-b9e4-ddff5caea71c","local_time":"20210117145100","is_ascension_mode":false,"campfire_choices":[{"data":"Moonworks:IndiscriminateFireSupport","floor":10,"key":"SMITH"},{"floor":15,"key":"REST"}],"circlet_count":0,"master_deck":["Moonworks:Strike+1","Moonworks:Strike","Moonworks:Strike","Moonworks:Strike","Moonworks:Defend","Moonworks:Defend","Moonworks:Defend","Moonworks:Defend","Moonworks:Ambush+1","Moonworks:LongDistanceShot","Moonworks:CloudOfSeagulls","Moonworks:IndiscriminateFireSupport","Moonworks:UnluckyCharm","Moonworks:CloudOfSeagulls","Moonworks:IndiscriminateFireSupport+1","Moonworks:Flamethrower","Moonworks:IndiscriminateFireSupport","Moonworks:TacticalRetreat","Moonworks:Gamble","Moonworks:StarBlastingFuse"],"relics":["Moonworks:BrokenBomb","Moonworks:Homemark","NeowsBlessing","Whetstone","MealTicket","Girya"],"acts_visited":["Exordium"],"potions_floor_usage":[4,11],"damage_taken":[{"damage":0,"enemies":"2 Louse","floor":1,"turns":1},{"damage":0,"enemies":"Small Slimes","floor":5,"turns":1},{"damage":0,"enemies":"Gremlin Nob","floor":6,"turns":1},{"damage":2,"enemies":"Cultist","floor":7,"turns":4},{"damage":0,"enemies":"Exordium Thugs","floor":11,"turns":1},{"damage":42,"enemies":"Lagavulin","floor":12,"turns":5},{"damage":0,"enemies":"Gremlin Gang","floor":14,"turns":1},{"damage":999,"enemies":"Hexaghost","floor":16,"turns":1}],"seed_played":"9082428046870800968","potions_obtained":[{"floor":1,"key":"DistilledChaos"},{"floor":4,"key":"Fruit Juice"},{"floor":4,"key":"Strength Potion"},{"floor":4,"key":"Swift Potion"},{"floor":12,"key":"LiquidMemories"}],"is_trial":false,"path_per_floor":["M","$","?","?","M","E","M","$","T","R","M","E","$","M","R","B"],"character_chosen":"THE_STARBREAKER","items_purchased":["Moonworks:IndiscriminateFireSupport","Moonworks:Flamethrower","Moonworks:Gamble"],"campfire_rested":1,"item_purchase_floors":[2,8,13],"current_hp_per_floor":[60,60,60,65,65,65,63,63,63,63,63,21,36,36,55,0,0],"gold":50,"neow_bonus":"THREE_ENEMY_KILL","is_daily":false,"chose_seed":false,"campfire_upgraded":1,"win_rate":0.0,"timestamp":1610913060,"path_taken":["M","$","?","?","?","E","M","?","T","R","?","E","$","M","R","BOSS"],"items_purchased_type":["Card","Card","Card"],"build_version":"2020-12-22","purchased_purges":0,"victory":false,"max_hp_per_floor":[60,60,60,65,65,65,65,65,65,65,65,65,65,65,65,65,65],"card_choices":[{"not_picked":["Moonworks:x16BigRocket","Moonworks:BeyondHell"],"picked":"Moonworks:CloudOfSeagulls","floor":1},{"not_picked":["Moonworks:ImOnFire","Moonworks:Assault"],"picked":"Moonworks:UnluckyCharm","floor":5},{"not_picked":["Moonworks:BackdoorTrade","Moonworks:ImOnFire"],"picked":"Moonworks:CloudOfSeagulls","floor":6},{"not_picked":["Moonworks:EvilSpyWorkPreparation","Moonworks:StiffCrystal"],"picked":"Moonworks:IndiscriminateFireSupport","floor":7},{"not_picked":["Moonworks:BigMagnum","Moonworks:NicePresent"],"picked":"Moonworks:IndiscriminateFireSupport","floor":11},{"not_picked":["Moonworks:MixPhenomenon","Moonworks:FinalSurgery"],"picked":"Moonworks:TacticalRetreat","floor":12},{"not_picked":["Moonworks:BeyondHell","Moonworks:CloudOfSeagulls"],"picked":"Moonworks:StarBlastingFuse","floor":14}],"player_experience":72377,"relics_obtained":[{"floor":6,"key":"Whetstone"},{"floor":9,"key":"MealTicket"},{"floor":12,"key":"Girya"}],"event_choices":[{"damage_healed":0,"gold_gain":0,"player_choice":"Ignored","damage_taken":0,"max_hp_gain":0,"max_hp_loss":0,"event_name":"Golden Wing","floor":3,"gold_loss":0},{"damage_healed":0,"gold_gain":0,"player_choice":"Got Potions","damage_taken":0,"max_hp_gain":0,"max_hp_loss":0,"event_name":"Lab","floor":4,"gold_loss":0}],"is_beta":false,"boss_relics":[],"items_purged_floors":[],"is_endless":false,"potions_floor_spawned":[1,7,12],"killed_by":"Hexaghost","ascension_level":0}}