{"host":"rl5ku05escnl5kxo","time":1610925746,"event":{"mods":["Act Like it!","BaseMod","Minty Spire (QoL Compilation)","StSLib","The Bug Knight"],"gold_per_floor":[109,77,77,89,89,118,118,128,128,139,12,12,22,22,22,22,22],"floor_reached":16,"language":"ENG","playtime":670,"items_purged":[],"score":125,"play_id":"25e6d2dc-20da-4f1d-a757-4859cecbb3ca","local_time":"20210117152226","is_ascension_mode":false,"campfire_choices":[{"data":"HollowMod:LifebloodCocoon","floor":7,"key":"SMITH"},{"data":"HollowMod:DesolateDive","floor":12,"key":"SMITH"},{"data":"HollowMod:GrimmsGift","floor":15,"key":"SMITH"}],"circlet_count":0,"master_deck":["HollowMod:NailStrikeStart","HollowMod:NailStrikeStart","HollowMod:NailStrikeStart","HollowMod:NailStrikeStart","HollowMod:QuickDashStart","HollowMod:QuickDashStart","HollowMod:QuickDashStart","HollowMod:QuickDashStart","HollowMod:FocusHealStart","HollowMod:PogoStrike","HollowMod:LifebloodCocoon","HollowMod:LifebloodCocoon+1","HollowMod:SiblingsSouls","HollowMod:SoulStrike","HollowMod:GrimmsGift+1","HollowMod:DesolateDive+1","HollowMod:SharpenedNail","HollowMod:SoulVessel"],"relics":["HollowMod:VesselMask","NeowsBlessing","Calipers","Peace Pipe"],"acts_visited":["Exordium"],"potions_floor_usage":[],"damage_taken":[{"damage":0,"enemies":"2 Louse","floor":1,"turns":1},{"damage":0,"enemies":"Cultist","floor":4,"turns":1},{"damage":0,"enemies":"Gremlin Nob","floor":6,"turns":1},{"damage":7,"enemies":"Small Slimes","floor":8,"turns":5},{"damage":15,"enemies":"3 Louse","floor":10,"turns":5},{"damage":31,"enemies":"Exordium Thugs","floor":13,"turns":4},{"damage":32,"enemies":"The Guardian","floor":16,"turns":4}],"seed_played":"2632757789136468224","potions_obtained":[{"floor":3,"key":"AttackPotion"},{"floor":3,"key":"Strength Potion"},{"floor":3,"key":"Dexterity Potion"}],"is_trial":false,"path_per_floor":["M","?","?","M","?","E","R","M","T","M","$","R","M","?","R","B"],"character_chosen":"THE_BUGKNIGHT","items_purchased":["HollowMod:DesolateDive","HollowMod:SharpenedNail"],"campfire_rested":0,"item_purchase_floors":[11,11],"current_hp_per_floor":[75,75,75,75,75,75,75,70,70,55,55,55,30,30,30,0,0],"gold":22,"neow_bonus":"THREE_ENEMY_KILL","is_daily":false,"chose_seed":false,"campfire_upgraded":3,"win_rate":0.0,"timestamp":1610925746,"path_taken":["M","?","?","?","?","E","R","M","T","M","$","R","M","?","R","BOSS"],"items_purchased_type":["Card","Card"],"build_version":"2020-12-22","purchased_purges":0,"victory":false,"max_hp_per_floor":[75,75,75,75,75,75,75,75,75,75,75,75,75,75,75,75,75],"card_choices":[{"not_picked":["HollowMod:DescendingDark","HollowMod:CornifersMapStart"],"picked":"HollowMod:LifebloodCocoon","floor":1},{"not_picked":["HollowMod:AbyssShriek","HollowMod:CycloneSlash"],"picked":"HollowMod:LifebloodCocoon","floor":4},{"not_picked":["HollowMod:ChannelNail","HollowMod:PureVessel"],"picked":"HollowMod:SiblingsSouls","floor":6},{"not_picked":["HollowMod:MonarchWings","HollowMod:CrystalDash"],"picked":"HollowMod:SoulStrike","floor":8},{"not_picked":["HollowMod:GoodIntentions","HollowMod:NewGlowingWomb"],"picked":"HollowMod:GrimmsGift","floor":10},{"not_picked":["HollowMod:CrystalDash","HollowMod:CornifersMapStart"],"picked":"HollowMod:SoulVessel","floor":13}],"player_experience":447170,"relics_obtained":[{"floor":6,"key":"Calipers"},{"floor":9,"key":"Peace Pipe"}],"event_choices":[{"damage_healed":0,"gold_gain":0,"player_choice":"Left Gold","damage_taken":0,"max_hp_gain":0,"max_hp_loss":0,"event_name":"World of Goop","floor":2,"gold_loss":32},{"damage_healed":0,"gold_gain":0,"player_choice":"Got Potions","damage_taken":0,"max_hp_gain":0,"max_hp_loss":0,"event_name":"Lab","floor":3,"gold_loss":0}],"is_beta":false,"boss_relics":[],"items_purged_floors":[],"is_endless":false,"potions_floor_spawned":[8,10],"killed_by":"The Guardian","ascension_level":0}}