{"host":"6hzrz31j95f2y1pa","time":1610845129,"event":{"mods":["BaseMod","Colored Map","Downfall","Minty Spire (QoL Compilation)","StSLib"],"gold_per_floor":[99,114,130,143,143,53,78,78,107,10,10,25,39,66,81,185,185,85,97,111,111,127,160,238,273,173,188,200,200,28,48,66,170,170,170,180,192,210,210,240,240,240,58,58,69,108,127,146,156,156],"floor_reached":51,"language":"ENG","playtime":2965,"items_purged":["Guardian:Defend_Guardian","Guardian:Strike_Guardian","Bandage Up"],"score":1031,"play_id":"2e6ea582-3d11-4769-b562-ed246dd10504","local_time":"20210116195849","is_ascension_mode":true,"campfire_choices":[{"data":"Guardian:TwinSlam","floor":1.0,"key":"SMITH"},{"floor":11.0,"key":"REST"},{"data":"Guardian:WalkerClaw","floor":18.0,"key":"SMITH"},{"data":"Guardian:PolyBeam","floor":26.0,"key":"SMITH"},{"data":"Guardian:MultiBeam","floor":35.0,"key":"SMITH"},{"floor":42,"key":"RECALL"},{"data":"Guardian:Reroute","floor":44,"key":"SMITH"}],"circlet_count":0,"master_deck":["Guardian:Defend_Guardian+1","Guardian:Defend_Guardian+1","Guardian:CurlUp+1","Guardian:TwinSlam+1","Guardian:PolyBeam+1","Guardian:VentSteam","Guardian:WalkerClaw+1","Guardian:FloatingOrbs","Guardian:WalkerClaw+1","Guardian:MultiBeam+1","Guardian:FuturePlans","Guardian:SpikerProtocol+1","Guardian:PrimingBeam+1","Guardian:Incinerate","Guardian:Repulse+1","Guardian:EvasiveProtocol","Guardian:TimeCapacitor","Guardian:Reroute+1","Guardian:DonusPower+1","expansioncontent:QuickStudy"],"relics":["Guardian:ModeShifterPlus","Blood Vial","Smiling Mask","downfall:HeartBlessingGreen","Boot","Gremlin Horn","War Paint","downfall:HeartBlessingBlue","Guardian:StasisSlotReductionRelic","Du-Vu Doll","Pen Nib","Guardian:BottledAnomaly"],"acts_visited":["Exordium","TheCity","TheBeyond"],"potions_floor_usage":[36,43,45,50],"damage_taken":[{"damage":1.0,"enemies":"Cultist","floor":2.0,"turns":3.0},{"damage":7.0,"enemies":"Jaw Worm","floor":3.0,"turns":3.0},{"damage":12.0,"enemies":"Small Slimes","floor":4.0,"turns":3.0},{"damage":0.0,"enemies":"downfall:FleeingMerchant","floor":6.0,"turns":4.0},{"damage":15.0,"enemies":"3 Sentries","floor":9.0,"turns":10.0},{"damage":15.0,"enemies":"downfall:FleeingMerchant","floor":10.0,"turns":4.0},{"damage":8.0,"enemies":"Blue Slaver","floor":12.0,"turns":2.0},{"damage":11.0,"enemies":"Exordium Thugs","floor":13.0,"turns":4.0},{"damage":20.0,"enemies":"Gremlin Nob","floor":14.0,"turns":4.0},{"damage":6.0,"enemies":"3 Louse","floor":15.0,"turns":3.0},{"damage":27.0,"enemies":"DF_ARCHETYPE_STREAMLINE","floor":16.0,"turns":8.0},{"damage":4.0,"enemies":"3 Byrds","floor":19.0,"turns":3.0},{"damage":0.0,"enemies":"Snecko","floor":20.0,"turns":5.0},{"damage":0.0,"enemies":"Shelled Parasite and Fungi","floor":22.0,"turns":5.0},{"damage":20.0,"enemies":"Slavers","floor":23.0,"turns":6.0},{"damage":6.0,"enemies":"Gremlin Leader","floor":25.0,"turns":6.0},{"damage":2.0,"enemies":"Snake Plant","floor":27.0,"turns":3.0},{"damage":10.0,"enemies":"Chosen and Byrds","floor":28.0,"turns":3.0},{"damage":0.0,"enemies":"downfall:FleeingMerchant","floor":30.0,"turns":4.0},{"damage":0.0,"enemies":"Centurion and Healer","floor":31.0,"turns":5.0},{"damage":0.0,"enemies":"Snecko","floor":32.0,"turns":3.0},{"damage":0.0,"enemies":"SI_MIRROR_ARCHETYPE","floor":33.0,"turns":8.0},{"damage":7,"enemies":"3 Darklings","floor":36,"turns":3},{"damage":0,"enemies":"3 Shapes","floor":37,"turns":4},{"damage":3,"enemies":"Transient","floor":38,"turns":5},{"damage":8,"enemies":"Nemesis","floor":40,"turns":6},{"damage":2,"enemies":"downfall:FleeingMerchant","floor":43,"turns":4},{"damage":0,"enemies":"Jaw Worm Horde","floor":45,"turns":1},{"damage":0,"enemies":"downfall:FleeingMerchant","floor":46,"turns":2},{"damage":8,"enemies":"Sphere and 2 Shapes","floor":47,"turns":4},{"damage":2,"enemies":"3 Darklings","floor":48,"turns":3},{"damage":4,"enemies":"Transient","floor":49,"turns":5},{"damage":106,"enemies":"IC_BLOCK_ARCHETYPE","floor":50,"turns":10}],"seed_played":"-2093012218743252222","potions_obtained":[{"floor":3.0,"key":"DuplicationPotion"},{"floor":4.0,"key":"Dexterity Potion"},{"floor":12.0,"key":"Guardian:AcceleratePotion"},{"floor":13.0,"key":"LiquidBronze"},{"floor":14.0,"key":"Guardian:StasisDiscoveryPotion"},{"floor":23.0,"key":"Swift Potion"},{"floor":25.0,"key":"SneckoOil"},{"floor":33.0,"key":"Guardian:BlockOnCardUsePotion"},{"floor":36,"key":"hexamod:SoulburnPotion"},{"floor":38,"key":"Energy Potion"},{"floor":45,"key":"Fruit Juice"},{"floor":48,"key":"SpeedPotion"}],"is_trial":false,"path_per_floor":["R","M","M","M","?","$","T","?","E","$","R","M","M","E","M","B",null,"R","M","M","?","M","E","T","E","R","M","M","?","$","M","M","B",null,"R","M","M","M","?","E","T","R","$","R","M","$","M","M","M","B",null],"character_chosen":"GUARDIAN","items_purchased":["Bandage Up","Guardian:MultiBeam","Guardian:FuturePlans","Guardian:TimeCapacitor","Guardian:Reroute","expansioncontent:QuickStudy","Guardian:BottledAnomaly"],"campfire_rested":1,"item_purchase_floors":[10,30,30,43,43,46,46],"current_hp_per_floor":[72,71,64,52,52,52,52,52,37,24,48,46,41,23,23,2,61,61,63,69,69,75,61,61,61,71,75,71,71,77,83,89,90,90,90,83,89,87,79,77,77,77,81,81,88,90,84,84,82,20],"gold":156,"neow_bonus":"REMOVE_CARD","is_daily":false,"chose_seed":false,"campfire_upgraded":5,"win_rate":0.0,"timestamp":1610845129,"path_taken":["R","M","M","M","?","$","T","?","E","?","R","M","M","E","M","BOSS","BOSS","R","M","M","?","M","E","T","E","R","M","M","?","$","M","M","BOSS","R","M","M","M","?","E","T","R","$","R","?","$","M","M","M","BOSS"],"items_purchased_type":["Card","Card","Card","Card","Card","Card","Relic"],"build_version":"2020-12-22","purchased_purges":3,"victory":true,"max_hp_per_floor":[80,80,80,80,80,80,80,80,80,80,80,80,80,80,80,80,80,80,80,80,80,80,80,80,80,90,90,90,90,90,90,90,90,90,90,90,90,90,90,90,90,90,90,90,95,95,95,95,95,95],"card_choices":[{"not_picked":["Guardian:Suspension","Guardian:Harden"],"picked":"Guardian:Gem_Red","floor":2.0},{"not_picked":["Guardian:RollAttack","Guardian:ChargeCore"],"picked":"Guardian:PolyBeam","floor":3.0},{"not_picked":["Guardian:Gem_Green","Guardian:Gem_Cyan"],"picked":"Guardian:VentSteam","floor":4.0},{"not_picked":["Guardian:Gem_Lightblue","Guardian:Reroute"],"picked":"Guardian:Gem_Red","floor":6.0},{"not_picked":["Guardian:FastForward","Guardian:Incinerate"],"picked":"Guardian:Gem_Green","floor":9.0},{"not_picked":["Guardian:PrimingBeam","Guardian:VentSteam"],"picked":"Guardian:WalkerClaw","floor":10.0},{"not_picked":["Guardian:Planning","Guardian:CrystalBeam","Guardian:WalkerClaw"],"picked":"SKIP","floor":12.0},{"not_picked":["Guardian:Planning","Guardian:GuardianWhirl"],"picked":"Guardian:Gem_Cyan","floor":13.0},{"not_picked":["Guardian:DecasProtection","Guardian:ShieldCharger"],"picked":"Guardian:FloatingOrbs","floor":14.0},{"not_picked":["Guardian:ShieldCharger","Guardian:RollAttack"],"picked":"Guardian:Gem_Red","floor":15.0},{"not_picked":["Guardian:TemporalStrike","Guardian:Gem_Lightblue","Guardian:BodySlam"],"picked":"SKIP","floor":19.0},{"not_picked":["Guardian:CrystalBeam","Guardian:BronzeArmor"],"picked":"Guardian:Gem_Red","floor":20.0},{"not_picked":["Guardian:TemporalStrike","Guardian:Gem_Lightblue","Guardian:Gem_Green"],"picked":"SKIP","floor":22.0},{"not_picked":["Guardian:RefractedBeam","Guardian:TimeCapacitor"],"picked":"Guardian:Gem_Synthetic","floor":23.0},{"not_picked":["Guardian:TemporalStrike","Guardian:GuardianWhirl","Guardian:Emergency"],"picked":"SKIP","floor":25.0},{"not_picked":["Guardian:ChargeCore","Guardian:Gem_Green","Guardian:Incinerate"],"picked":"SKIP","floor":27.0},{"not_picked":["Guardian:TemporalShield+1","Guardian:FuturePlans+1","Guardian:Reroute"],"picked":"SKIP","floor":28.0},{"not_picked":["Guardian:TemporalShield+1","Guardian:FuturePlans+1","Guardian:Reroute"],"picked":"SKIP","floor":28.0},{"not_picked":["Guardian:CompilePackage","Guardian:Incinerate"],"picked":"Guardian:WalkerClaw+1","floor":30.0},{"not_picked":["Guardian:RefractedBeam","Guardian:TemporalShield"],"picked":"Guardian:SpikerProtocol","floor":31.0},{"not_picked":["Guardian:PiercingHide","Guardian:Gem_Lightblue"],"picked":"Guardian:PrimingBeam+1","floor":32.0},{"not_picked":["Guardian:StasisField","Guardian:ConstructionForm"],"picked":"Guardian:Gem_Orange","floor":33.0},{"not_picked":["Guardian:Reroute+1","Guardian:CrystalBeam"],"picked":"Guardian:Incinerate","floor":36},{"not_picked":["Guardian:FloatingOrbs","Guardian:Gem_White","Guardian:StasisStrike"],"picked":"SKIP","floor":37},{"not_picked":["Guardian:PrimingBeam+1","Guardian:Reroute+1"],"picked":"Guardian:Repulse+1","floor":38},{"not_picked":["Guardian:Gem_Red","Guardian:WalkerClaw+1"],"picked":"Guardian:EvasiveProtocol","floor":40},{"not_picked":["Guardian:TemporalStrike+1","Guardian:Gem_Synthetic","Guardian:CrystalBeam+1"],"picked":"SKIP","floor":43},{"not_picked":["Guardian:GuardianWhirl","Guardian:WalkerClaw+1","Guardian:RollAttack+1"],"picked":"SKIP","floor":45},{"not_picked":["Guardian:VentSteam","Guardian:Reroute"],"picked":"Guardian:DonusPower+1","floor":46},{"not_picked":["Guardian:TemporalStrike","Guardian:Incinerate+1","Guardian:FloatingOrbs"],"picked":"SKIP","floor":47},{"not_picked":["Guardian:ShieldCharger+1","Guardian:Reroute","Guardian:RefractedBeam+1"],"picked":"SKIP","floor":48},{"not_picked":["Guardian:WalkerClaw+1","Guardian:EvasiveProtocol","Guardian:TemporalShield+1"],"picked":"SKIP","floor":49}],"player_experience":1344701,"relics_obtained":[{"floor":9.0,"key":"Blood Vial"},{"floor":14.0,"key":"Smiling Mask"},{"floor":23.0,"key":"Boot"},{"floor":24.0,"key":"Gremlin Horn"},{"floor":25.0,"key":"War Paint"},{"floor":40,"key":"Du-Vu Doll"},{"floor":41,"key":"Pen Nib"}],"event_choices":[{"damage_healed":0.0,"max_hp_gain":0.0,"max_hp_loss":0.0,"gold_gain":0.0,"event_name":"Living Wall","player_choice":"Grow","floor":8.0,"gold_loss":0.0,"damage_taken":0.0,"cards_upgraded":["Guardian:CurlUp"]},{"damage_healed":0.0,"max_hp_gain":0.0,"max_hp_loss":0.0,"gold_gain":0.0,"event_name":"Vampires","player_choice":"Ignored","floor":29.0,"gold_loss":0.0,"damage_taken":0.0}],"is_beta":false,"boss_relics":[{"not_picked":["Snecko Eye","Astrolabe"],"picked":"Guardian:ModeShifterPlus"},{"not_picked":["Coffee Dripper","Fusion Hammer"],"picked":"Guardian:StasisSlotReductionRelic"}],"items_purged_floors":[6,30,43],"is_endless":false,"potions_floor_spawned":[3,4,12,13,14,15,23,25,27,33,36,38,45,48],"ascension_level":6}}