{"host":"uimu98mr9zvwuo5s","time":1610925530,"event":{"mods":["Aspiration","BaseMod","BetterRewards","Conspire","Defective Defect","GifTheSpireLib","Gremlin Mod","Highlight Path","Hubris","Infinite Spire","Jedi Mod","Minty Spire (QoL Compilation)","Replay The Spire","Shop Mod","StSLib","Stuff the Spire","Uncapped"],"gold_per_floor":[110,110,121,141,160,160,42,71,71,142,176,195,195,195],"floor_reached":13,"language":"ENG","playtime":777,"items_purged":["Strike_G"],"score":125,"play_id":"550194ef-c90e-4103-9c8c-719bb9740498","local_time":"20210117181850","is_ascension_mode":false,"campfire_choices":[{"data":"Catalyst","floor":6,"key":"SMITH"}],"circlet_count":0,"master_deck":["Strike_G","Strike_G","Strike_G","Strike_G","Defend_G","Defend_G","Defend_G","Defend_G","Defend_G","Survivor","Neutralize","Catalyst+1","Noxious Fumes+1","jedi:pocketpoison","ReplayTheSpireMod:From All Sides"],"relics":["Ring of the Snake","MerchantsRug","Lantern","Byrd Skull","StuffTheSpire:TintedRock","Membership Card","Cauldron","Replay:Towering Pillar of Hats","Odd Mushroom","jedi:angrymask","Replay:Bottled Steam"],"acts_visited":["Exordium"],"potions_floor_usage":[],"damage_taken":[{"damage":6,"enemies":"Small Slimes","floor":1,"turns":3},{"damage":1,"enemies":"Cultist","floor":3,"turns":4},{"damage":0,"enemies":"2 Louse","floor":4,"turns":2},{"damage":3,"enemies":"2 Fungi Beasts","floor":5,"turns":5},{"damage":24,"enemies":"The Mushroom Lair","floor":8,"turns":5},{"damage":17,"enemies":"conspire:MimicChest","floor":11,"turns":8},{"damage":4,"enemies":"Blue Slaver","floor":12,"turns":4},{"damage":8,"enemies":"3 Sentries","floor":13,"turns":3}],"seed_played":"4251232179811635235","potions_obtained":[{"floor":0,"key":"CunningPotion"},{"floor":0,"key":"FairyPotion"},{"floor":0,"key":"SneckoOil"},{"floor":4,"key":"Swift Potion"},{"floor":11,"key":"Poison Potion"},{"floor":12,"key":"EntropicBrew"}],"is_trial":false,"path_per_floor":["M","?","M","M","M","R","$","?","T","T","?","M","E"],"character_chosen":"THE_SILENT","items_purchased":["Catalyst","MerchantsRug","Lantern","Byrd Skull","StuffTheSpire:TintedRock","Noxious Fumes","Membership Card","Cauldron","Replay:Towering Pillar of Hats","jedi:pocketpoison","ReplayTheSpireMod:From All Sides"],"campfire_rested":0,"item_purchase_floors":[0,0,0,0,0,0,0,0,0,0,7],"current_hp_per_floor":[64,64,63,63,60,60,60,36,36,36,19,15,7,7],"gold":195,"neow_bonus":"","is_daily":false,"chose_seed":false,"campfire_upgraded":1,"win_rate":0.0,"timestamp":1610925530,"path_taken":["M","?","?","?","?","R","$","?","T","?","?","M","E"],"items_purchased_type":["Card","Relic","Relic","Relic","Relic","Card","Relic","Relic","Relic","Card","Card"],"build_version":"2020-12-22","purchased_purges":1,"victory":false,"max_hp_per_floor":[70,70,70,70,70,70,70,70,70,70,70,70,70,70],"card_choices":[{"not_picked":["Deflect","Infinite Blades","PiercingWail"],"picked":"SKIP","floor":1},{"not_picked":["Sucker Punch","Underhanded Strike","Dodge and Roll"],"picked":"SKIP","floor":3},{"not_picked":["PiercingWail","Underhanded Strike","Toxin Wave"],"picked":"SKIP","floor":4},{"not_picked":["Unload","Poisoned Stab","jedi:acidrain"],"picked":"SKIP","floor":5},{"not_picked":["ReplayTheSpireMod:Shiv Toss","hubris:Sniper","ReplayTheSpireMod:The Works"],"picked":"SKIP","floor":12}],"player_experience":227539,"relics_obtained":[{"floor":8,"key":"Odd Mushroom"},{"floor":9,"key":"jedi:angrymask"},{"floor":10,"key":"Replay:Bottled Steam"}],"event_choices":[{"damage_healed":0,"gold_gain":0,"player_choice":"Forge","damage_taken":0,"max_hp_gain":0,"max_hp_loss":0,"event_name":"Accursed Blacksmith","floor":2,"gold_loss":0,"cards_upgraded":["Noxious Fumes"]},{"damage_healed":0,"gold_gain":0,"player_choice":"Fought Mushrooms","damage_taken":0,"max_hp_gain":0,"max_hp_loss":0,"event_name":"Mushrooms","floor":8,"gold_loss":0}],"is_beta":false,"boss_relics":[],"items_purged_floors":[7],"is_endless":false,"potions_floor_spawned":[4,11,12],"killed_by":"3 Sentries","ascension_level":0}}