{"host":"fkig9nrckec4xsh0","time":1610918577,"event":{"mods":["BaseMod","Colored Map","Minty Spire (QoL Compilation)","Quick Restart","Replay The Spire","StSLib"],"gold_per_floor":[111,111,111,130,130,165,165,195,274,274,287,297,332,332,332,409,409,409],"floor_reached":17,"language":"ENG","playtime":502,"items_purged":[],"score":356,"play_id":"21258019-f726-4a8f-be0c-2f23da2da5a7","local_time":"20210117162257","is_ascension_mode":true,"campfire_choices":[{"data":"Pommel Strike","floor":7,"key":"SMITH"},{"data":"Iron Wave","floor":10,"key":"SMITH"},{"data":"ReplayTheSpireMod:Faulty Equipment","floor":15,"key":"SMITH"}],"circlet_count":0,"master_deck":["AscendersBane","Strike_R","Strike_R","Strike_R","Strike_R","Defend_R","Defend_R","Defend_R","Bash","Iron Wave+1","Pommel Strike+1","Cleave","Shrug It Off","Metallicize+1","Metallicize+1","Double Tap","AbeCurse"],"relics":["Burning Blood","NeowsBlessing","ReplayTheSpireMod:Ring of Collecting","Ring of Fury","Oddly Smooth Stone","Dream Catcher","Frozen Egg 2","Ring of Panic","Lantern","Shuriken","Abe\u0027s Treasure"],"acts_visited":["Exordium","TheCity"],"potions_floor_usage":[12,16],"damage_taken":[{"damage":0,"enemies":"2 Louse","floor":1,"turns":1},{"damage":0,"enemies":"Small Slimes","floor":4,"turns":2},{"damage":0,"enemies":"3 Sentries","floor":6,"turns":2},{"damage":14,"enemies":"Gremlin Nob","floor":8,"turns":4},{"damage":0,"enemies":"Cultist","floor":11,"turns":2},{"damage":18,"enemies":"Exordium Thugs","floor":12,"turns":3},{"damage":7,"enemies":"Lagavulin","floor":13,"turns":6},{"damage":24,"enemies":"Hexaghost","floor":16,"turns":6}],"seed_played":"-1545685536110577993","potions_obtained":[{"floor":4,"key":"BloodPotion"},{"floor":8,"key":"Adrenaline Potion"},{"floor":12,"key":"DistilledChaos"},{"floor":16,"key":"DistilledChaos"}],"is_trial":false,"path_per_floor":["M","?","?","M","?","E","R","E","T","R","M","M","E","T","R","B",null],"character_chosen":"IRONCLAD","items_purchased":[],"campfire_rested":0,"item_purchase_floors":[],"current_hp_per_floor":[74,74,74,75,75,75,75,67,67,67,73,61,60,60,60,42,67,67],"gold":409,"neow_bonus":"THREE_ENEMY_KILL","is_daily":false,"chose_seed":false,"campfire_upgraded":3,"win_rate":0.0,"timestamp":1610918577,"path_taken":["M","?","?","M","?","E","R","E","T","R","M","?","E","?","R","BOSS"],"items_purchased_type":[],"build_version":"2020-12-22","purchased_purges":0,"victory":false,"max_hp_per_floor":[75,75,75,75,75,75,75,75,75,75,75,75,75,75,75,75,75,75],"card_choices":[{"not_picked":["Shrug It Off","Combust"],"picked":"Iron Wave","floor":1},{"not_picked":["Defy Death","Second Wind","Bloodletting"],"picked":"SKIP","floor":4},{"not_picked":["Flex","Exhume"],"picked":"Pommel Strike","floor":6},{"not_picked":["Clothesline","Barricade"],"picked":"Cleave","floor":8},{"not_picked":["ReplayTheSpireMod:LeadingStrike","Massacre"],"picked":"Shrug It Off","floor":11},{"not_picked":["Heavy Blade","ReplayTheSpireMod:Strike From Hell"],"picked":"Metallicize+1","floor":12},{"not_picked":["Shrug It Off","ReplayTheSpireMod:Muscle Training"],"picked":"Metallicize+1","floor":13},{"not_picked":["Impervious","Offering"],"picked":"Double Tap","floor":16}],"player_experience":333823,"relics_obtained":[{"floor":2,"key":"ReplayTheSpireMod:Ring of Collecting"},{"floor":2,"key":"Ring of Fury"},{"floor":6,"key":"Oddly Smooth Stone"},{"floor":8,"key":"Dream Catcher"},{"floor":9,"key":"Frozen Egg 2"},{"floor":9,"key":"Ring of Panic"},{"floor":13,"key":"Lantern"},{"floor":14,"key":"Shuriken"}],"event_choices":[{"cards_removed":["Strike_R"],"damage_healed":0,"gold_gain":0,"player_choice":"Forget","damage_taken":0,"max_hp_gain":0,"max_hp_loss":0,"event_name":"Living Wall","floor":3,"gold_loss":0},{"cards_removed":["Defend_R"],"damage_healed":0,"gold_gain":0,"player_choice":"Purged","damage_taken":0,"max_hp_gain":0,"max_hp_loss":0,"event_name":"Purifier","floor":5,"gold_loss":0}],"is_beta":false,"boss_relics":[{"not_picked":["Empty Cage","Painkiller Herb"],"picked":"Abe\u0027s Treasure"}],"items_purged_floors":[],"is_endless":false,"potions_floor_spawned":[4,8,12,16],"ascension_level":16}}