{"host":"s8ccp9jw4vzp58l1","time":1610913339,"event":{"mods":["BaseMod","Colored Map","Colored Powertips","Minty Spire (QoL Compilation)","Relic Stats"],"gold_per_floor":[116,136,37,53,53,81,81,92,139,139,151,166,199,10,10,105,105,94,94,94,94,106,106,123,138,161,176,275,275,275,304,304,407,457,468,818,828,828,114,114,21,21,21,21,21,21,38,38,38,38,38],"floor_reached":50,"language":"ENG","playtime":4068,"items_purged":["Strike_R","Strike_R"],"score":493,"play_id":"16828910-f138-421d-8443-d2bfa149bb8f","local_time":"20210117135539","is_ascension_mode":false,"campfire_choices":[{"data":"Flex","floor":7,"key":"SMITH"},{"data":"Bash","floor":10,"key":"SMITH"},{"data":"Armaments","floor":15,"key":"SMITH"},{"floor":23,"key":"REST"},{"floor":30,"key":"RECALL"},{"floor":32,"key":"REST"},{"data":"Cleave","floor":40,"key":"SMITH"},{"data":"Dramatic Entrance","floor":42,"key":"SMITH"},{"data":"Limit Break","floor":45,"key":"SMITH"},{"data":"Pommel Strike","floor":49,"key":"SMITH"}],"circlet_count":0,"master_deck":["Defend_R","Defend_R","Defend_R","Defend_R+1","Bash+1","Inflame","Clash","Flex+1","Limit Break+1","Shrug It Off","Inflame+1","Headbutt","Body Slam+1","Armaments+1","Pommel Strike+1","Dual Wield","Barricade+1","Sentinel+1","Shockwave+1","Metallicize+1","Infernal Blade+1","Cleave+1","Clash+1","Flex","Rampage+1","Anger","Limit Break+1","Clothesline","Ghostly Armor+1","Battle Trance+1","Flash of Steel","Dramatic Entrance+1","Parasite","Headbutt"],"relics":["Burning Blood","Frozen Egg 2","Happy Flower","Juzu Bracelet","Astrolabe","Potion Belt","Tiny House","Old Coin","Lee\u0027s Waffle","Mercury Hourglass","Vajra","InkBottle"],"acts_visited":["Exordium","TheCity","TheBeyond"],"potions_floor_usage":[6,13,16,16,22,24,27,35,36,47,50,50],"damage_taken":[{"damage":3,"enemies":"2 Louse","floor":1,"turns":4},{"damage":1,"enemies":"Cultist","floor":2,"turns":4},{"damage":1,"enemies":"Jaw Worm","floor":4,"turns":3},{"damage":16,"enemies":"3 Sentries","floor":6,"turns":7},{"damage":5,"enemies":"2 Fungi Beasts","floor":8,"turns":4},{"damage":11,"enemies":"Lots of Slimes","floor":11,"turns":4},{"damage":0,"enemies":"Large Slime","floor":12,"turns":4},{"damage":25,"enemies":"Lagavulin","floor":13,"turns":4},{"damage":15,"enemies":"Hexaghost","floor":16,"turns":7},{"damage":19,"enemies":"2 Thieves","floor":18,"turns":4},{"damage":25,"enemies":"3 Byrds","floor":22,"turns":7},{"damage":24,"enemies":"3 Cultists","floor":24,"turns":6},{"damage":10,"enemies":"Snake Plant","floor":25,"turns":4},{"damage":10,"enemies":"Centurion and Healer","floor":27,"turns":5},{"damage":59,"enemies":"Gremlin Leader","floor":31,"turns":8},{"damage":40,"enemies":"Champ","floor":33,"turns":9},{"damage":29,"enemies":"3 Darklings","floor":35,"turns":3},{"damage":9,"enemies":"Mind Bloom Boss Battle","floor":36,"turns":7},{"damage":18,"enemies":"Orb Walker","floor":37,"turns":3},{"damage":21,"enemies":"Writhing Mass","floor":47,"turns":7},{"damage":91,"enemies":"Donu and Deca","floor":50,"turns":6}],"seed_played":"-4623863214848133006","potions_obtained":[{"floor":1,"key":"ElixirPotion"},{"floor":4,"key":"Strength Potion"},{"floor":6,"key":"ColorlessPotion"},{"floor":12,"key":"Fire Potion"},{"floor":13,"key":"Strength Potion"},{"floor":18,"key":"Weak Potion"},{"floor":22,"key":"Energy Potion"},{"floor":25,"key":"Fire Potion"},{"floor":33,"key":"Weak Potion"},{"floor":34,"key":"CultistPotion"},{"floor":37,"key":"AttackPotion"}],"is_trial":false,"path_per_floor":["M","M","$","M","?","E","R","M","T","R","M","M","E","$","R","B",null,"M","?","?","$","M","R","M","M","T","M","?","?","R","E","R","B",null,"M","?","M","?","$","R","$","R","T","T","R","$","M","?","R","B"],"character_chosen":"IRONCLAD","items_purchased":["Flex","Armaments","Pommel Strike","Dual Wield","Lee\u0027s Waffle","Mercury Hourglass","GamblersBrew","Block Potion","Flash of Steel","Dramatic Entrance"],"campfire_rested":2,"item_purchase_floors":[3,14,14,14,39,39,39,39,39,41],"current_hp_per_floor":[80,80,80,80,80,70,70,71,71,71,66,72,53,53,53,44,80,67,67,67,67,48,72,54,50,50,46,46,80,80,27,51,17,85,62,59,47,47,92,92,92,92,92,92,92,92,77,77,77,0,0],"gold":38,"neow_bonus":"THREE_CARDS","is_daily":false,"chose_seed":false,"campfire_upgraded":7,"win_rate":0.0,"timestamp":1610913339,"path_taken":["M","M","$","M","?","E","R","?","T","R","M","M","E","?","R","BOSS","M","?","?","$","M","R","M","M","T","M","?","?","R","E","R","BOSS","M","?","M","?","?","R","$","R","T","?","R","$","M","?","R","BOSS"],"items_purchased_type":["Card","Card","Card","Card","Relic","Relic","Potion","Potion","Card","Card"],"build_version":"2020-12-22","purchased_purges":2,"victory":false,"max_hp_per_floor":[80,80,80,80,80,80,80,80,80,80,80,80,80,80,80,80,80,80,80,80,80,80,80,80,80,80,80,80,80,80,80,80,80,85,85,85,85,85,92,92,92,92,92,92,92,92,92,92,92,92,92],"relic_stats":{"Lee\u0027s Waffle":45,"Happy Flower":[29],"counters":[21,110],"Astrolabe":["Sentinel","Shockwave","Metallicize"],"Juzu Bracelet":2,"obtain_stats":[{"Potion Belt":31,"Lee\u0027s Waffle":39,"Tiny House":34,"Happy Flower":9,"Astrolabe":17,"Vajra":43,"Juzu Bracelet":13,"Frozen Egg 2":6,"Burning Blood":0,"InkBottle":44,"Old Coin":36,"Mercury Hourglass":39},{"Potion Belt":15,"Lee\u0027s Waffle":19,"Tiny House":16,"Happy Flower":5,"Astrolabe":9,"Vajra":19,"Juzu Bracelet":8,"Frozen Egg 2":4,"Burning Blood":0,"InkBottle":19,"Old Coin":18,"Mercury Hourglass":19},{"Potion Belt":75,"Lee\u0027s Waffle":97,"Tiny House":84,"Happy Flower":22,"Astrolabe":41,"Vajra":97,"Juzu Bracelet":34,"Frozen Egg 2":18,"Burning Blood":0,"InkBottle":97,"Old Coin":94,"Mercury Hourglass":97}],"Burning Blood":107,"InkBottle":[6],"Mercury Hourglass":[42]},"card_choices":[{"not_picked":["Entrench","Fire Breathing"],"picked":"Inflame","floor":0},{"not_picked":["Evolve","Perfected Strike","Twin Strike"],"picked":"SKIP","floor":1},{"not_picked":["Iron Wave","Shockwave"],"picked":"Clash","floor":2},{"not_picked":["Feel No Pain","Warcry"],"picked":"Limit Break","floor":4},{"not_picked":["Hemokinesis","Sever Soul"],"picked":"Shrug It Off","floor":6},{"not_picked":["Flex","Intimidate"],"picked":"Inflame+1","floor":8},{"not_picked":["Sword Boomerang","Second Wind"],"picked":"Headbutt","floor":11},{"not_picked":["Wild Strike","Power Through"],"picked":"Carnage","floor":12},{"not_picked":["Evolve+1","Brutality+1"],"picked":"Body Slam","floor":13},{"not_picked":["Corruption+1","Limit Break"],"picked":"Barricade+1","floor":16},{"not_picked":["Burning Pact","Disarm"],"picked":"Infernal Blade+1","floor":18},{"not_picked":["Seeing Red","Heavy Blade"],"picked":"Cleave","floor":22},{"not_picked":["Dark Embrace+1","Armaments"],"picked":"Clash+1","floor":24},{"not_picked":["Perfected Strike","Headbutt"],"picked":"Flex","floor":25},{"not_picked":["Pommel Strike+1","Power Through"],"picked":"Rampage+1","floor":27},{"not_picked":["Iron Wave","Twin Strike"],"picked":"Anger","floor":31},{"not_picked":["Demon Form+1","Feed"],"picked":"Limit Break","floor":33},{"not_picked":["Anger","Shrug It Off"],"picked":"Fire Breathing+1","floor":34},{"not_picked":["Hemokinesis","Flex"],"picked":"Clothesline","floor":35},{"not_picked":["True Grit","Reckless Charge"],"picked":"Ghostly Armor+1","floor":36},{"not_picked":["Disarm+1","Cleave"],"picked":"Battle Trance+1","floor":37},{"not_picked":["Bludgeon","Armaments"],"picked":"Headbutt","floor":47}],"player_experience":120414,"relics_obtained":[{"floor":6,"key":"Frozen Egg 2"},{"floor":9,"key":"Happy Flower"},{"floor":13,"key":"Juzu Bracelet"},{"floor":31,"key":"Potion Belt"},{"floor":36,"key":"Old Coin"},{"floor":43,"key":"Vajra"},{"floor":44,"key":"InkBottle"}],"event_choices":[{"damage_healed":0,"gold_gain":0,"player_choice":"Upgraded","damage_taken":0,"max_hp_gain":0,"max_hp_loss":0,"event_name":"Upgrade Shrine","floor":5,"gold_loss":0,"cards_upgraded":["Limit Break"]},{"damage_healed":0,"gold_gain":0,"player_choice":"Ignored","damage_taken":0,"max_hp_gain":0,"max_hp_loss":0,"event_name":"Vampires","floor":19,"gold_loss":0},{"damage_healed":0,"gold_gain":0,"player_choice":"Upgraded","damage_taken":0,"max_hp_gain":0,"max_hp_loss":0,"event_name":"Upgrade Shrine","floor":20,"gold_loss":0,"cards_upgraded":["Body Slam"]},{"damage_healed":0,"gold_gain":99,"player_choice":"Stole From Cult","damage_taken":0,"max_hp_gain":0,"max_hp_loss":0,"event_name":"Nest","floor":28,"gold_loss":0},{"cards_removed":["Carnage"],"damage_healed":34,"gold_gain":0,"player_choice":"Offered Uncommon","damage_taken":0,"max_hp_gain":0,"max_hp_loss":0,"event_name":"Bonfire Elementals","floor":29,"gold_loss":0},{"damage_healed":0,"gold_gain":0,"player_choice":"Fight","damage_taken":0,"max_hp_gain":0,"max_hp_loss":0,"event_name":"MindBloom","floor":36,"gold_loss":0},{"damage_healed":0,"gold_gain":0,"player_choice":"Ignored","damage_taken":0,"max_hp_gain":0,"max_hp_loss":0,"event_name":"Tomb of Lord Red Mask","floor":38,"gold_loss":0},{"cards_removed":["Fire Breathing"],"damage_healed":0,"gold_gain":0,"player_choice":"Removed Power","damage_taken":0,"max_hp_gain":0,"max_hp_loss":0,"event_name":"Falling","floor":48,"gold_loss":0}],"is_beta":false,"boss_relics":[{"not_picked":["Philosopher\u0027s Stone","Ectoplasm"],"picked":"Astrolabe"},{"not_picked":["Runic Dome","Snecko Eye"],"picked":"Tiny House"}],"items_purged_floors":[3,39],"is_endless":false,"potions_floor_spawned":[1,4,6,12,13,18,22,25,33,37],"killed_by":"Donu and Deca","ascension_level":0}}