{"host":"f5gffvlv6a66yqkd","time":1610901333,"event":{"mods":["2.2 Compatiblity","Alarm Clock","BaseMod","Colored Map","Custom Start","DeckTracker","Keyboard Shortcuts","Minty Spire (QoL Compilation)","Permanent Neow","Quick Restart","Relic Stats","StSLib","SuperFastMode"],"gold_per_floor":[111,111,123,141,141,141,171,45,45,45,61,77,77,97,97,175,175,192,192,262,279,291,291,310,310,389,409,409,420,345,74,74,147,197,207,207,207,207,227,227,254,265,265,298,173,190,190,202,202,202,202,202,202,52,86,86],"floor_reached":57,"language":"KOR","playtime":3145,"items_purged":["Strike_G","Strike_G","Defend_G","Defend_G"],"score":2703,"play_id":"215dfde1-ee2e-4ae2-91fa-9d2e78eceb9c","local_time":"20210118013533","is_ascension_mode":true,"campfire_choices":[{"data":"Dagger Throw","floor":6.0,"key":"SMITH"},{"data":"Acrobatics","floor":10.0,"key":"SMITH"},{"data":"Concentrate","floor":15.0,"key":"SMITH"},{"data":"Reflex","floor":23.0,"key":"SMITH"},{"floor":25.0,"key":"REST"},{"data":"Prepared","floor":28.0,"key":"SMITH"},{"data":"Burst","floor":32.0,"key":"SMITH"},{"data":"Madness","floor":40.0,"key":"SMITH"},{"floor":47,"key":"RECALL"},{"data":"Grand Finale","floor":49,"key":"SMITH"},{"data":"Deadly Poison","floor":53,"key":"SMITH"}],"circlet_count":0,"master_deck":["AscendersBane","Defend_G","Defend_G+1","Survivor","Neutralize+1","Dagger Throw+1","Reflex+1","Acrobatics+1","PiercingWail","Deadly Poison+1","Concentrate+1","Burst+1","Dagger Throw","Night Terror","Acrobatics","Prepared+1","Underhanded Strike","Grand Finale+1","Madness+1","Madness","Tactician+1","Reflex+1"],"relics":["Ring of the Snake","Tingsha","Paper Crane","Sozu","Meat on the Bone","TheAbacus","Tiny House","Centennial Puzzle","Singing Bowl","Vajra","Tough Bandages"],"acts_visited":["Exordium","TheCity","TheBeyond","TheEnding"],"potions_floor_usage":[],"damage_taken":[{"damage":5.0,"enemies":"Small Slimes","floor":1.0,"turns":5.0},{"damage":2.0,"enemies":"Cultist","floor":3.0,"turns":4.0},{"damage":3.0,"enemies":"2 Louse","floor":4.0,"turns":2.0},{"damage":28.0,"enemies":"3 Sentries","floor":7.0,"turns":12.0},{"damage":8.0,"enemies":"Exordium Thugs","floor":11.0,"turns":4.0},{"damage":0.0,"enemies":"2 Fungi Beasts","floor":12.0,"turns":3.0},{"damage":0.0,"enemies":"Large Slime","floor":14.0,"turns":4.0},{"damage":9.0,"enemies":"Hexaghost","floor":16.0,"turns":10.0},{"damage":20.0,"enemies":"3 Byrds","floor":18.0,"turns":6.0},{"damage":0.0,"enemies":"Chosen","floor":21.0,"turns":3.0},{"damage":0.0,"enemies":"Snake Plant","floor":22.0,"turns":4.0},{"damage":16.0,"enemies":"Chosen and Byrds","floor":24.0,"turns":6.0},{"damage":0.0,"enemies":"Snecko","floor":27.0,"turns":3.0},{"damage":2.0,"enemies":"Centurion and Healer","floor":29.0,"turns":5.0},{"damage":10.0,"enemies":"Collector","floor":33.0,"turns":5.0},{"damage":0.0,"enemies":"3 Shapes","floor":35.0,"turns":3.0},{"damage":0.0,"enemies":"3 Darklings","floor":39.0,"turns":2.0},{"damage":9.0,"enemies":"Reptomancer","floor":41.0,"turns":5.0},{"damage":4.0,"enemies":"Jaw Worm Horde","floor":42.0,"turns":3.0},{"damage":11.0,"enemies":"Nemesis","floor":44.0,"turns":5.0},{"damage":6,"enemies":"Spire Growth","floor":46,"turns":4},{"damage":17,"enemies":"Writhing Mass","floor":48,"turns":3},{"damage":0,"enemies":"Donu and Deca","floor":50,"turns":4},{"damage":13,"enemies":"Awakened One","floor":51,"turns":4},{"damage":12,"enemies":"Shield and Spear","floor":55,"turns":3},{"damage":45,"enemies":"The Heart","floor":56,"turns":7}],"seed_played":"3853835001675761406","potions_obtained":[{"floor":0.0,"key":"GhostInAJar"},{"floor":0.0,"key":"Regen Potion"},{"floor":7.0,"key":"DistilledChaos"}],"is_trial":false,"path_per_floor":["M","?","M","M","?","R","E","$","T","R","M","M","?","M","R","B",null,"M","?","T","M","M","R","M","R","T","M","R","M","?","$","R","B",null,"M","?","?","?","M","R","E","M","T","E","$","M","R","M","R","B","B",null,"R","$","E","B",null],"character_chosen":"THE_SILENT","items_purchased":["Acrobatics","TheAbacus"],"campfire_rested":1,"item_purchase_floors":[8,31],"current_hp_per_floor":[54,54,52,49,49,49,36,36,36,36,28,28,28,28,28,19,54,34,34,34,34,34,34,18,37,37,37,37,35,35,35,35,37,64,64,51,51,51,51,51,42,38,38,41,41,49,49,44,44,44,43,67,67,67,57,24],"gold":86,"neow_bonus":"THREE_SMALL_POTIONS","is_daily":false,"chose_seed":false,"campfire_upgraded":9,"win_rate":0.0,"timestamp":1610901333,"path_taken":["M","?","?","M","?","R","E","$","T","R","M","?","?","M","R","BOSS","M","?","?","M","M","R","M","R","T","M","R","M","?","$","R","BOSS","M","?","?","?","?","R","E","M","T","E","?","M","R","M","R","BOSS","BOSS","R","$","E","BOSS"],"items_purchased_type":["Card","Relic"],"build_version":"2020-12-22","purchased_purges":4,"victory":true,"max_hp_per_floor":[66,66,66,66,66,66,66,66,66,66,66,66,66,66,66,66,66,66,66,66,66,66,66,66,66,66,66,66,66,66,66,66,66,71,71,71,71,71,71,71,71,71,71,73,73,75,75,75,75,75,75,75,75,75,77,77],"relic_stats":{"Sozu":7,"Centennial Puzzle":[21],"Tough Bandages":[270],"TheAbacus":[312],"Singing Bowl":6,"counters":[26,119],"Tingsha":[1392],"obtain_stats":[{"Sozu":17,"Centennial Puzzle":41,"Tough Bandages":55,"TheAbacus":31,"Tiny House":34,"Singing Bowl":43,"Vajra":44,"Tingsha":7,"Paper Crane":9,"Ring of the Snake":0,"Meat on the Bone":26},{"Sozu":8,"Centennial Puzzle":18,"Tough Bandages":25,"TheAbacus":14,"Tiny House":15,"Singing Bowl":19,"Vajra":20,"Tingsha":4,"Paper Crane":4,"Ring of the Snake":0,"Meat on the Bone":12},{"Sozu":44,"Centennial Puzzle":86,"Tough Bandages":112,"TheAbacus":71,"Tiny House":76,"Singing Bowl":89,"Vajra":94,"Tingsha":23,"Paper Crane":23,"Ring of the Snake":0,"Meat on the Bone":63}],"Ring of the Snake":[52],"Meat on the Bone":72},"card_choices":[{"not_picked":["Deflect","Acrobatics"],"picked":"Dash","floor":1.0},{"not_picked":["Underhanded Strike","Prepared"],"picked":"Dagger Throw","floor":3.0},{"not_picked":["Blur","Underhanded Strike"],"picked":"Reflex","floor":4.0},{"not_picked":["Bouncing Flask","Quick Slash","Riddle With Holes"],"picked":"SKIP","floor":7.0},{"not_picked":["Cloak And Dagger","Skewer"],"picked":"PiercingWail","floor":11.0},{"not_picked":["Underhanded Strike","Acrobatics"],"picked":"Deadly Poison","floor":12.0},{"not_picked":["Outmaneuver","Burst"],"picked":"Concentrate","floor":14.0},{"not_picked":["Doppelganger","Storm of Steel"],"picked":"Burst","floor":16.0},{"not_picked":["Bane","Blade Dance","Dagger Spray"],"picked":"SKIP","floor":18.0},{"not_picked":["Catalyst","Bane"],"picked":"Acrobatics","floor":21.0},{"not_picked":["Backflip","Terror","Expertise"],"picked":"SKIP","floor":22.0},{"not_picked":["Leg Sweep","Expertise"],"picked":"Prepared","floor":24.0},{"not_picked":["Dodge and Roll","Blade Dance","Riddle With Holes"],"picked":"SKIP","floor":27.0},{"not_picked":["Predator","Die Die Die"],"picked":"Underhanded Strike","floor":29.0},{"not_picked":["Adrenaline","Phantasmal Killer"],"picked":"Grand Finale","floor":33.0},{"not_picked":["Deflect","Riddle With Holes","Acrobatics+1"],"picked":"SKIP","floor":35.0},{"not_picked":["Acrobatics","PiercingWail","Deflect"],"picked":"SKIP","floor":39.0},{"not_picked":["Blur","Storm of Steel","PiercingWail+1"],"picked":"SKIP","floor":41.0},{"not_picked":["Blade Dance","Flechettes+1"],"picked":"Tactician+1","floor":42.0},{"not_picked":["Poisoned Stab","Crippling Poison","All Out Attack"],"picked":"Singing Bowl","floor":44.0},{"not_picked":["Deflect","Escape Plan","Outmaneuver"],"picked":"Singing Bowl","floor":46},{"not_picked":["Blade Dance+1","Deflect"],"picked":"Reflex+1","floor":48},{"not_picked":["Leg Sweep","Blade Dance+1","Cloak And Dagger"],"picked":"Singing Bowl","floor":55}],"player_experience":1586746,"relics_obtained":[{"floor":7.0,"key":"Tingsha"},{"floor":9.0,"key":"Paper Crane"},{"floor":26.0,"key":"Meat on the Bone"},{"floor":41.0,"key":"Centennial Puzzle"},{"floor":43.0,"key":"Singing Bowl"},{"floor":44.0,"key":"Vajra"},{"floor":55,"key":"Tough Bandages"}],"event_choices":[{"cards_removed":["Defend_G"],"damage_healed":0.0,"max_hp_gain":0.0,"max_hp_loss":0.0,"gold_gain":0.0,"event_name":"Bonfire Elementals","player_choice":"Offered Basic","floor":2.0,"gold_loss":0.0,"damage_taken":0.0},{"damage_healed":0.0,"max_hp_gain":0.0,"max_hp_loss":0.0,"gold_gain":0.0,"event_name":"Accursed Blacksmith","player_choice":"Forge","floor":5.0,"gold_loss":0.0,"damage_taken":0.0,"cards_upgraded":["Neutralize"]},{"damage_healed":0.0,"max_hp_gain":0.0,"max_hp_loss":0.0,"gold_gain":0.0,"event_name":"Liars Game","player_choice":"Ignored","floor":13.0,"gold_loss":0.0,"damage_taken":0.0},{"damage_healed":0.0,"max_hp_gain":0.0,"max_hp_loss":0.0,"gold_gain":0.0,"cards_transformed":["Strike_G","Strike_G"],"event_name":"Drug Dealer","player_choice":"Became Test Subject","floor":19.0,"gold_loss":0.0,"damage_taken":0.0,"cards_obtained":["Dagger Throw","Night Terror"]},{"cards_removed":["Strike_G"],"damage_healed":0.0,"max_hp_gain":0.0,"max_hp_loss":0.0,"gold_gain":0.0,"event_name":"Beggar","player_choice":"Gave Gold","floor":30.0,"gold_loss":75.0,"damage_taken":0.0},{"damage_healed":0.0,"max_hp_gain":0.0,"max_hp_loss":0.0,"gold_gain":0.0,"event_name":"Winding Halls","player_choice":"Embrace Madness","floor":36.0,"gold_loss":0.0,"damage_taken":13.0,"cards_obtained":["Madness","Madness"]},{"damage_healed":0.0,"max_hp_gain":0.0,"max_hp_loss":0.0,"gold_gain":0.0,"event_name":"Tomb of Lord Red Mask","player_choice":"Ignored","floor":37.0,"gold_loss":0.0,"damage_taken":0.0},{"cards_removed":["Dash"],"damage_healed":0.0,"max_hp_gain":0.0,"max_hp_loss":0.0,"gold_gain":0.0,"event_name":"Purifier","player_choice":"Purged","floor":38.0,"gold_loss":0.0,"damage_taken":0.0}],"is_beta":false,"boss_relics":[{"not_picked":["Coffee Dripper","Runic Dome"],"picked":"Sozu"},{"not_picked":["Snecko Eye","SlaversCollar"],"picked":"Tiny House"}],"items_purged_floors":[8,31,45,54],"is_endless":false,"potions_floor_spawned":[3,7,11,21,24,39,42,44,46],"ascension_level":20}}