{"host":"3a1ypf1irl30q4k8","time":1610893799,"event":{"mods":["AchievementEnabler","BaseMod","Bestiary","Colored Map","Minty Spire (QoL Compilation)","Relic Stats"],"gold_per_floor":[16,28,42,52,69,69,80,80,80,97,97,97,97,135,135,258,258,279,33,33,33,53,53,92,92,392,417,417,435,345,381,381,507,507,527,25,49,64,127,170,184,184,184,184,184,184,197,221,221,221,221,221,18,52,52,52],"floor_reached":55,"language":"ENG","playtime":4472,"items_purged":["Strike_P"],"score":957,"play_id":"077d5eeb-5094-4e5e-ad17-c4544df87d9f","local_time":"20210117142959","is_ascension_mode":true,"campfire_choices":[{"data":"Eruption","floor":6,"key":"SMITH"},{"data":"Wallop","floor":8,"key":"SMITH"},{"data":"ThirdEye","floor":13,"key":"SMITH"},{"data":"Vigilance","floor":15,"key":"SMITH"},{"data":"TalkToTheHand","floor":23,"key":"SMITH"},{"data":"DeceiveReality","floor":25,"key":"SMITH"},{"data":"EmptyFist","floor":28,"key":"SMITH"},{"data":"CutThroughFate","floor":32,"key":"SMITH"},{"floor":42,"key":"REST"},{"floor":45,"key":"RECALL"},{"data":"Wallop","floor":49,"key":"SMITH"},{"data":"MentalFortress","floor":52,"key":"SMITH"}],"circlet_count":0,"master_deck":["Defend_P+1","Defend_P","Defend_P","Defend_P","Eruption+1","Vigilance+1","Wallop+1","Tantrum","CutThroughFate+1","EmptyFist+1","CrushJoints","ClearTheMind","ThirdEye+1","TalkToTheHand+1","DeusExMachina","TalkToTheHand+1","RitualDagger","DeceiveReality+1","ClearTheMind+1","EmptyMind+1","Sanctity","Wallop+1","Devotion","ThirdEye+1","MentalFortress+1","ReachHeaven","SashWhip+1","Halt+1","Halt+1","Indignation+1","MentalFortress+1"],"relics":["PureWater","Mango","Golden Idol","Calipers","VioletLotus","HornCleat","Eternal Feather","Old Coin","Lizard Tail","Runic Pyramid","Gambling Chip","Incense Burner","GoldenEye","Bronze Scales","Oddly Smooth Stone"],"acts_visited":["Exordium","TheCity","TheBeyond","TheEnding"],"potions_floor_usage":[7,7,16,24,24,27,31,33,38,40,48,50,54,54,54,54,55],"damage_taken":[{"damage":0,"enemies":"Small Slimes","floor":1,"turns":2},{"damage":2,"enemies":"Jaw Worm","floor":2,"turns":3},{"damage":0,"enemies":"2 Louse","floor":3,"turns":2},{"damage":28,"enemies":"Exordium Thugs","floor":4,"turns":5},{"damage":0,"enemies":"Large Slime","floor":5,"turns":2},{"damage":3,"enemies":"Exordium Wildlife","floor":7,"turns":2},{"damage":1,"enemies":"Gremlin Gang","floor":10,"turns":4},{"damage":1,"enemies":"3 Sentries","floor":14,"turns":4},{"damage":0,"enemies":"Slime Boss","floor":16,"turns":7},{"damage":4,"enemies":"Chosen","floor":18,"turns":3},{"damage":0,"enemies":"Shell Parasite","floor":22,"turns":3},{"damage":0,"enemies":"Slavers","floor":24,"turns":4},{"damage":30,"enemies":"Chosen and Byrds","floor":27,"turns":7},{"damage":0,"enemies":"Snake Plant","floor":29,"turns":4},{"damage":0,"enemies":"Book of Stabbing","floor":31,"turns":5},{"damage":146,"enemies":"Collector","floor":33,"turns":15},{"damage":8,"enemies":"3 Shapes","floor":35,"turns":4},{"damage":0,"enemies":"Orb Walker","floor":37,"turns":4},{"damage":0,"enemies":"Writhing Mass","floor":38,"turns":7},{"damage":0,"enemies":"Mind Bloom Boss Battle","floor":39,"turns":4},{"damage":71,"enemies":"Reptomancer","floor":40,"turns":6},{"damage":0,"enemies":"Transient","floor":41,"turns":5},{"damage":0,"enemies":"4 Shapes","floor":47,"turns":5},{"damage":8,"enemies":"Spire Growth","floor":48,"turns":4},{"damage":36,"enemies":"Awakened One","floor":50,"turns":15},{"damage":44,"enemies":"Shield and Spear","floor":54,"turns":6},{"damage":59,"enemies":"The Heart","floor":55,"turns":3}],"seed_played":"3770712297572250941","potions_obtained":[{"floor":3,"key":"Fruit Juice"},{"floor":5,"key":"EntropicBrew"},{"floor":10,"key":"Dexterity Potion"},{"floor":16,"key":"SpeedPotion"},{"floor":22,"key":"Weak Potion"},{"floor":29,"key":"LiquidMemories"},{"floor":31,"key":"Explosive Potion"},{"floor":39,"key":"Energy Potion"},{"floor":46,"key":"Ancient Potion"},{"floor":46,"key":"StancePotion"},{"floor":46,"key":"EntropicBrew"},{"floor":48,"key":"SpeedPotion"}],"is_trial":false,"path_per_floor":["M","M","M","M","M","R","M","R","T","M","?","?","R","E","R","B",null,"M","$","?","?","M","R","E","R","T","M","R","M","?","E","R","B",null,"M","$","M","M","?","E","M","R","T","?","R","?","M","M","R","B",null,"R","$","E","B"],"character_chosen":"WATCHER","items_purchased":["HornCleat","MentalFortress","Gambling Chip","DuplicationPotion","Bronze Scales","ColorlessPotion"],"campfire_rested":1,"item_purchase_floors":[19,36,36,36,53,53],"current_hp_per_floor":[86,84,84,56,56,56,58,58,72,71,64,64,64,63,63,63,97,93,93,87,87,87,87,87,97,97,67,79,79,79,79,91,31,97,89,89,89,89,89,18,18,62,62,62,77,77,77,69,87,51,92,92,92,48,0,0],"gold":52,"neow_bonus":"TWENTY_PERCENT_HP_BONUS","is_daily":false,"chose_seed":false,"campfire_upgraded":10,"win_rate":0.0,"timestamp":1610893799,"path_taken":["M","M","M","M","M","R","M","R","T","M","?","?","R","E","R","BOSS","M","$","?","?","M","R","E","R","T","?","R","M","?","E","R","BOSS","M","$","M","M","?","E","M","R","T","?","R","?","?","M","R","BOSS","R","$","E","BOSS"],"items_purchased_type":["Relic","Card","Relic","Potion","Relic","Potion"],"build_version":"2020-12-22","purchased_purges":1,"victory":false,"max_hp_per_floor":[86,86,86,86,86,86,91,91,105,105,105,97,97,97,97,97,97,97,97,97,97,97,97,97,97,97,97,97,97,97,97,97,97,97,97,97,97,97,97,97,97,97,97,92,92,92,92,92,92,92,92,92,92,92,92,92],"relic_stats":{"Lizard Tail":48,"counters":[27,135],"Golden Idol":168,"Gambling Chip":[29],"Bronze Scales":[63],"Eternal Feather":82,"VioletLotus":[33],"GoldenEye":[21],"obtain_stats":[{"Calipers":14,"Golden Idol":12,"Oddly Smooth Stone":54,"Mango":9,"Eternal Feather":24,"Incense Burner":39,"GoldenEye":40,"Old Coin":26,"Lizard Tail":31,"HornCleat":19,"Gambling Chip":36,"Bronze Scales":53,"VioletLotus":17,"PureWater":0,"Runic Pyramid":34},{"Calipers":8,"Golden Idol":7,"Oddly Smooth Stone":26,"Mango":6,"Eternal Feather":12,"Incense Burner":20,"GoldenEye":21,"Old Coin":12,"Lizard Tail":15,"HornCleat":10,"Gambling Chip":17,"Bronze Scales":25,"VioletLotus":9,"PureWater":0,"Runic Pyramid":16},{"Calipers":24,"Golden Idol":20,"Oddly Smooth Stone":132,"Mango":16,"Eternal Feather":41,"Incense Burner":91,"GoldenEye":97,"Old Coin":41,"Lizard Tail":57,"HornCleat":34,"Gambling Chip":76,"Bronze Scales":126,"VioletLotus":31,"PureWater":0,"Runic Pyramid":72}]},"card_choices":[{"not_picked":["FlyingSleeves","MentalFortress"],"picked":"Wallop","floor":1},{"not_picked":["FollowUp","FlyingSleeves"],"picked":"Tantrum","floor":2},{"not_picked":["Worship","FollowUp"],"picked":"CutThroughFate","floor":3},{"not_picked":["Fasting2","CrushJoints"],"picked":"EmptyFist","floor":4},{"not_picked":["EmptyMind","DeusExMachina"],"picked":"CrushJoints","floor":5},{"not_picked":["FollowUp","Indignation"],"picked":"ClearTheMind","floor":7},{"not_picked":["FollowUp","SignatureMove"],"picked":"ThirdEye","floor":10},{"not_picked":["Scrawl","Conclude"],"picked":"TalkToTheHand","floor":14},{"not_picked":["Omniscience","Judgement"],"picked":"DeusExMachina","floor":16},{"not_picked":["CarveReality+1","EmptyBody"],"picked":"TalkToTheHand+1","floor":18},{"not_picked":["Nirvana","Prostrate"],"picked":"DeceiveReality","floor":22},{"not_picked":["EmptyFist","Crescendo+1"],"picked":"ClearTheMind+1","floor":24},{"not_picked":["ThirdEye","CutThroughFate"],"picked":"EmptyMind+1","floor":27},{"not_picked":["BowlingBash","ThirdEye"],"picked":"Sanctity","floor":29},{"not_picked":["EmptyBody","Consecrate"],"picked":"Wallop","floor":31},{"not_picked":["Alpha","Establishment"],"picked":"Devotion","floor":33},{"not_picked":["Fasting2","FlyingSleeves"],"picked":"ThirdEye+1","floor":35},{"not_picked":["Protect+1","PathToVictory"],"picked":"ReachHeaven","floor":37},{"not_picked":["Wallop+1","Protect","WindmillStrike"],"picked":"SKIP","floor":38},{"not_picked":["Wallop+1","Protect","WindmillStrike"],"picked":"SKIP","floor":38},{"not_picked":["ThirdEye","Nirvana+1"],"picked":"SashWhip+1","floor":39},{"not_picked":["EmptyFist+1","Indignation"],"picked":"Halt+1","floor":40},{"not_picked":["CrushJoints","Prostrate+1"],"picked":"Halt+1","floor":41},{"not_picked":["EmptyMind+1","Tantrum","SashWhip+1"],"picked":"SKIP","floor":47},{"not_picked":["Vengeance+1","CrushJoints"],"picked":"Indignation+1","floor":48},{"not_picked":["Scrawl","Study"],"picked":"MentalFortress+1","floor":54}],"player_experience":1091484,"relics_obtained":[{"floor":9,"key":"Mango"},{"floor":14,"key":"Calipers"},{"floor":24,"key":"Eternal Feather"},{"floor":26,"key":"Old Coin"},{"floor":31,"key":"Lizard Tail"},{"floor":39,"key":"Incense Burner"},{"floor":40,"key":"GoldenEye"},{"floor":54,"key":"Oddly Smooth Stone"}],"event_choices":[{"cards_removed":["Strike_P"],"damage_healed":0,"gold_gain":0,"player_choice":"Card Removal","damage_taken":7,"max_hp_gain":0,"max_hp_loss":0,"event_name":"Golden Wing","floor":11,"gold_loss":0},{"damage_healed":0,"gold_gain":0,"player_choice":"Lose Max HP","damage_taken":0,"relics_obtained":["Golden Idol"],"max_hp_gain":0,"max_hp_loss":8,"event_name":"Golden Idol","floor":12,"gold_loss":0},{"damage_healed":0,"gold_gain":0,"player_choice":"Joined the Cult","damage_taken":6,"max_hp_gain":0,"max_hp_loss":0,"event_name":"Nest","floor":20,"gold_loss":0,"cards_obtained":["RitualDagger"]},{"cards_removed":["Strike_P"],"damage_healed":0,"gold_gain":0,"player_choice":"Offered Basic","damage_taken":0,"max_hp_gain":0,"max_hp_loss":0,"event_name":"Bonfire Elementals","floor":21,"gold_loss":0},{"cards_removed":["Strike_P"],"damage_healed":0,"gold_gain":0,"player_choice":"Upgrade and Remove","damage_taken":0,"max_hp_gain":0,"max_hp_loss":0,"event_name":"Designer","floor":30,"gold_loss":90,"cards_upgraded":["Defend_P"]},{"damage_healed":0,"gold_gain":0,"player_choice":"Fight","damage_taken":0,"max_hp_gain":0,"max_hp_loss":0,"event_name":"MindBloom","floor":39,"gold_loss":0},{"damage_healed":0,"gold_gain":0,"player_choice":"Max HP","damage_taken":0,"max_hp_gain":0,"max_hp_loss":5,"event_name":"Winding Halls","floor":44,"gold_loss":0},{"damage_healed":0,"gold_gain":0,"player_choice":"Got Potions","damage_taken":0,"max_hp_gain":0,"max_hp_loss":0,"event_name":"Lab","floor":46,"gold_loss":0}],"is_beta":false,"boss_relics":[{"not_picked":["Velvet Choker","Philosopher\u0027s Stone"],"picked":"VioletLotus"},{"not_picked":["SlaversCollar","Coffee Dripper"],"picked":"Runic Pyramid"}],"items_purged_floors":[36],"is_endless":false,"potions_floor_spawned":[3,5,10,16,22,29,31,39,47,48],"killed_by":"The Heart","ascension_level":3}}