{"host":"vrsxkkch9ccrec7k","time":1610843892,"event":{"mods":["Act Like it!","BaseMod","Bestiary","Better Sensory Stone","Better Third Choice","Better Vampires","Downfall","Minty Spire (QoL Compilation)","Permanent Neow","Relic Stats","Spicy Shops","StSLib"],"gold_per_floor":[99,111,123,123,223,243,243,277,277,277,293,13,32,49,64,169,169,169,186,199,215,226,226,226,260,6,6,6,35,35,20,38,143,143,43,54,0,0,0,10,10,38,138,152,152,169,197,2,20,20],"floor_reached":51,"language":"ENG","playtime":6822,"items_purged":["Parasite","Clumsy"],"score":1014,"play_id":"8faf2c12-0230-4bee-8c7d-470eafdd17ba","local_time":"20210116193812","is_ascension_mode":true,"campfire_choices":[{"data":"Guardian:CurlUp","floor":1,"key":"SMITH"},{"data":"Guardian:SphericShield","floor":10,"key":"SMITH"},{"data":"Guardian:FloatingOrbs","floor":18,"key":"SMITH"},{"data":"Guardian:StasisField","floor":28,"key":"SMITH"},{"data":"Guardian:RefractedBeam","floor":30,"key":"SMITH"},{"data":"Guardian:EvasiveProtocol","floor":35,"key":"SMITH"},{"data":"Guardian:TimeCapacitor","floor":45,"key":"SMITH"}],"circlet_count":0,"master_deck":["Guardian:Defend_Guardian","Guardian:Defend_Guardian","Guardian:Defend_Guardian","Guardian:Defend_Guardian","Guardian:CurlUp+1","Guardian:Reroute","Guardian:RefractedBeam+1","Guardian:SphericShield+1","Guardian:StasisStrike","Guardian:TimeCapacitor+1","Guardian:EvasiveProtocol+1","Guardian:StasisField+1","Guardian:FloatingOrbs+1","Guardian:StasisEngine","Guardian:ExploitGems+1","Guardian:AncientConstruct+1","Guardian:GemFire+1","Guardian:TemporalShield+1","Guardian:DecasProtection+1","Guardian:SentryBeam","Guardian:DonusPower+1","Guardian:Orbwalk+1","Guardian:ConstructionForm+1","Guardian:TimeSifter+1","CurseOfTheBell","Guardian:BodySlam","Guardian:SentryBeam","expansioncontent:Chronoboost+1","Guardian:BodySlam+1","Guardian:BodySlam+1","Guardian:ArmoredProtocol+1","Guardian:ConstructionForm+1"],"relics":["Philosopher\u0027s Stone","Bronze Scales","Oddly Smooth Stone","ClockworkSouvenir","Astrolabe","Meat on the Bone","Mercury Hourglass","Ornamental Fan","Frozen Egg 2","Calling Bell","Potion Belt","Darkstone Periapt","Dead Branch","downfall:HeartBlessingGreen","Membership Card","Guardian:BottledStasis","InkBottle","Guardian:PickAxe","Toy Ornithopter","Shuriken","Calipers"],"acts_visited":["Exordium","TheCity","TheBeyond"],"potions_floor_usage":[8,21,22,25,25,29,29,29,40,46,49,50,50,50,50,50,50,50,50],"damage_taken":[{"damage":8,"enemies":"Small Slimes","floor":2,"turns":3},{"damage":3,"enemies":"2 Louse","floor":3,"turns":2},{"damage":2,"enemies":"Cultist","floor":6,"turns":3},{"damage":17,"enemies":"Gremlin Nob","floor":8,"turns":3},{"damage":7,"enemies":"Large Slime","floor":11,"turns":7},{"damage":8,"enemies":"downfall:FleeingMerchant","floor":12,"turns":4},{"damage":8,"enemies":"Exordium Wildlife","floor":13,"turns":4},{"damage":0,"enemies":"3 Louse","floor":14,"turns":3},{"damage":0,"enemies":"Gremlin Gang","floor":15,"turns":4},{"damage":18,"enemies":"DF_ARCHETYPE_STREAMLINE","floor":16,"turns":12},{"damage":4,"enemies":"Shell Parasite","floor":19,"turns":4},{"damage":9,"enemies":"Shelled Parasite and Fungi","floor":20,"turns":6},{"damage":11,"enemies":"Snecko","floor":21,"turns":6},{"damage":0,"enemies":"Sentry and Sphere","floor":22,"turns":8},{"damage":4,"enemies":"Book of Stabbing","floor":25,"turns":5},{"damage":0,"enemies":"downfall:FleeingMerchant","floor":26,"turns":4},{"damage":36,"enemies":"Gremlin Leader","floor":29,"turns":6},{"damage":2,"enemies":"downfall:FleeingMerchant","floor":31,"turns":4},{"damage":0,"enemies":"Centurion and Healer","floor":32,"turns":6},{"damage":36,"enemies":"IC_MUSHROOM_ARCHETYPE","floor":33,"turns":9},{"damage":17,"enemies":"3 Darklings","floor":36,"turns":7},{"damage":1,"enemies":"downfall:FleeingMerchant","floor":37,"turns":4},{"damage":3,"enemies":"3 Shapes","floor":40,"turns":4},{"damage":0,"enemies":"Reptomancer","floor":42,"turns":5},{"damage":0,"enemies":"downfall:LadyInBlue","floor":43,"turns":9},{"damage":0,"enemies":"Spire Growth","floor":44,"turns":4},{"damage":1,"enemies":"3 Darklings","floor":46,"turns":4},{"damage":0,"enemies":"Giant Head","floor":47,"turns":5},{"damage":0,"enemies":"Jaw Worm Horde","floor":49,"turns":2},{"damage":32,"enemies":"SI_POISON_ARCHETYPE","floor":50,"turns":6}],"seed_played":"5144807227014284702","potions_obtained":[{"floor":2,"key":"DuplicationPotion"},{"floor":8,"key":"Fruit Juice"},{"floor":13,"key":"LiquidBronze"},{"floor":16,"key":"hexamod:SoulburnPotion"},{"floor":21,"key":"champ:CounterPotion"},{"floor":22,"key":"GamblersBrew"},{"floor":25,"key":"Guardian:BlockOnCardUsePotion"},{"floor":27,"key":"CultistPotion"},{"floor":36,"key":"Block Potion"},{"floor":43,"key":"Ancient Potion"},{"floor":43,"key":"SneckoOil"},{"floor":43,"key":"Energy Potion"},{"floor":43,"key":"champ:CounterPotion"},{"floor":46,"key":"LiquidBronze"},{"floor":49,"key":"ColorlessPotion"}],"is_trial":false,"path_per_floor":["R","M","M","?","?","M","T","E","?","R","M","$","M","M","M","B",null,"R","M","M","M","M","?","T","E","$","?","R","E","R","$","M","B",null,"R","M","?","?","?","M","T","E","?","M","R","M","E","$","M","B",null],"character_chosen":"GUARDIAN","items_purchased":["ClockworkSouvenir","Guardian:EvasiveProtocol","Ornamental Fan","Membership Card","Guardian:BottledStasis","Guardian:Gem_Orange","Guardian:DefensiveModePotion","Block Potion","Guardian:SentryBeam","Calipers","EntropicBrew"],"campfire_rested":0,"item_purchase_floors":[12,12,26,37,37,37,37,37,37,48,48],"current_hp_per_floor":[80,72,69,74,74,72,72,55,55,55,48,40,32,32,32,14,82,82,78,69,63,63,63,63,59,59,59,59,35,35,45,45,21,87,87,70,75,75,75,72,72,72,72,72,72,76,76,76,81,71],"gold":20,"neow_bonus":"BOSS_RELIC","is_daily":false,"chose_seed":false,"campfire_upgraded":7,"win_rate":0.0,"timestamp":1610843892,"path_taken":["R","M","M","?","?","M","T","E","?","R","M","$","M","?","M","BOSS","R","M","M","M","M","?","T","E","$","?","R","E","R","?","M","BOSS","R","M","?","?","?","M","T","E","?","?","R","M","E","$","M","BOSS"],"items_purchased_type":["Relic","Card","Relic","Relic","Relic","Card","Potion","Potion","Card","Relic","Potion"],"build_version":"2020-12-22","purchased_purges":2,"victory":true,"max_hp_per_floor":[80,80,80,85,85,85,85,85,85,85,85,82,82,82,82,82,82,82,82,82,87,87,87,87,87,87,87,87,87,87,87,87,87,87,87,87,93,93,93,93,93,93,93,93,93,93,93,93,93,93],"relic_stats":{"Darkstone Periapt":6,"counters":[30,152],"Ornamental Fan":[164],"Shuriken":[3],"Bronze Scales":[352],"Astrolabe":["Guardian:ExploitGems","Guardian:AncientConstruct","Guardian:GemFire"],"Dead Branch":[145],"obtain_stats":[{"Potion Belt":34,"Darkstone Periapt":34,"Guardian:BottledStasis":37,"Calipers":48,"Astrolabe":17,"Dead Branch":34,"Guardian:ModeShifter":0,"Oddly Smooth Stone":8,"downfall:HeartBlessingGreen":35,"Frozen Egg 2":29,"ClockworkSouvenir":12,"Mercury Hourglass":25,"Calling Bell":34,"Guardian:PickAxe":42,"Ornamental Fan":26,"Shuriken":47,"Bronze Scales":7,"Philosopher\u0027s Stone":0,"Membership Card":37,"InkBottle":41,"Toy Ornithopter":43,"Meat on the Bone":24},{"Potion Belt":20,"Darkstone Periapt":20,"Guardian:BottledStasis":22,"Calipers":28,"Astrolabe":10,"Dead Branch":20,"Guardian:ModeShifter":0,"Oddly Smooth Stone":4,"downfall:HeartBlessingGreen":20,"Frozen Egg 2":17,"ClockworkSouvenir":6,"Mercury Hourglass":15,"Calling Bell":20,"Guardian:PickAxe":24,"Ornamental Fan":16,"Shuriken":28,"Bronze Scales":3,"Philosopher\u0027s Stone":0,"Membership Card":22,"InkBottle":23,"Toy Ornithopter":25,"Meat on the Bone":14},{"Potion Belt":103,"Darkstone Periapt":103,"Guardian:BottledStasis":114,"Calipers":144,"Astrolabe":45,"Dead Branch":103,"Guardian:ModeShifter":0,"Oddly Smooth Stone":11,"downfall:HeartBlessingGreen":103,"Frozen Egg 2":84,"ClockworkSouvenir":22,"Mercury Hourglass":74,"Calling Bell":103,"Guardian:PickAxe":123,"Ornamental Fan":78,"Shuriken":144,"Bronze Scales":8,"Philosopher\u0027s Stone":0,"Membership Card":114,"InkBottle":118,"Toy Ornithopter":132,"Meat on the Bone":69}],"InkBottle":[23],"Toy Ornithopter":32,"Meat on the Bone":36,"Mercury Hourglass":[265]},"card_choices":[{"not_picked":["Guardian:PrismaticBarrier","Guardian:DonusPower"],"picked":"Guardian:Reroute","floor":2},{"not_picked":["Guardian:BodySlam","Guardian:Planning"],"picked":"Guardian:RefractedBeam","floor":3},{"not_picked":["Guardian:ShieldCharger","Guardian:Reroute","Guardian:BodySlam"],"picked":"SKIP","floor":6},{"not_picked":["Guardian:RollAttack","Guardian:PrimingBeam"],"picked":"Guardian:SphericShield","floor":8},{"not_picked":["Guardian:Reroute","Guardian:SpikerProtocol"],"picked":"Guardian:Gem_Green","floor":11},{"not_picked":["Guardian:ShieldCharger","Guardian:BodySlam"],"picked":"Guardian:Gem_Cyan","floor":12},{"not_picked":["Guardian:Reroute","Guardian:Gem_Red"],"picked":"Guardian:StasisField","floor":13},{"not_picked":["Guardian:Clone","Guardian:ChargeCore"],"picked":"Guardian:FloatingOrbs","floor":14},{"not_picked":["Guardian:TemporalStrike","Guardian:ShieldCharger","Guardian:ChargeUp"],"picked":"SKIP","floor":15},{"not_picked":["Guardian:FierceBash","Guardian:TimeSifter"],"picked":"Guardian:StasisEngine","floor":16},{"not_picked":["Guardian:Gem_Crimson","Guardian:Suspension"],"picked":"Guardian:Gem_Fragmented","floor":19},{"not_picked":["Guardian:RollAttack","Guardian:CrystalBeam","Guardian:ShieldCharger"],"picked":"SKIP","floor":20},{"not_picked":["Guardian:PrimingBeam","Guardian:RollAttack"],"picked":"Guardian:TemporalShield+1","floor":21},{"not_picked":["Guardian:BronzeArmor","Guardian:EvasiveProtocol"],"picked":"Guardian:DecasProtection+1","floor":22},{"not_picked":["Guardian:GuardianWhirl","Guardian:Reroute"],"picked":"Guardian:SentryBeam","floor":25},{"not_picked":["Guardian:RollAttack","Guardian:ChargeCore+1","Guardian:PolyBeam"],"picked":"SKIP","floor":26},{"not_picked":["Guardian:Incinerate","Guardian:Preprogram+1"],"picked":"Guardian:DonusPower+1","floor":29},{"not_picked":["Guardian:ArmoredProtocol+1","Guardian:Gem_Cyan"],"picked":"Guardian:Orbwalk+1","floor":31},{"not_picked":["Guardian:Gem_Cyan","Guardian:TemporalShield"],"picked":"Guardian:ConstructionForm+1","floor":32},{"not_picked":["Guardian:SphericShield","Guardian:CompilePackage"],"picked":"Guardian:TimeSifter+1","floor":33},{"not_picked":["Guardian:RollAttack","Guardian:Orbwalk+1"],"picked":"Guardian:Gem_Lightblue","floor":36},{"not_picked":["Guardian:PrimingBeam","Guardian:Gem_Green"],"picked":"Guardian:BodySlam","floor":37},{"not_picked":["expansioncontent:HyperBeam","expansioncontent:PolyBeam"],"picked":"expansioncontent:Chronoboost+1","floor":39},{"not_picked":["Guardian:WalkerClaw+1","Guardian:Incinerate","Guardian:TemporalShield+1"],"picked":"SKIP","floor":40},{"not_picked":["Guardian:Gem_Cyan","Guardian:Clone+1"],"picked":"Guardian:BodySlam+1","floor":42},{"not_picked":["Guardian:MultiBeam+1","Guardian:Suspension+1"],"picked":"Guardian:BodySlam+1","floor":43},{"not_picked":["Guardian:WalkerClaw+1","Guardian:Gem_Fragmented"],"picked":"Guardian:ArmoredProtocol+1","floor":44},{"not_picked":["Guardian:TemporalShield+1","Guardian:ChargeCore+1","Guardian:TimeBomb+1"],"picked":"SKIP","floor":46},{"not_picked":["Guardian:RefractedBeam","Guardian:DecasProtection","Guardian:PrismaticBarrier"],"picked":"SKIP","floor":47},{"not_picked":["Guardian:ShieldCharger","Guardian:ChargeUp"],"picked":"Guardian:ConstructionForm+1","floor":49}],"player_experience":1563808,"relics_obtained":[{"floor":7,"key":"Bronze Scales"},{"floor":8,"key":"Oddly Smooth Stone"},{"floor":24,"key":"Meat on the Bone"},{"floor":25,"key":"Mercury Hourglass"},{"floor":29,"key":"Frozen Egg 2"},{"floor":34,"key":"Potion Belt"},{"floor":34,"key":"Darkstone Periapt"},{"floor":34,"key":"Dead Branch"},{"floor":41,"key":"InkBottle"},{"floor":42,"key":"Guardian:PickAxe"},{"floor":43,"key":"Toy Ornithopter"},{"floor":47,"key":"Shuriken"}],"event_choices":[{"damage_healed":0,"gold_gain":0,"player_choice":"Donut","damage_taken":0,"max_hp_gain":5,"max_hp_loss":0,"event_name":"Big Fish","floor":4,"gold_loss":0},{"damage_healed":0,"gold_gain":0,"player_choice":"Ignored","damage_taken":0,"max_hp_gain":0,"max_hp_loss":0,"event_name":"Ghosts","floor":23,"gold_loss":0},{"damage_healed":0,"gold_gain":0,"player_choice":"Ignored","damage_taken":0,"max_hp_gain":0,"max_hp_loss":0,"event_name":"Mysterious Sphere","floor":38,"gold_loss":0}],"is_beta":false,"boss_relics":[{"not_picked":["Snecko Eye","Tiny House"],"picked":"Astrolabe"},{"not_picked":["Pandora\u0027s Box","Coffee Dripper"],"picked":"Calling Bell"}],"items_purged_floors":[12,37],"is_endless":false,"potions_floor_spawned":[2,8,13,16,21,22,25,36,43,46,49],"ascension_level":4}}