{"host":"17xjy7b7ubl548g2","time":1610871486,"event":{"mods":["2.2 Compatiblity","Act Like it!","Aspiration","Astrologer","Bard","BaseMod","Bestiary","Challenge The Spire","ChefMod","Colored Map","Conspire","Elementarium","Energized Spire","Gensokyo","GifTheSpireLib","Halation","Hallownest","Hubris","Infinite Spire","Jedi Mod","Jorbs\u0027s Wanderer Trilogy","Marisa（霧雨　魔理沙）","Marked Mod","Menagerie","Minty Spire (QoL Compilation)","Pale of the Ancients","Permanent Neow","Puzzle Mod","Replay The Spire","Robot Space Explorer","Spicy Shops","StSLib","Stuff the Spire","The Blue Laboratory","The Bug Knight","The Construct","The Disciple","The Factory","The Hayseed","The Hierophant","The Marked","The Runesmith","The Sage","TheFirefly"],"gold_per_floor":[109,128,128,128,64,64,64,64,64,64,64,64,64,64,64,64,64,64,64,64,0,0,0,0,0,71,96,96,108,120,120,120,217,217,235,235,235,246,263,263,274,274,324,324,353,365,377,377,377,377,377,377,32,59,59,59],"floor_reached":55,"language":"ENG","playtime":5381,"items_purged":["Runesmith:Strike_RS","Runesmith:Strike_RS","Runesmith:Defend_RS"],"score":900,"play_id":"cc48a9a1-9b0a-4e79-a369-685f7d0ed699","local_time":"20210117031806","is_ascension_mode":true,"campfire_choices":[{"data":"infinitespire:Punishment","floor":6.0,"key":"SMITH"},{"data":"Runesmith:CraftFirestone","floor":8.0,"key":"SMITH"},{"data":"Runesmith:EnergizedChisel","floor":11.0,"key":"SMITH"},{"data":"Runesmith:Fortify","floor":15.0,"key":"SMITH"},{"data":"Runesmith:DoubleUp","floor":23.0,"key":"SMITH"},{"data":"Runesmith:GenerateForcefield","floor":32.0,"key":"SMITH"},{"floor":40.0,"key":"REST"},{"data":"infinitespire:Starlight","floor":42,"key":"SMITH"},{"floor":44,"key":"RECALL"},{"data":"Runesmith:Grindstone","floor":49,"key":"SMITH"},{"data":"Runesmith:Firewall","floor":52,"key":"SMITH"}],"circlet_count":0,"master_deck":["AscendersBane","Runesmith:Defend_RS","Runesmith:Defend_RS","Runesmith:Defend_RS","Runesmith:CraftFirestone+1","Runesmith:Fortify+1","Runesmith:Grindstone+1","Runesmith:CraftMagma","infinitespire:Punishment+1","Replay:Bootleg Shield Generator","Runesmith:FissionHammer","Runesmith:CraftMagma","Runesmith:EnergizedChisel+1","Runesmith:HammerThrow","Runesmith:GenerateForcefield+1","Runesmith:GoWithTheFlow","Runesmith:CraftProtectio+1","Runesmith:DoubleUp+1","Runesmith:CraftSpiculum+1","Runesmith:EarthShield","Runesmith:Firewall+1","Runesmith:Superposition+1","Runesmith:EnergizedChisel+1","infinitespire:Fortify","infinitespire:Starlight+1","Runesmith:ChaoticBlast+1","Runesmith:HammerThrow+1","Runesmith:Augment+1","Runesmith:PerfectChisel","Runesmith:Firestorm+1","Runesmith:CraftMagma","Runesmith:CraftObretio+1"],"relics":["Runesmith:BrokenRuby","hubris:ToyBattleship","halation:EternalFortune","jedi:ominousloannote","Vajra","Dream Catcher","infinitespire:FocusingShard","The Courier","Empty Cage","ReplayTheSpireMod:TigerMarble","Question Card","Replay:Bottled Flurry","halation:LoveArrow","hubris:Zylophone","infinitespire:Cupcake","Bag of Preparation","halation:KoshaPiece","Turnip","HollowMod:JonisBlessing","infinitespire:Beetle Shell","hubris:TenFootPole"],"acts_visited":["Exordium","Menagerie:Menagerie","TheBeyond","TheEnding"],"potions_floor_usage":[45,53],"damage_taken":[{"damage":0.0,"enemies":"Menagerie:WhisperingWraith","floor":1.0,"turns":4.0},{"damage":0.0,"enemies":"Menagerie:2_RABBITS","floor":2.0,"turns":5.0},{"damage":8.0,"enemies":"Menagerie:VoidReaper","floor":7.0,"turns":3.0},{"damage":0.0,"enemies":"Menagerie:Hydra","floor":10.0,"turns":3.0},{"damage":0.0,"enemies":"Menagerie:MonstrousExperiment","floor":12.0,"turns":2.0},{"damage":16.0,"enemies":"Menagerie:Suneater","floor":16.0,"turns":4.0},{"damage":0.0,"enemies":"Elementarium:VoidCorruption","floor":18.0,"turns":6.0},{"damage":24.0,"enemies":"Elementarium:Cyclone","floor":19.0,"turns":13.0},{"damage":2.0,"enemies":"Elementarium:VoidBeast","floor":22.0,"turns":4.0},{"damage":6.0,"enemies":"Elementarium:FIRE_NOBILITY","floor":24.0,"turns":7.0},{"damage":11.0,"enemies":"Elementarium:WarGolem","floor":27.0,"turns":4.0},{"damage":0.0,"enemies":"Elementarium:CYCLONE_AND_ORB_OF_FIRE","floor":28.0,"turns":3.0},{"damage":0.0,"enemies":"Elementarium:Hydrostalker","floor":29.0,"turns":4.0},{"damage":18.0,"enemies":"Elementarium:3_ELEMENTALS","floor":30.0,"turns":4.0},{"damage":0.0,"enemies":"Elementarium:GoldenDragon","floor":33.0,"turns":1.0},{"damage":15.0,"enemies":"3 Shapes","floor":35.0,"turns":5.0},{"damage":9.0,"enemies":"3 Darklings","floor":38.0,"turns":5.0},{"damage":30.0,"enemies":"Writhing Mass","floor":39.0,"turns":6.0},{"damage":7,"enemies":"Sphere and 2 Shapes","floor":41,"turns":4},{"damage":16,"enemies":"Giant Head","floor":45,"turns":10},{"damage":24,"enemies":"Jaw Worm Horde","floor":46,"turns":6},{"damage":20,"enemies":"Writhing Mass","floor":47,"turns":5},{"damage":0,"enemies":"Awakened One","floor":50,"turns":11},{"damage":14,"enemies":"Shield and Spear","floor":54,"turns":10},{"damage":74,"enemies":"The Heart","floor":55,"turns":11}],"seed_played":"-1502667373242892335","potions_obtained":[{"floor":7.0,"key":"Elixir"},{"floor":10.0,"key":"blueLaboratory:LouseDecoction"},{"floor":12.0,"key":"ColorlessPotion"},{"floor":22.0,"key":"SmokeBomb"},{"floor":24.0,"key":"blueLaboratory:EnragingPotion"},{"floor":33.0,"key":"blueLaboratory:BubblePotion"},{"floor":35.0,"key":"Energy Potion"},{"floor":41,"key":"Languid Potion"}],"is_trial":false,"path_per_floor":["M","M","?","?","$","R","E","R","T","E","R","M","?","?","R_BF","B",null,"M","M","?","$","M","R","E","?","T","E","M","M","M","AVR","R","B",null,"M","?","AVR","M","M","R","M","R","T","R","E","M","M","?","R","B",null,"R","$","E","B"],"character_chosen":"RUNESMITH_CLASS","items_purchased":["jedi:ominousloannote","Vajra","Replay:Bootleg Shield Generator","Runesmith:FissionHammer","Runesmith:DoubleUp","Turnip","HollowMod:JonisBlessing","Fruit Juice","infinitespire:Beetle Shell"],"campfire_rested":1,"item_purchase_floors":[5,5,5,5,21,53,53,53,53],"current_hp_per_floor":[63,63,45,48,48,48,40,40,40,40,40,40,40,40,40,24,61,61,37,45,45,43,43,37,37,37,26,26,26,8,8,8,8,63,48,48,48,49,34,58,61,61,61,61,60,51,46,46,46,61,73,73,78,64,0,0],"gold":59,"neow_bonus":"RANDOM_COMMON_RELIC","is_daily":false,"chose_seed":false,"campfire_upgraded":9,"win_rate":0.0,"timestamp":1610871486,"path_taken":["M","M","?","?","$","R","E","R","T","E","R","?","?","?","R_BF","BOSS","M","M","?","$","M","R","E","?","T","E","M","M","M","AVR","R","BOSS","M","?","AVR","M","M","R","M","R","T","R","E","M","?","?","R","BOSS","R","$","E","BOSS"],"items_purchased_type":["Relic","Relic","Card","Card","Card","Relic","Relic","Potion","Relic"],"build_version":"2020-12-22","purchased_purges":3,"victory":false,"max_hp_per_floor":[70,70,70,73,73,73,73,73,73,73,73,73,73,73,73,73,73,73,73,81,81,81,81,81,81,81,81,81,81,81,81,81,81,81,81,81,81,81,81,81,81,81,81,81,81,81,81,77,77,77,77,77,82,82,82,82],"card_choices":[{"not_picked":["Runesmith:EarthShield","Runesmith:HeatExchange"],"picked":"Runesmith:Grindstone","floor":1.0},{"not_picked":["Runesmith:UnstableHammer","Runesmith:ShiftingStrike"],"picked":"Runesmith:CraftMagma","floor":2.0},{"not_picked":["hubris:Fate","ReplayTheSpireMod:??????????????????????"],"picked":"infinitespire:Punishment","floor":3.0},{"not_picked":["Runesmith:WhiteBalance","Runesmith:EnergizedChisel"],"picked":"Runesmith:CraftMagma","floor":7.0},{"not_picked":["Runesmith:Repurpose","Runesmith:Augment"],"picked":"Runesmith:EnergizedChisel","floor":10.0},{"not_picked":["Runesmith:EnergizedChisel","Runesmith:Overpower"],"picked":"Runesmith:HammerThrow","floor":12.0},{"not_picked":["Runesmith:LastStand","Runesmith:FissionHammer"],"picked":"Runesmith:GenerateForcefield","floor":16.0},{"not_picked":["Runesmith:ShiftingStrike","Runesmith:Discharge"],"picked":"Runesmith:GoWithTheFlow","floor":18.0},{"not_picked":["Runesmith:Repurpose","Runesmith:Overpower"],"picked":"Runesmith:CraftProtectio+1","floor":19.0},{"not_picked":["Runesmith:Grindstone","Runesmith:CraftProtectio"],"picked":"Runesmith:CraftSpiculum+1","floor":22.0},{"not_picked":["Runesmith:Grindstone","Runesmith:RuneHurl"],"picked":"Runesmith:EarthShield","floor":24.0},{"not_picked":["aspiration:UnbridledHammer","Runesmith:MakeshiftArmor"],"picked":"Runesmith:Firewall","floor":27.0},{"not_picked":["Runesmith:HeatExchange","Runesmith:Prism+1","Runesmith:EarthShield"],"picked":"Runesmith:Superposition+1","floor":29.0},{"not_picked":["Runesmith:CraftIndustria","Runesmith:CraftReservo","Runesmith:HammerThrow","Runesmith:BackupBattery+1"],"picked":"SKIP","floor":30.0},{"not_picked":["Runesmith:HammerThrow+1","Runesmith:EarthShield","Runesmith:CraftSpiculum+1"],"picked":"Runesmith:EnergizedChisel+1","floor":35.0},{"not_picked":["Runesmith:ShiftingStrike","Runesmith:CraftMagma+1","Runesmith:OneForEveryone"],"picked":"Runesmith:ChaoticBlast+1","floor":38.0},{"not_picked":["Runesmith:ShiftingStrike+1","Runesmith:CraftMagma","Runesmith:HeatedChisel"],"picked":"Runesmith:HammerThrow+1","floor":39.0},{"not_picked":["Runesmith:CraftReservo+1","Runesmith:BackupBattery+1","Runesmith:RuneHurl+1"],"picked":"Runesmith:Augment+1","floor":40.0},{"not_picked":["Runesmith:StaticCage","Runesmith:Discharge","Runesmith:UnstableHammer"],"picked":"Runesmith:PerfectChisel","floor":41},{"not_picked":["Runesmith:Refine","Runesmith:Grindstone+1","Runesmith:HammerThrow+1"],"picked":"Runesmith:Firestorm+1","floor":45},{"not_picked":["Runesmith:OneForEveryone","Runesmith:EnergizedChisel+1","Runesmith:Attraction"],"picked":"Runesmith:CraftMagma","floor":46},{"not_picked":["Runesmith:CraftReservo","Runesmith:MakeshiftArmor+1","Runesmith:CraftProtectio"],"picked":"Runesmith:CraftObretio+1","floor":47},{"not_picked":["Runesmith:CraftMagma+1","Runesmith:Electrocute+1","Runesmith:CraftSpiculum","Runesmith:MakeshiftArmor"],"picked":"SKIP","floor":54}],"player_experience":1821857,"relics_obtained":[{"floor":7.0,"key":"Dream Catcher"},{"floor":9.0,"key":"infinitespire:FocusingShard"},{"floor":10.0,"key":"The Courier"},{"floor":24.0,"key":"ReplayTheSpireMod:TigerMarble"},{"floor":27.0,"key":"Question Card"},{"floor":36.0,"key":"hubris:Zylophone"},{"floor":43,"key":"Bag of Preparation"},{"floor":45,"key":"halation:KoshaPiece"},{"floor":54,"key":"hubris:TenFootPole"}],"event_choices":[{"damage_healed":0.0,"max_hp_gain":0.0,"max_hp_loss":0.0,"gold_gain":225.0,"event_name":"Menagerie:SpiderNest","player_choice":"Raid","floor":13.0,"gold_loss":0.0,"damage_taken":0.0,"cards_obtained":["Shame"]},{"damage_healed":0.0,"max_hp_gain":0.0,"max_hp_loss":0.0,"gold_gain":0.0,"event_name":"Menagerie:MagicPeddler","player_choice":"Ignored","floor":14.0,"gold_loss":0.0,"damage_taken":0.0},{"damage_healed":0.0,"max_hp_gain":8.0,"max_hp_loss":0.0,"gold_gain":0.0,"event_name":"Elementarium:SculptureGarden","player_choice":"Graft","floor":20.0,"gold_loss":0.0,"damage_taken":0.0},{"cards_removed":["Runesmith:Strike_RS"],"damage_healed":0.0,"max_hp_gain":0.0,"max_hp_loss":0.0,"gold_gain":0.0,"event_name":"Elementarium:LostScrolls","player_choice":"Burn","floor":25.0,"gold_loss":0.0,"damage_taken":0.0},{"damage_healed":0.0,"max_hp_gain":0.0,"max_hp_loss":0.0,"gold_gain":0.0,"event_name":"Wheel of Change","player_choice":"Relic","floor":36.0,"gold_loss":0.0,"damage_taken":0.0},{"damage_healed":0,"gold_gain":0,"player_choice":"Max HP","damage_taken":0,"max_hp_gain":0,"max_hp_loss":4,"event_name":"Winding Halls","floor":48,"gold_loss":0}],"is_beta":false,"boss_relics":[{"not_picked":["Honey Jar","energizedSpire:OgreHead"],"picked":"Empty Cage"},{"not_picked":["halation:PlatinumPhoenix","Runesmith:CoreCrystal"],"picked":"halation:LoveArrow"}],"items_purged_floors":[5,31,37],"is_endless":false,"potions_floor_spawned":[7,10,12,22,24,28,33,35,41],"killed_by":"The Heart","ascension_level":10}}