{"host":"natui9yr7uuq78xo","time":1610924585,"event":{"mods":["BaseMod","Better Third Choice","BetterRewards","Minty Spire (QoL Compilation)","StSLib","The Necromancer"],"gold_per_floor":[19,19,83,102,112,112,143,204,204,49,49,82,82,94,94,194,194,205,223,241,251,251,284,284,310,310,329,329,356,356,386,386,487,487,505,522,537,551,551,586,218,218,242,252,277,289,321,352,364,376,388,400,5,39,39],"floor_reached":56,"language":"ENG","playtime":3259,"items_purged":["Strike_W"],"score":1348,"play_id":"3810463e-a883-4707-b8a2-d826b584273e","local_time":"20210117130305","is_ascension_mode":true,"campfire_choices":[{"data":"Negative_Energy_Arrows","floor":6.0,"key":"SMITH"},{"data":"Negative_Energy_Shield","floor":11.0,"key":"SMITH"},{"floor":15.0,"key":"REST"},{"data":"Bone_Shift","floor":24.0,"key":"SMITH"},{"floor":28.0,"key":"REST"},{"data":"Bones_to_Steel+1","floor":32.0,"key":"PURGE"},{"data":"Apotheosis","floor":42,"key":"SMITH"},{"floor":46,"key":"REST"},{"floor":49,"key":"RECALL"},{"data":"Bone_Armory","floor":52,"key":"PURGE"}],"circlet_count":0,"master_deck":["Defend_W","Defend_W","Defend_W+1","Negative_Energy_Arrows+1","Bone_Wall","Scare+1","Skeleton_Dragon+1","Flesh_Made_Foul+1","Negative_Energy_Shield+1","Spectral_Walk","Summon_Death_Knight","Bone_Shift+1","Bone_Prison","Stop_Heart","Summon_Vampire_Lady","Detonate_Bones","Skeleton_Dragon","Hellfire","Cloudkill","Apotheosis+1","Skeleton_Dragon+1","Summon_Vampire_Lady","Uncharnel","Corrupt+1","Negative_Energy_Burst+1"],"relics":["Bottled Lightning","White Beast Statue","Omamori","Juzu Bracelet","Happy Flower","Snecko Eye","Nloth\u0027s Gift","Regal Pillow","Nunchaku","Bag of Marbles","War Paint","Peace Pipe","Empty Cage","Boot","DollysMirror","MawBank","Sling","Anchor","Toy Ornithopter"],"acts_visited":["Exordium","TheCity","TheBeyond","TheEnding"],"potions_floor_usage":[40,44,45,45,50,50,55,55],"damage_taken":[{"damage":9.0,"enemies":"2 Louse","floor":1.0,"turns":3.0},{"damage":0.0,"enemies":"Small Slimes","floor":4.0,"turns":4.0},{"damage":2.0,"enemies":"Cultist","floor":5.0,"turns":2.0},{"damage":22.0,"enemies":"3 Sentries","floor":7.0,"turns":8.0},{"damage":11.0,"enemies":"Gremlin Nob","floor":8.0,"turns":3.0},{"damage":14.0,"enemies":"Lagavulin","floor":12.0,"turns":8.0},{"damage":1.0,"enemies":"Looter","floor":14.0,"turns":3.0},{"damage":25.0,"enemies":"Slime Boss","floor":16.0,"turns":11.0},{"damage":0.0,"enemies":"3 Byrds","floor":18.0,"turns":2.0},{"damage":2.0,"enemies":"Spheric Guardian","floor":19.0,"turns":3.0},{"damage":2.0,"enemies":"3 Cultists","floor":20.0,"turns":4.0},{"damage":5.0,"enemies":"Chosen and Byrds","floor":21.0,"turns":5.0},{"damage":14.0,"enemies":"Slavers","floor":23.0,"turns":4.0},{"damage":25.0,"enemies":"Book of Stabbing","floor":25.0,"turns":9.0},{"damage":14.0,"enemies":"Snake Plant","floor":27.0,"turns":5.0},{"damage":7.0,"enemies":"Slavers","floor":29.0,"turns":4.0},{"damage":0.0,"enemies":"Gremlin Leader","floor":31.0,"turns":5.0},{"damage":9.0,"enemies":"Collector","floor":33.0,"turns":6.0},{"damage":2.0,"enemies":"3 Darklings","floor":35.0,"turns":4.0},{"damage":16,"enemies":"3 Shapes","floor":36,"turns":3},{"damage":24,"enemies":"Spire Growth","floor":37,"turns":4},{"damage":24,"enemies":"Maw","floor":38,"turns":7},{"damage":6,"enemies":"Giant Head","floor":40,"turns":7},{"damage":16,"enemies":"Sphere and 2 Shapes","floor":44,"turns":2},{"damage":32,"enemies":"Reptomancer","floor":45,"turns":4},{"damage":5,"enemies":"3 Darklings","floor":47,"turns":3},{"damage":45,"enemies":"Spire Growth","floor":48,"turns":5},{"damage":42,"enemies":"Donu and Deca","floor":50,"turns":6},{"damage":23,"enemies":"Shield and Spear","floor":54,"turns":4},{"damage":94,"enemies":"The Heart","floor":55,"turns":10}],"seed_played":"9000578867479992688","potions_obtained":[{"floor":1.0,"key":"PowerPotion"},{"floor":4.0,"key":"FearPotion"},{"floor":8.0,"key":"FairyPotion"},{"floor":12.0,"key":"SkillPotion"},{"floor":14.0,"key":"BlessingOfTheForge"},{"floor":18.0,"key":"Fire Potion"},{"floor":20.0,"key":"Swift Potion"},{"floor":27.0,"key":"EssenceOfSteel"},{"floor":29.0,"key":"PowerPotion"},{"floor":31.0,"key":"Block Potion"},{"floor":33.0,"key":"DuplicationPotion"},{"floor":35.0,"key":"Swift Potion"},{"floor":40,"key":"AttackPotion"},{"floor":44,"key":"DistilledChaos"},{"floor":45,"key":"Explosive Potion"},{"floor":47,"key":"Weak Potion"},{"floor":54,"key":"SpeedPotion"}],"is_trial":false,"path_per_floor":["M","?","?","M","M","R","E","?","T","$","R","E","?","M","R","B",null,"M","M","M","M","?","E","R","E","T","M","R","E","?","E","R","B",null,"M","M","M","M","?","E","$","R","T","M","E","R","M","M","R","B",null,"R","$","E","B",null],"character_chosen":"NECROMANCER","items_purchased":["Juzu Bracelet","DollysMirror","Summon_Vampire_Lady","FearPotion","Dexterity Potion","Sling","Anchor"],"campfire_rested":3,"item_purchase_floors":[10,41,41,53,53,53,53],"current_hp_per_floor":[70,70,70,74,74,74,58,49,49,49,49,37,22,23,45,28,75,75,75,75,74,74,60,60,35,35,21,58,54,40,46,46,49,80,78,62,47,38,38,44,44,44,44,40,26,65,69,33,33,21,80,80,80,69,30],"gold":39,"neow_bonus":"TRANSFORM_TWO_CARDS","is_daily":false,"chose_seed":false,"campfire_upgraded":4,"win_rate":0.0,"timestamp":1610924585,"path_taken":["M","?","?","M","M","R","E","?","T","$","R","E","?","M","R","BOSS","M","M","M","M","?","E","R","E","T","M","R","E","?","E","R","BOSS","M","M","M","M","?","E","$","R","T","M","E","R","M","M","R","BOSS","R","$","E","BOSS"],"items_purchased_type":["Relic","Relic","Card","Potion","Potion","Relic","Relic"],"build_version":"2020-12-22","purchased_purges":1,"victory":true,"max_hp_per_floor":[75,75,75,75,75,75,75,75,75,75,75,75,75,75,75,75,75,75,75,75,75,75,75,75,75,75,75,75,75,80,80,80,80,80,80,80,80,80,80,80,80,80,80,80,80,80,80,80,80,80,80,80,80,80,80],"card_choices":[{"not_picked":["Negative_Energy_Sphere","Blood_Shield"],"picked":"Flesh_Made_Foul","floor":1.0},{"not_picked":["Negative_Energy_Mist","Death_Coil","Summon_Lich"],"picked":"SKIP","floor":4.0},{"not_picked":["Whirlwind_of_Bones","Finger_Of_Death","Consume_Illness"],"picked":"SKIP","floor":5.0},{"not_picked":["Death_March_Dance","Slay_Living"],"picked":"Bone_Armory","floor":7.0},{"not_picked":["Negative_Energy_Bomb","Consume_Illness"],"picked":"Negative_Energy_Shield","floor":8.0},{"not_picked":["Negative_Energy_Sphere","Blood_Whip"],"picked":"Spectral_Walk","floor":12.0},{"not_picked":["Negative_Energy_Javelin","Bone_Armor","Shackles_Of_Pain"],"picked":"SKIP","floor":14.0},{"not_picked":["Blood_Wake","Hellfire"],"picked":"Summon_Death_Knight","floor":16.0},{"not_picked":["Necromantic_Selection","Death_Coil","Consume_Illness"],"picked":"SKIP","floor":18.0},{"not_picked":["Necromantic_Selection","Death_Coil","Consume_Illness"],"picked":"SKIP","floor":18.0},{"not_picked":["Blood_Curse+1","Shackles_Of_Pain+1"],"picked":"Bones_to_Steel","floor":19.0},{"not_picked":["Pandemic","Negative_Energy_Mist"],"picked":"Bone_Shift","floor":20.0},{"not_picked":["Finger_Of_Death","Vampiric_Strike+1"],"picked":"Bone_Prison","floor":21.0},{"not_picked":["Bone_Shift","Epidemic","Reap_The_Weak"],"picked":"SKIP","floor":23.0},{"not_picked":["Uncharnel","Flesh_Made_Foul+1"],"picked":"Stop_Heart","floor":25.0},{"not_picked":["Negative_Energy_Shield","Reap_The_Weak"],"picked":"Summon_Vampire_Lady","floor":27.0},{"not_picked":["Vampiric_Strike","Chill_Blood","Shackles_Of_Pain+1"],"picked":"SKIP","floor":29.0},{"not_picked":["Bone_Armory","Life_Drain"],"picked":"Detonate_Bones","floor":31.0},{"not_picked":["Detonate_Bones","Requiem"],"picked":"Skeleton_Dragon","floor":33.0},{"not_picked":["Death_Coil","Blood_Curse+1","Life_Tap"],"picked":"SKIP","floor":35.0},{"not_picked":["Chill_Blood+1","Death_March_Dance+1"],"picked":"Hellfire","floor":36},{"not_picked":["Spectral_Walk","Bone_Armor"],"picked":"Cloudkill","floor":37},{"not_picked":["Blood_Whip","Finger_Of_Death","Bone_Armory"],"picked":"SKIP","floor":38},{"not_picked":["Secret Weapon","Purity"],"picked":"Apotheosis","floor":39},{"not_picked":["Strike_from_Beyond","Exploit+1","Violent_Necrosis+1"],"picked":"SKIP","floor":40},{"not_picked":["Negative_Energy_Bomb","Bone_Bullets+1"],"picked":"Uncharnel","floor":44},{"not_picked":["Thousand_Bone_Knives+1","Deaths_Shadow+1","Death_Coil"],"picked":"SKIP","floor":45},{"not_picked":["Shackles_Of_Pain","Summon_Undead_Army+1","Bone_Bullets+1"],"picked":"SKIP","floor":47},{"not_picked":["Negative_Energy_Javelin","Blood_Magic"],"picked":"Corrupt+1","floor":48},{"not_picked":["Strike_from_Beyond+1","Bone_Armor"],"picked":"Negative_Energy_Burst+1","floor":54}],"player_experience":328871,"relics_obtained":[{"floor":7.0,"key":"Bottled Lightning"},{"floor":9.0,"key":"Omamori"},{"floor":12.0,"key":"Happy Flower"},{"floor":23.0,"key":"Regal Pillow"},{"floor":25.0,"key":"Nunchaku"},{"floor":26.0,"key":"Bag of Marbles"},{"floor":29.0,"key":"War Paint"},{"floor":31.0,"key":"Peace Pipe"},{"floor":40,"key":"Boot"},{"floor":45,"key":"MawBank"},{"floor":54,"key":"Toy Ornithopter"}],"event_choices":[{"damage_healed":0.0,"max_hp_gain":0.0,"max_hp_loss":0.0,"gold_gain":0.0,"event_name":"Living Wall","player_choice":"Grow","floor":2.0,"gold_loss":0.0,"damage_taken":0.0,"cards_upgraded":["Flesh_Made_Foul"]},{"damage_healed":0.0,"max_hp_gain":0.0,"max_hp_loss":0.0,"gold_gain":64.0,"event_name":"Golden Wing","player_choice":"Gained Gold","floor":3.0,"gold_loss":0.0,"damage_taken":0.0},{"damage_healed":0.0,"max_hp_gain":0.0,"max_hp_loss":0.0,"gold_gain":0.0,"event_name":"Dead Adventurer","player_choice":"Searched \u00272\u0027 times","floor":8.0,"gold_loss":0.0,"damage_taken":0.0,"relics_obtained":["White Beast Statue"]},{"damage_healed":37.0,"max_hp_gain":0.0,"max_hp_loss":75.0,"gold_gain":0.0,"event_name":"betterThird:BetterShining","player_choice":"Upgrade","floor":13.0,"gold_loss":0.0,"damage_taken":15.0,"cards_upgraded":["Scare","Skeleton_Dragon"]},{"damage_healed":0.0,"max_hp_gain":0.0,"max_hp_loss":0.0,"gold_gain":0.0,"event_name":"N\u0027loth","player_choice":"Traded Relic","floor":22.0,"relics_lost":["Vampire_Amulet"],"gold_loss":0.0,"damage_taken":0.0,"relics_obtained":["Nloth\u0027s Gift"]},{"damage_healed":0.0,"max_hp_gain":5.0,"max_hp_loss":0.0,"gold_gain":0.0,"event_name":"Forgotten Altar","player_choice":"Shed Blood","floor":30.0,"gold_loss":0.0,"damage_taken":19.0},{"damage_healed":0,"gold_gain":0,"player_choice":"Memory 1","damage_taken":0,"max_hp_gain":0,"max_hp_loss":0,"event_name":"SensoryStone","floor":39,"gold_loss":0}],"is_beta":false,"boss_relics":[{"not_picked":["Coffee Dripper","Astrolabe"],"picked":"Snecko Eye"},{"not_picked":["Runic Pyramid","Tiny House"],"picked":"Empty Cage"}],"items_purged_floors":[41],"is_endless":false,"potions_floor_spawned":[1,4,8,12,14,16,18,19,20,21,23,25,27,29,31,33,35,36,37,38,40,44,45,47,48,54],"ascension_level":1}}