{"host":"vumwfieg2b2mnrfl","time":1610848449,"event":{"mods":["AchievementEnabler","BaseMod","Minty Spire (QoL Compilation)","Rare Cards Sparkle","Relic Stats"],"gold_per_floor":[117,117,117,29,43,82,82,115,185,203,216,32,46,66,66,66,66],"floor_reached":16,"language":"ENG","playtime":584,"items_purged":["Injury"],"score":267,"play_id":"f2575277-6972-465e-b42d-34bcb30f18d3","local_time":"20210116195409","is_ascension_mode":true,"campfire_choices":[{"data":"Calculated Gamble","floor":7,"key":"SMITH"},{"floor":15,"key":"REST"}],"circlet_count":0,"master_deck":["AscendersBane","Strike_G","Strike_G","Strike_G","Strike_G","Strike_G","Defend_G","Defend_G","Defend_G","Defend_G","Defend_G","Survivor","Neutralize","Calculated Gamble+1","Dash","Dagger Spray","Footwork","Footwork","Catalyst","Bouncing Flask","Footwork","Noxious Fumes","Backflip"],"relics":["Ring of the Snake","NeowsBlessing","Golden Idol","Oddly Smooth Stone","Potion Belt","The Courier"],"acts_visited":["Exordium"],"potions_floor_usage":[13,14,16],"damage_taken":[{"damage":0,"enemies":"Small Slimes","floor":1,"turns":1},{"damage":0,"enemies":"2 Louse","floor":5,"turns":1},{"damage":0,"enemies":"Gremlin Nob","floor":6,"turns":1},{"damage":41,"enemies":"3 Sentries","floor":8,"turns":13},{"damage":0,"enemies":"Jaw Worm","floor":10,"turns":5},{"damage":6,"enemies":"Exordium Thugs","floor":11,"turns":8},{"damage":0,"enemies":"Lots of Slimes","floor":13,"turns":4},{"damage":0,"enemies":"Red Slaver","floor":14,"turns":5},{"damage":36,"enemies":"Slime Boss","floor":16,"turns":11}],"seed_played":"-8702282792039593895","potions_obtained":[{"floor":6,"key":"SneckoOil"},{"floor":10,"key":"DistilledChaos"},{"floor":11,"key":"Regen Potion"},{"floor":14,"key":"DuplicationPotion"}],"is_trial":false,"path_per_floor":["M","?","?","$","M","E","R","E","T","M","M","$","M","M","R","B"],"character_chosen":"THE_SILENT","items_purchased":["Dash","Footwork","Noxious Fumes"],"campfire_rested":1,"item_purchase_floors":[4,12,12],"current_hp_per_floor":[59,59,59,59,59,59,59,18,18,18,12,12,12,12,31,0,0],"gold":66,"neow_bonus":"THREE_ENEMY_KILL","is_daily":false,"chose_seed":false,"campfire_upgraded":1,"win_rate":0.0,"timestamp":1610848449,"path_taken":["M","?","?","$","M","E","R","E","T","M","M","?","M","?","R","BOSS"],"items_purchased_type":["Card","Card","Card"],"build_version":"2020-12-22","purchased_purges":1,"victory":false,"max_hp_per_floor":[66,66,66,66,66,66,66,66,66,66,66,66,66,66,66,66,66],"relic_stats":{"counters":[9,49],"Golden Idol":32,"obtain_stats":[{"Potion Belt":8,"NeowsBlessing":0,"Golden Idol":3,"Oddly Smooth Stone":6,"The Courier":9,"Ring of the Snake":0},{"Potion Belt":4,"NeowsBlessing":0,"Golden Idol":1,"Oddly Smooth Stone":3,"The Courier":4,"Ring of the Snake":0},{"Potion Belt":16,"NeowsBlessing":0,"Golden Idol":1,"Oddly Smooth Stone":3,"The Courier":16,"Ring of the Snake":0}],"Ring of the Snake":[18]},"card_choices":[{"not_picked":["Flying Knee","Prepared"],"picked":"Calculated Gamble","floor":1},{"not_picked":["Infinite Blades","Bane"],"picked":"Dagger Spray","floor":5},{"not_picked":["Leg Sweep","Bouncing Flask"],"picked":"Footwork","floor":6},{"not_picked":["Heel Hook","Dodge and Roll"],"picked":"Footwork","floor":8},{"not_picked":["Heel Hook","Backflip"],"picked":"Catalyst","floor":10},{"not_picked":["Crippling Poison","Concentrate"],"picked":"Bouncing Flask","floor":11},{"not_picked":["All Out Attack","Choke"],"picked":"Backflip","floor":13},{"not_picked":["Tactician","All Out Attack","Slice"],"picked":"SKIP","floor":14}],"player_experience":435815,"relics_obtained":[{"floor":6,"key":"Oddly Smooth Stone"},{"floor":8,"key":"Potion Belt"},{"floor":9,"key":"The Courier"}],"event_choices":[{"damage_healed":0,"gold_gain":0,"player_choice":"Ignored","damage_taken":0,"max_hp_gain":0,"max_hp_loss":0,"event_name":"Golden Wing","floor":2,"gold_loss":0},{"damage_healed":0,"gold_gain":0,"player_choice":"Take Wound","damage_taken":0,"relics_obtained":["Golden Idol"],"max_hp_gain":0,"max_hp_loss":0,"event_name":"Golden Idol","floor":3,"gold_loss":0,"cards_obtained":["Injury"]}],"is_beta":false,"boss_relics":[],"items_purged_floors":[12],"is_endless":false,"potions_floor_spawned":[6,10,11,14],"killed_by":"Slime Boss","ascension_level":19}}