{"host":"7qgwl9qoiomx399t","time":1610853086,"event":{"mods":["AchievementEnabler","BaseMod","Better Third Choice","Colored Powertips","Ironclad Rager","Minty Spire (QoL Compilation)","Quick Restart","Replay The Spire","StSLib"],"gold_per_floor":[16,16,29,49,49,49,79,89,144,157,169,188,208,61,61,164,214,228,238,238,238,258,258,30,42,42,62,62,62],"floor_reached":28,"language":"ENG","playtime":2102,"items_purged":["Replay:Many Hands"],"score":237,"play_id":"5aea6b87-480c-41ee-8c89-146a8f5114e6","local_time":"20210116191126","is_ascension_mode":true,"campfire_choices":[{"data":"Armaments","floor":6,"key":"SMITH"},{"data":"Bash","floor":15,"key":"SMITH"},{"floor":23,"key":"REST"}],"circlet_count":0,"master_deck":["Bash+1","Twin Strike","Twin Strike","Twin Strike","Twin Strike","Twin Strike","Iron Wave","Iron Wave","Iron Wave","Iron Wave","ReplayTheSpireMod:Strike From Hell","Armaments+1","Cleave+1","Flex","ReplayTheSpireMod:Muscle Training","Whirlwind","Flex","Shrug It Off","ReplayTheSpireMod:Muscle Training","Blood for Blood","ReplayReversal","ReplayTheSpireMod:Limb From Limb","Disarm","Reaper","Disarm","Flex+1","Sword Boomerang+1","Decay","Anger","Clash","Blood for Blood"],"relics":["Burning Blood","Mummified Hand","ReplayTheSpireMod:Lightbulb","Orrery","Tiny House","Ring of Searing","Pen Nib","Art of War"],"acts_visited":["Exordium","TheCity"],"potions_floor_usage":[1,12,12],"damage_taken":[{"damage":0,"enemies":"Small Slimes","floor":1,"turns":2},{"damage":0,"enemies":"Cultist","floor":3,"turns":2},{"damage":0,"enemies":"2 Louse","floor":4,"turns":2},{"damage":20,"enemies":"3 Sentries","floor":7,"turns":6},{"damage":1,"enemies":"Lots of Slimes","floor":8,"turns":3},{"damage":1,"enemies":"3 Louse","floor":10,"turns":2},{"damage":0,"enemies":"Gremlin Gang","floor":11,"turns":3},{"damage":4,"enemies":"2 Fungi Beasts","floor":12,"turns":2},{"damage":11,"enemies":"Large Slime","floor":13,"turns":5},{"damage":48,"enemies":"Hexaghost","floor":16,"turns":8},{"damage":5,"enemies":"3 Byrds","floor":18,"turns":5},{"damage":36,"enemies":"2 Thieves","floor":19,"turns":4},{"damage":9,"enemies":"Centurion and Healer","floor":22,"turns":7},{"damage":23,"enemies":"Chosen and Byrds","floor":25,"turns":5},{"damage":13,"enemies":"Cultist and Chosen","floor":27,"turns":5},{"damage":11,"enemies":"Slavers","floor":28,"turns":2}],"seed_played":"4518875729316746566","potions_obtained":[{"floor":1,"key":"Fruit Juice"},{"floor":2,"key":"FearPotion"},{"floor":2,"key":"AttackPotion"},{"floor":2,"key":"Ancient Potion"},{"floor":4,"key":"AttackPotion"},{"floor":10,"key":"BlessingOfTheForge"},{"floor":12,"key":"Flashbang"},{"floor":17,"key":"DuplicationPotion"},{"floor":22,"key":"DistilledChaos"}],"is_trial":false,"path_per_floor":["M","?","M","M","?","R","E","M","T","M","M","M","M","$","R","B",null,"M","M","?","?","M","R","$","M","T","M","E"],"character_chosen":"IRONCLAD","items_purchased":["Orrery","Pen Nib"],"campfire_rested":1,"item_purchase_floors":[14,24],"current_hp_per_floor":[62,62,68,74,74,74,60,65,65,70,76,77,72,72,72,30,82,82,52,52,52,49,73,73,56,56,49,38,38],"gold":62,"neow_bonus":"IRONCLAD_BERSERKER","is_daily":false,"chose_seed":false,"campfire_upgraded":2,"win_rate":0.0,"timestamp":1610853086,"path_taken":["M","?","?","M","?","R","E","?","T","M","M","M","M","$","R","BOSS","M","M","?","?","M","R","$","M","T","?","E"],"items_purchased_type":["Relic","Relic"],"build_version":"2020-12-22","purchased_purges":1,"victory":false,"max_hp_per_floor":[77,77,77,77,77,77,77,77,77,77,77,77,77,77,77,77,82,82,82,82,82,82,82,82,82,82,82,82,82],"card_choices":[{"not_picked":["Replay:Undeath\u0027s Touch","Heavy Blade"],"picked":"ReplayTheSpireMod:Strike From Hell","floor":1},{"not_picked":["Searing Blow","Dark Embrace"],"picked":"Armaments","floor":3},{"not_picked":["Pommel Strike","Burning Pact"],"picked":"Cleave","floor":4},{"not_picked":["Wild Strike","ReplayTheSpireMod:Stacked"],"picked":"Flex","floor":7},{"not_picked":["Cleave","True Grit"],"picked":"ReplayTheSpireMod:Muscle Training","floor":8},{"not_picked":["Pommel Strike","Hemokinesis"],"picked":"Whirlwind","floor":10},{"not_picked":["Run Through","Iron Wave"],"picked":"Replay:Many Hands","floor":11},{"not_picked":["Armaments","Uppercut"],"picked":"Flex","floor":12},{"not_picked":["Dropkick","ReplayTheSpireMod:Strike From Hell"],"picked":"Shrug It Off","floor":13},{"not_picked":["Iron Wave","Pommel Strike"],"picked":"ReplayTheSpireMod:Muscle Training","floor":14},{"not_picked":["Battle Trance","ReplayTheSpireMod:Strike From Hell"],"picked":"Blood for Blood","floor":14},{"not_picked":["Body Slam","Hemokinesis"],"picked":"ReplayReversal","floor":14},{"not_picked":["Brutality","Replay:Undeath\u0027s Touch"],"picked":"ReplayTheSpireMod:Limb From Limb","floor":14},{"not_picked":["Anger","Perfected Strike"],"picked":"Disarm","floor":14},{"not_picked":["Fiend Fire","Impervious"],"picked":"Reaper","floor":16},{"not_picked":["Entrench","Evolve"],"picked":"Disarm","floor":17},{"not_picked":["Disarm","Shrug It Off"],"picked":"Flex+1","floor":18},{"not_picked":["Twin Strike","Headbutt+1"],"picked":"Sword Boomerang+1","floor":19},{"not_picked":["Body Slam","Wild Strike"],"picked":"Anger","floor":22},{"not_picked":["Clothesline","Pommel Strike"],"picked":"Clash","floor":25},{"not_picked":["Flex+1","Perfected Strike"],"picked":"Blood for Blood","floor":27}],"player_experience":65373,"relics_obtained":[{"floor":7,"key":"Mummified Hand"},{"floor":9,"key":"ReplayTheSpireMod:Lightbulb"},{"floor":20,"key":"Ring of Searing"},{"floor":26,"key":"Art of War"}],"event_choices":[{"damage_healed":0,"gold_gain":0,"player_choice":"Got Potions","damage_taken":0,"max_hp_gain":0,"max_hp_loss":0,"event_name":"Lab","floor":2,"gold_loss":0},{"cards_removed":["Amnesia"],"damage_healed":0,"gold_gain":0,"player_choice":"Purged","damage_taken":0,"max_hp_gain":0,"max_hp_loss":0,"event_name":"Purifier","floor":5,"gold_loss":0},{"damage_healed":0,"gold_gain":0,"player_choice":"Cursed","damage_taken":0,"max_hp_gain":0,"max_hp_loss":0,"event_name":"Wheel of Change","floor":21,"gold_loss":0,"cards_obtained":["Decay"]}],"is_beta":false,"boss_relics":[{"not_picked":["SacredBark","ChewingGum"],"picked":"Tiny House"}],"items_purged_floors":[24],"is_endless":false,"potions_floor_spawned":[1,4,10,12,18,22],"killed_by":"Slavers","ascension_level":1}}