{"host":"mmxi1hjn5usmb1ga","time":1610892769,"event":{"mods":["BaseMod","BetterRewards","Downfall","Minty Spire (QoL Compilation)","Quick Restart","READ ME - Guardian Mod","READ ME - Snecko Mod","RumiaBox-露米娅的神秘盒子","Shop Mod","StSLib","Td1madao Mod","The Bug Knight","Yuri Mod","[IsaacMod]以撒尖塔"],"gold_per_floor":[109,188,188,108,108,136,154,224,248,298,332,382,396,472,472,598,598,616,631,681,247,258,284,314,326,338,3,53,203,215,227,227,324,324,339,439,489,539,555,581,645,646,646,796,846,871,903,953,953,953,953,953,953,983,983],"floor_reached":56,"language":"ZHS","playtime":2029,"items_purged":["Injury","Hello World+1"],"score":2285,"play_id":"cbb991d7-21e3-4f25-b754-ef70ffd39f6f","local_time":"20210117221249","is_ascension_mode":true,"campfire_choices":[{"floor":15.0,"key":"RECALL"},{"data":"Storm","floor":25.0,"key":"SMITH"},{"data":"Defragment","floor":32.0,"key":"SMITH"},{"data":"Decay","floor":49,"key":"PURGE"},{"data":"Parasite","floor":52,"key":"PURGE"}],"circlet_count":5,"master_deck":["DoctorFetus","Streamline+1","Heatsinks","Loop","Defragment+1","Conserve Battery","BootSequence","Glacier","Electrodynamics","Consume+1","Stack","Storm+1","Turbo+1","Mayhem","Static Discharge","Force Field+1","Buffer","Genetic Algorithm+1","Thunder Strike+1","Reinforced Body","Static Discharge+1","Enlightenment","Jack Of All Trades","Metamorphosis","Redo+1","Fission+1","Amplify+1","Multi-Cast+1","Rainbow+1","ElectricPowerLearning","Echo Form","Buffer","Amplify+1","Buffer","Defragment+1","Biased Cognition+1","Capacitor+1","Hello World+1","Self Repair+1","Creative AI+1"],"relics":["Cracked Core","HushsDoor","GuppysHead","NeowsBlessing","SsserpentHead","Ccalipers","Regal Pillow","Gremlin Horn","BookOfRevelations","Bloody Idol","Cursed Key","SteamSale","Du-Vu Doll","MawBank","Potion Belt","Eternal Feather","TungstenRod","Habit","Nuclear Battery","WingedGreaves","The Courier","Membership Card","Toxic Egg 2","SalivaCoin","White Beast Statue","Peace Pipe","Cables","MealTicket","Vajra","DoctorsRemote","HollowMod:QueensCombRelic","SumBook","DeathBook","yuri:PortableGlitches","Blood Vial","Molten Egg 2","TuHaoJin","HollowMod:LifeEnderRelic","Bronze Scales","Dream Catcher","Anchor","Strawberry","Frozen Egg 2","GodSword4","Oddly Smooth Stone","EdensBlessing","TheBible","Bag of Marbles","HowToJump","Lantern","PokeGo","Shovel","Pen Nib","MagicDraw1","Meat on the Bone","HollowMod:StagPassRelic","ChaoDraw","Nunchaku","BlankCard","War Paint","GodSword7","Shuriken","Blue Candle","Omamori","Boot","Mercury Hourglass","Centennial Puzzle","PreservedInsect","Happy Flower","Whetstone","Orichalcum","DataDisk","Art of War","Sundial","Akabeko","UnicornStump","ZombieArmy","SSSystem","BookofShadows","CeramicFish","Bag of Preparation","AnarchistCookbook","GodSword3","Juzu Bracelet","Ancient Tea Set","SharpPlug","Question Card","Unceasing Top","Ornamental Fan","LastBattle","MagicDraw2","Symbiotic Virus","Leech","Bottled Tornado","MagicDraw4","Darkstone Periapt","PillsDrop","D4","FossilizedHelix","Mango","Bottled Flame","Pear","Kunai","GodSword5","GodSword1","SatanicBible","Bottled Lightning","DeadEye","Pantograph","GnawedLeaf","Slimebound:PreparedRelic","GuppysPaw","Ginger","Mummified Hand","YumHeart","GodSword6","MagicDraw3","HornCleat","Singing Bowl","MoneyPower","Damocles","Emotion Chip","Diplopia","Torii","SecretRecord","CaptainsWheel","Bird Faced Urn","D6","Lizard Tail","Calipers","BloodDonationMachine","Pocketwatch","Ice Cream","MoreBug","StoneCalendar","PlanX","Thread and Needle","Void","Turnip","Dead Branch","Incense Burner","ForgetMeNow","Gambling Chip","GuppysTail","Prayer Wheel","PunchingBag","Circlet","HollowMod:PaleOreRelic","InkBottle","TheBean","Toolbox","Runic Capacitor"],"acts_visited":["Exordium","TheCity","TheBeyond","TheEnding"],"potions_floor_usage":[],"damage_taken":[{"damage":0.0,"enemies":"Jaw Worm","floor":1.0,"turns":1.0},{"damage":0.0,"enemies":"Gremlin Nob","floor":6.0,"turns":1.0},{"damage":0.0,"enemies":"2 Louse","floor":7.0,"turns":1.0},{"damage":0.0,"enemies":"Cultist","floor":8.0,"turns":4.0},{"damage":24.0,"enemies":"3 Sentries","floor":11.0,"turns":5.0},{"damage":9.0,"enemies":"2 Fungi Beasts","floor":13.0,"turns":4.0},{"damage":19.0,"enemies":"Hexaghost","floor":16.0,"turns":9.0},{"damage":0.0,"enemies":"3 Byrds","floor":18.0,"turns":2.0},{"damage":0.0,"enemies":"Shelled Parasite and Fungi","floor":19.0,"turns":10.0},{"damage":0.0,"enemies":"Centurion and Healer","floor":22.0,"turns":7.0},{"damage":14.0,"enemies":"Book of Stabbing","floor":23.0,"turns":6.0},{"damage":12.0,"enemies":"3 Cultists","floor":24.0,"turns":5.0},{"damage":7.0,"enemies":"Chosen and Byrds","floor":30.0,"turns":4.0},{"damage":7.0,"enemies":"Snake Plant","floor":31.0,"turns":3.0},{"damage":0.0,"enemies":"Automaton","floor":33.0,"turns":9.0},{"damage":0.0,"enemies":"3 Shapes","floor":35.0,"turns":3.0},{"damage":0.0,"enemies":"Mind Bloom Boss Battle","floor":36.0,"turns":4.0},{"damage":0.0,"enemies":"Orb Walker","floor":39.0,"turns":2.0},{"damage":0.0,"enemies":"Nemesis","floor":40.0,"turns":9.0},{"damage":0.0,"enemies":"Writhing Mass","floor":41.0,"turns":6.0},{"damage":0,"enemies":"Giant Head","floor":46,"turns":1},{"damage":0,"enemies":"Nemesis","floor":47,"turns":1},{"damage":0,"enemies":"Donu and Deca","floor":50,"turns":1},{"damage":0,"enemies":"Shield and Spear","floor":54,"turns":1},{"damage":0,"enemies":"The Heart","floor":55,"turns":2}],"seed_played":"4402782645122064950","potions_obtained":[{"floor":6.0,"key":"Fire Potion"},{"floor":11.0,"key":"Energy Potion"},{"floor":22.0,"key":"Energy Potion"},{"floor":23.0,"key":"AttackPotion"},{"floor":31.0,"key":"BlessingOfTheForge"},{"floor":33.0,"key":"bronze:BurnAndBuffPotion"},{"floor":41.0,"key":"Swift Potion"}],"is_trial":false,"path_per_floor":["M","?","?","$","?","E","M","M","T","?","E","?","M","T","R","B",null,"M","M","?","$","M","E","M","R","T","$","?","?","M","M","R","B",null,"M","?","?","?","M","E","M","$","T","?","?","E","E","$","R","B",null,"R","$","E","B",null],"character_chosen":"DEFECT","items_purchased":["Heatsinks","SteamSale","Storm","Turbo","Mayhem","Du-Vu Doll","Eternal Feather","TungstenRod","Habit","Membership Card","Toxic Egg 2","SalivaCoin","White Beast Statue","Peace Pipe","Cables","MealTicket","Vajra","DoctorsRemote","HollowMod:QueensCombRelic","SumBook","DeathBook","yuri:PortableGlitches","Blood Vial","Molten Egg 2","TuHaoJin","HollowMod:LifeEnderRelic","Bronze Scales","Dream Catcher","Anchor","Strawberry","Frozen Egg 2","GodSword4","Oddly Smooth Stone","EdensBlessing","TheBible","Bag of Marbles","HowToJump","Lantern","PokeGo","Shovel","Pen Nib","MagicDraw1","Meat on the Bone","HollowMod:StagPassRelic","ChaoDraw","Nunchaku","BlankCard","War Paint","GodSword7","Shuriken","Blue Candle","Omamori","Boot","Mercury Hourglass","Centennial Puzzle","PreservedInsect","Happy Flower","Whetstone","Orichalcum","DataDisk","Art of War","Sundial","Akabeko","UnicornStump","ZombieArmy","SSSystem","BookofShadows","CeramicFish","Bag of Preparation","AnarchistCookbook","GodSword3","Juzu Bracelet","Ancient Tea Set","SharpPlug","Question Card","Unceasing Top","Ornamental Fan","LastBattle","MagicDraw2","Symbiotic Virus","Leech","Bottled Tornado","MagicDraw4","Darkstone Periapt","PillsDrop","D4","FossilizedHelix","Mango","Bottled Flame","Pear","Kunai","GodSword5","GodSword1","SatanicBible","Bottled Lightning","DeadEye","Pantograph","GnawedLeaf","Slimebound:PreparedRelic","GuppysPaw","Ginger","Mummified Hand","YumHeart","GodSword6","MagicDraw3","HornCleat","Singing Bowl","MoneyPower","Damocles","Emotion Chip","Diplopia","Torii","SecretRecord","CaptainsWheel","Bird Faced Urn","D6","Lizard Tail","Calipers","BloodDonationMachine","Pocketwatch","Ice Cream","MoreBug","StoneCalendar","PlanX","Thread and Needle","Void","Turnip","Dead Branch","Incense Burner","ForgetMeNow","Gambling Chip","GuppysTail","Prayer Wheel","PunchingBag","Circlet","Circlet","Circlet","Circlet","HollowMod:PaleOreRelic","Circlet","InkBottle","Defragment+1","Biased Cognition+1","Capacitor+1","Hello World+1","Hello World+1","Self Repair+1","Creative AI+1","FocusPotion","Energy Potion","Toolbox","Runic Capacitor"],"campfire_rested":0,"item_purchase_floors":[4,21,21,21,21,21,27,27,27,42,42,42,42,42,42,42,42,42,42,42,42,42,42,42,42,42,42,42,42,42,42,42,42,42,42,42,42,42,42,42,42,42,42,42,42,42,42,42,42,42,42,42,42,42,42,42,42,42,42,42,42,42,42,42,42,42,42,42,42,42,42,42,42,42,42,42,42,42,42,42,42,42,42,42,42,42,42,42,42,42,42,42,42,42,42,42,42,42,42,42,42,42,42,42,42,42,42,42,42,42,42,42,42,42,42,42,42,42,42,42,42,42,42,42,42,42,42,42,42,42,42,42,42,42,42,42,42,42,42,42,42,42,42,42,42,42,42,42,42,42,48,53],"current_hp_per_floor":[68,68,68,68,68,68,68,68,68,61,37,37,28,28,28,9,59,59,59,59,59,64,55,53,58,63,68,73,75,73,71,75,75,75,75,75,66,71,75,75,75,86,86,88,88,93,95,95,95,95,95,92,92,94,94],"gold":983,"neow_bonus":"THREE_ENEMY_KILL","is_daily":false,"chose_seed":false,"campfire_upgraded":2,"win_rate":0.0,"timestamp":1610892769,"path_taken":["M","?","?","$","?","E","M","?","T","?","E","?","M","?","R","BOSS","M","M","?","$","M","E","M","R","T","$","?","?","M","M","R","BOSS","M","?","?","?","M","E","?","$","T","?","?","E","E","?","R","BOSS","R","$","E","BOSS"],"items_purchased_type":["Card","Relic","Card","Card","Card","Relic","Relic","Relic","Relic","Relic","Relic","Relic","Relic","Relic","Relic","Relic","Relic","Relic","Relic","Relic","Relic","Relic","Relic","Relic","Relic","Relic","Relic","Relic","Relic","Relic","Relic","Relic","Relic","Relic","Relic","Relic","Relic","Relic","Relic","Relic","Relic","Relic","Relic","Relic","Relic","Relic","Relic","Relic","Relic","Relic","Relic","Relic","Relic","Relic","Relic","Relic","Relic","Relic","Relic","Relic","Relic","Relic","Relic","Relic","Relic","Relic","Relic","Relic","Relic","Relic","Relic","Relic","Relic","Relic","Relic","Relic","Relic","Relic","Relic","Relic","Relic","Relic","Relic","Relic","Relic","Relic","Relic","Relic","Relic","Relic","Relic","Relic","Relic","Relic","Relic","Relic","Relic","Relic","Relic","Relic","Relic","Relic","Relic","Relic","Relic","Relic","Relic","Relic","Relic","Relic","Relic","Relic","Relic","Relic","Relic","Relic","Relic","Relic","Relic","Relic","Relic","Relic","Relic","Relic","Relic","Card","Relic","Relic","Relic","Relic","Relic","Relic","Relic","Relic","Undefined","Undefined","Undefined","Undefined","Relic","Undefined","Relic","Card","Card","Card","Card","Card","Card","Card","Potion","Potion","Relic","Relic"],"build_version":"2020-12-22","purchased_purges":2,"victory":true,"max_hp_per_floor":[75,75,75,75,75,75,75,75,75,75,75,75,75,75,75,75,75,75,75,75,75,75,75,75,75,75,75,75,75,75,75,75,75,75,75,75,75,75,75,75,75,86,86,88,88,93,95,95,95,95,95,92,92,94,94],"card_choices":[{"not_picked":[],"picked":"DoctorFetus","floor":0.0},{"not_picked":["Sweeping Beam","Redo"],"picked":"Streamline","floor":1.0},{"not_picked":["Leap","Compile Driver"],"picked":"Loop","floor":6.0},{"not_picked":["Rainbow","Barrage"],"picked":"Defragment","floor":7.0},{"not_picked":["Redo","Beam Cell"],"picked":"Conserve Battery","floor":8.0},{"not_picked":["Streamline","Beam Cell"],"picked":"BootSequence","floor":11.0},{"not_picked":["Leap","Aggregate"],"picked":"Glacier","floor":13.0},{"not_picked":["Multi-Cast","Thunder Strike"],"picked":"Electrodynamics","floor":16.0},{"not_picked":["Barrage","Cold Snap"],"picked":"Consume","floor":18.0},{"not_picked":["Steam","Coolheaded"],"picked":"Stack","floor":19.0},{"not_picked":["Self Repair","Recycle"],"picked":"Static Discharge","floor":22.0},{"not_picked":["Beam Cell","Stack+1"],"picked":"Force Field+1","floor":23.0},{"not_picked":["Gash","Glacier","Rip and Tear+1"],"picked":"SKIP","floor":24.0},{"not_picked":["BootSequence","Streamline"],"picked":"Buffer","floor":29.0},{"not_picked":["Rebound","Steam","Cold Snap"],"picked":"SKIP","floor":30.0},{"not_picked":["Recycle","Coolheaded"],"picked":"Genetic Algorithm+1","floor":31.0},{"not_picked":["Biased Cognition","Hyperbeam"],"picked":"Thunder Strike","floor":33.0},{"not_picked":["Barrage","Streamline+1"],"picked":"Reinforced Body","floor":35.0},{"not_picked":["Hologram","Force Field"],"picked":"Static Discharge+1","floor":36.0},{"not_picked":["BloodyBrimstone","Thinking Ahead"],"picked":"Enlightenment","floor":37.0},{"not_picked":["Impatience","Flash of Steel"],"picked":"Jack Of All Trades","floor":37.0},{"not_picked":["Discovery","Bandage Up"],"picked":"Metamorphosis","floor":37.0},{"not_picked":["Barrage","Compile Driver+1","Reprogram+1"],"picked":"SKIP","floor":39.0},{"not_picked":["Melter","Turbo+1"],"picked":"Rainbow","floor":40.0},{"not_picked":["Cold Snap+1","Reprogram"],"picked":"Redo+1","floor":41.0},{"not_picked":["Rip and Tear+1","Cold Snap+1","Auto Shields+1","Conserve Battery+1"],"picked":"Singing Bowl","floor":44},{"not_picked":["Stack+1","Ball Lightning+1","Streamline+1","Leap+1"],"picked":"Singing Bowl","floor":46},{"not_picked":["Blizzard+1","Chill+1","Genetic Algorithm+1","Streamline+1"],"picked":"Singing Bowl","floor":47},{"not_picked":["Rip and Tear+1","Conserve Battery+1","Amplify+1","Sunder+1"],"picked":"Singing Bowl","floor":54}],"player_experience":690797,"relics_obtained":[{"floor":6.0,"key":"Ccalipers"},{"floor":9.0,"key":"Regal Pillow"},{"floor":11.0,"key":"BookOfRevelations"},{"floor":23.0,"key":"MawBank"},{"floor":26.0,"key":"Potion Belt"},{"floor":36.0,"key":"WingedGreaves"},{"floor":40.0,"key":"The Courier"},{"floor":47,"key":"TheBean"}],"event_choices":[{"damage_healed":0.0,"max_hp_gain":0.0,"max_hp_loss":0.0,"gold_gain":79.0,"event_name":"Golden Wing","player_choice":"Gained Gold","floor":2.0,"gold_loss":0.0,"damage_taken":0.0},{"damage_healed":0.0,"max_hp_gain":0.0,"max_hp_loss":0.0,"gold_gain":0.0,"event_name":"FaceTrader","player_choice":"Trade","floor":3.0,"gold_loss":0.0,"damage_taken":0.0,"relics_obtained":["SsserpentHead"]},{"cards_removed":["Strike_B"],"damage_healed":0.0,"max_hp_gain":0.0,"max_hp_loss":0.0,"gold_gain":0.0,"event_name":"The Cleric","player_choice":"Card Removal","floor":5.0,"gold_loss":50.0,"damage_taken":0.0},{"damage_healed":0.0,"max_hp_gain":0.0,"max_hp_loss":0.0,"gold_gain":0.0,"event_name":"Scrap Ooze","player_choice":"Success","floor":10.0,"gold_loss":0.0,"damage_taken":7.0,"relics_obtained":["Gremlin Horn"]},{"damage_healed":0.0,"max_hp_gain":0.0,"max_hp_loss":0.0,"gold_gain":0.0,"event_name":"Golden Idol","player_choice":"Take Wound","floor":12.0,"gold_loss":0.0,"damage_taken":0.0,"relics_obtained":["Golden Idol"],"cards_obtained":["Injury"]},{"damage_healed":0.0,"max_hp_gain":0.0,"max_hp_loss":0.0,"gold_gain":0.0,"event_name":"Forgotten Altar","player_choice":"Gave Idol","floor":20.0,"relics_lost":["Golden Idol"],"gold_loss":0.0,"damage_taken":0.0,"relics_obtained":["Bloody Idol"]},{"damage_healed":0.0,"max_hp_gain":0.0,"max_hp_loss":0.0,"gold_gain":0.0,"event_name":"Ghosts","player_choice":"Ignored","floor":28.0,"gold_loss":0.0,"damage_taken":0.0},{"damage_healed":0.0,"max_hp_gain":0.0,"max_hp_loss":0.0,"gold_gain":0.0,"event_name":"MindBloom","player_choice":"Fight","floor":36.0,"gold_loss":0.0,"damage_taken":0.0},{"damage_healed":0.0,"max_hp_gain":0.0,"max_hp_loss":0.0,"gold_gain":0.0,"event_name":"SensoryStone","player_choice":"Memory 3","floor":37.0,"gold_loss":0.0,"damage_taken":10.0},{"damage_healed":0.0,"max_hp_gain":0.0,"max_hp_loss":0.0,"gold_gain":0.0,"event_name":"Tomb of Lord Red Mask","player_choice":"Ignored","floor":38.0,"gold_loss":0.0,"damage_taken":0.0},{"cards_removed":["Rainbow"],"damage_healed":0,"gold_gain":0,"player_choice":"Removed Skill","damage_taken":0,"max_hp_gain":0,"max_hp_loss":0,"event_name":"Falling","floor":45,"gold_loss":0}],"is_beta":false,"boss_relics":[{"not_picked":["Astrolabe","Busted Crown"],"picked":"Cursed Key"},{"not_picked":[]},{"not_picked":["ChampionBelt","FrozenCore"],"picked":"Nuclear Battery"},{"not_picked":[]}],"items_purged_floors":[42,53],"is_endless":false,"potions_floor_spawned":[6,11,22,23,31,33,41,46,47,54],"ascension_level":8}}