{"host":"s41rn2jhghpwfrvz","time":1610915955,"event":{"mods":["BaseMod","Minty Spire (QoL Compilation)","Quick Restart","Relic Stats","SuperFastMode"],"gold_per_floor":[115,115,40,59,75,107,123,148,209,221,252,297,118,118,118,191,191,203,216,216,234,253,281,296,246,246,266,278,307,326,338,338,414,414,425,425,87,107,57,57,85,85,85,115,125,125,157,171,171,171,171,171,171,41,72,72],"floor_reached":57,"language":"ENG","playtime":1705,"items_purged":["ClearTheMind","Sunder","Perseverance+1","DeusExMachina+1"],"score":3712,"play_id":"3486926f-65b3-404e-a36a-48248f765059","local_time":"20210117223915","daily_mods":["SealedDeck","Vintage","Diverse"],"is_ascension_mode":true,"campfire_choices":[{"data":"Acrobatics","floor":10.0,"key":"SMITH"},{"data":"Perseverance","floor":15.0,"key":"SMITH"},{"data":"Finesse","floor":32,"key":"SMITH"},{"data":"Shrug It Off","floor":40,"key":"SMITH"},{"floor":42,"key":"RECALL"},{"floor":49,"key":"REST"},{"floor":53,"key":"REST"}],"circlet_count":0,"master_deck":["AscendersBane","Shrug It Off+1","Go for the Eyes+1","Body Slam+1","Acrobatics+1","Finesse+1","Vault+1"],"relics":["Burning Blood","Darkstone Periapt","Gremlin Horn","Toy Ornithopter","Calipers","Lizard Tail","MawBank","Whetstone","Lantern","Regal Pillow","Astrolabe","Self Forming Clay","Smiling Mask","Red Skull","The Courier","Vajra","Bag of Preparation","Pen Nib","Ancient Tea Set","HornCleat","Turnip","Philosopher\u0027s Stone","Nunchaku","PreservedInsect","Kunai","Bronze Scales","Torii","Juzu Bracelet","Potion Belt","Mummified Hand","Gambling Chip","Peace Pipe","War Paint","Art of War","Charon\u0027s Ashes"],"acts_visited":["Exordium","TheCity","TheBeyond","TheEnding"],"potions_floor_usage":[16,56,56,56],"damage_taken":[{"damage":0.0,"enemies":"Jaw Worm","floor":1.0,"turns":5.0},{"damage":0.0,"enemies":"Cultist","floor":4.0,"turns":3.0},{"damage":0.0,"enemies":"Small Slimes","floor":5.0,"turns":2.0},{"damage":29.0,"enemies":"Gremlin Nob","floor":6.0,"turns":5.0},{"damage":0.0,"enemies":"2 Fungi Beasts","floor":7.0,"turns":3.0},{"damage":40.0,"enemies":"3 Sentries","floor":8.0,"turns":20.0},{"damage":0.0,"enemies":"Looter","floor":11.0,"turns":3.0},{"damage":0.0,"enemies":"Gremlin Nob","floor":12.0,"turns":3.0},{"damage":0,"enemies":"Hexaghost","floor":16,"turns":6},{"damage":0,"enemies":"Chosen","floor":18,"turns":3},{"damage":0,"enemies":"2 Thieves","floor":19,"turns":2},{"damage":0,"enemies":"Snecko","floor":21,"turns":2},{"damage":0,"enemies":"Shelled Parasite and Fungi","floor":22,"turns":3},{"damage":3,"enemies":"Gremlin Leader","floor":23,"turns":5},{"damage":0,"enemies":"3 Cultists","floor":24,"turns":2},{"damage":0,"enemies":"Cultist and Chosen","floor":27,"turns":4},{"damage":0,"enemies":"Shelled Parasite and Fungi","floor":28,"turns":2},{"damage":0,"enemies":"Slavers","floor":29,"turns":2},{"damage":0,"enemies":"Sentry and Sphere","floor":30,"turns":2},{"damage":0,"enemies":"Snecko","floor":31,"turns":2},{"damage":0,"enemies":"Champ","floor":33,"turns":4},{"damage":0,"enemies":"3 Darklings","floor":35,"turns":2},{"damage":0,"enemies":"3 Shapes","floor":38,"turns":1},{"damage":0,"enemies":"Nemesis","floor":41,"turns":1},{"damage":0,"enemies":"Giant Head","floor":44,"turns":1},{"damage":0,"enemies":"3 Darklings","floor":45,"turns":1},{"damage":0,"enemies":"Nemesis","floor":47,"turns":2},{"damage":0,"enemies":"Jaw Worm Horde","floor":48,"turns":1},{"damage":0,"enemies":"Awakened One","floor":50,"turns":3},{"damage":0,"enemies":"Donu and Deca","floor":51,"turns":4},{"damage":0,"enemies":"Shield and Spear","floor":55,"turns":1},{"damage":18,"enemies":"The Heart","floor":56,"turns":7}],"seed_played":"-6216903237108961664","potions_obtained":[{"floor":4.0,"key":"SkillPotion"},{"floor":5.0,"key":"PowerPotion"},{"floor":12.0,"key":"SpeedPotion"},{"floor":19,"key":"LiquidMemories"},{"floor":48,"key":"Strength Potion"}],"is_trial":true,"path_per_floor":["M","?","$","M","M","E","M","E","T","R","M","E","$","?","R","B",null,"M","M","?","M","M","E","M","$","T","M","M","E","M","M","R","B",null,"M","?","$","M","$","R","E","R","T","E","M","T","E","M","R","B","B",null,"R","$","E","B",null],"character_chosen":"IRONCLAD","items_purchased":["Finesse","PreservedInsect","Kunai","Art of War"],"campfire_rested":2,"item_purchase_floors":[13,37,37,54],"current_hp_per_floor":[74,75,75,75,75,52,58,24,24,24,30,36,36,36,36,47,68,74,75,75,75,75,75,75,75,75,75,75,75,75,75,75,75,75,75,75,75,75,75,75,75,75,75,75,75,75,75,75,75,75,75,75,75,75,75,68],"gold":72,"neow_bonus":"","is_daily":false,"chose_seed":false,"campfire_upgraded":4,"win_rate":0.0,"timestamp":1610915955,"path_taken":["M","?","$","M","M","E","M","E","T","R","?","E","$","?","R","BOSS","M","M","?","M","M","E","M","$","T","M","M","E","M","M","R","BOSS","M","?","?","M","$","R","E","R","T","E","M","?","E","M","R","BOSS","BOSS","R","$","E","BOSS"],"items_purchased_type":["Card","Relic","Relic","Relic"],"build_version":"2020-12-22","purchased_purges":4,"victory":true,"max_hp_per_floor":[75,75,75,75,75,75,75,75,75,75,75,75,75,75,75,75,75,75,75,75,75,75,75,75,75,75,75,75,75,75,75,75,75,75,75,75,75,75,75,75,75,75,75,75,75,75,75,75,75,75,75,75,75,75,75,75],"relic_stats":{"Darkstone Periapt":0,"Regal Pillow":0,"Gremlin Horn":[30,30],"Torii":30,"Bag of Preparation":[34],"Juzu Bracelet":0,"Whetstone":["Body Slam","Go for the Eyes"],"Smiling Mask":120,"Burning Blood":58,"Lizard Tail":0,"Nunchaku":[12],"Mummified Hand":[0],"Gambling Chip":[0],"Kunai":[35],"counters":[32,107],"Self Forming Clay":[54],"Astrolabe":["Disarm","Vault","DeusExMachina"],"Pen Nib":[17],"PreservedInsect":307,"Charon\u0027s Ashes":[15],"War Paint":[],"MawBank":60,"Peace Pipe":0,"Bronze Scales":[75],"Turnip":[2],"Art of War":[0],"obtain_stats":[{"Darkstone Periapt":1,"Lantern":11,"Regal Pillow":12,"Calipers":6,"Gremlin Horn":4,"Torii":41,"Vajra":23,"Bag of Preparation":27,"Juzu Bracelet":43,"Whetstone":9,"Smiling Mask":19,"Ancient Tea Set":29,"Burning Blood":0,"Lizard Tail":7,"Nunchaku":35,"HornCleat":30,"Mummified Hand":45,"Gambling Chip":46,"Philosopher\u0027s Stone":34,"Kunai":37,"Red Skull":21,"Potion Belt":44,"Self Forming Clay":18,"Astrolabe":17,"The Courier":22,"Pen Nib":28,"PreservedInsect":37,"Charon\u0027s Ashes":55,"War Paint":48,"MawBank":8,"Peace Pipe":47,"Bronze Scales":38,"Turnip":31,"Art of War":54,"Toy Ornithopter":5},{"Darkstone Periapt":1,"Lantern":7,"Regal Pillow":8,"Calipers":4,"Gremlin Horn":2,"Torii":24,"Vajra":14,"Bag of Preparation":16,"Juzu Bracelet":24,"Whetstone":6,"Smiling Mask":11,"Ancient Tea Set":18,"Burning Blood":0,"Lizard Tail":5,"Nunchaku":22,"HornCleat":19,"Mummified Hand":26,"Gambling Chip":26,"Philosopher\u0027s Stone":21,"Kunai":22,"Red Skull":12,"Potion Belt":25,"Self Forming Clay":10,"Astrolabe":9,"The Courier":13,"Pen Nib":17,"PreservedInsect":22,"Charon\u0027s Ashes":31,"War Paint":28,"MawBank":6,"Peace Pipe":27,"Bronze Scales":23,"Turnip":20,"Art of War":30,"Toy Ornithopter":3},{"Darkstone Periapt":5,"Lantern":41,"Regal Pillow":44,"Calipers":15,"Gremlin Horn":8,"Torii":87,"Vajra":65,"Bag of Preparation":71,"Juzu Bracelet":87,"Whetstone":38,"Smiling Mask":55,"Ancient Tea Set":75,"Burning Blood":0,"Lizard Tail":18,"Nunchaku":85,"HornCleat":77,"Mummified Hand":89,"Gambling Chip":89,"Philosopher\u0027s Stone":83,"Kunai":85,"Red Skull":57,"Potion Belt":88,"Self Forming Clay":53,"Astrolabe":50,"The Courier":60,"Pen Nib":73,"PreservedInsect":85,"Charon\u0027s Ashes":100,"War Paint":92,"MawBank":38,"Peace Pipe":91,"Bronze Scales":86,"Turnip":79,"Art of War":99,"Toy Ornithopter":10}],"Toy Ornithopter":10},"card_choices":[{"not_picked":["EmptyFist","Judgement","Infernal Blade"],"picked":"SKIP","floor":6.0},{"not_picked":["Sentinel","Skewer"],"picked":"Acrobatics","floor":8.0},{"not_picked":["Ball Lightning","Twin Strike","Capacitor"],"picked":"SKIP","floor":12.0},{"not_picked":["Study","Deadly Poison","ReachHeaven"],"picked":"SKIP","floor":23},{"not_picked":["Consume","Go for the Eyes","Sanctity+1"],"picked":"SKIP","floor":29},{"not_picked":["Limit Break","Sucker Punch","Havoc+1"],"picked":"SKIP","floor":41},{"not_picked":["Shrug It Off","FearNoEvil","WreathOfFlame+1"],"picked":"SKIP","floor":44},{"not_picked":["Cleave","LikeWater","Wraith Form v2"],"picked":"SKIP","floor":47},{"not_picked":["Burning Pact","Tempest","Anger"],"picked":"SKIP","floor":55}],"player_experience":1775422,"relics_obtained":[{"floor":1.0,"key":"Darkstone Periapt"},{"floor":4.0,"key":"Gremlin Horn"},{"floor":5.0,"key":"Toy Ornithopter"},{"floor":6.0,"key":"Calipers"},{"floor":7.0,"key":"Lizard Tail"},{"floor":8.0,"key":"MawBank"},{"floor":9.0,"key":"Whetstone"},{"floor":11.0,"key":"Lantern"},{"floor":12.0,"key":"Regal Pillow"},{"floor":18,"key":"Self Forming Clay"},{"floor":19,"key":"Smiling Mask"},{"floor":21,"key":"Red Skull"},{"floor":22,"key":"The Courier"},{"floor":23,"key":"Vajra"},{"floor":27,"key":"Bag of Preparation"},{"floor":28,"key":"Pen Nib"},{"floor":29,"key":"Ancient Tea Set"},{"floor":30,"key":"HornCleat"},{"floor":31,"key":"Turnip"},{"floor":35,"key":"Nunchaku"},{"floor":38,"key":"Bronze Scales"},{"floor":41,"key":"Torii"},{"floor":43,"key":"Juzu Bracelet"},{"floor":44,"key":"Potion Belt"},{"floor":45,"key":"Mummified Hand"},{"floor":46,"key":"Gambling Chip"},{"floor":47,"key":"Peace Pipe"},{"floor":48,"key":"War Paint"},{"floor":55,"key":"Charon\u0027s Ashes"}],"event_choices":[{"cards_removed":["Noxious Fumes"],"damage_healed":1.0,"max_hp_gain":0.0,"max_hp_loss":0.0,"gold_gain":0.0,"event_name":"Bonfire Elementals","player_choice":"Offered Uncommon","floor":2.0,"gold_loss":0.0,"damage_taken":0.0},{"damage_healed":0.0,"max_hp_gain":0.0,"max_hp_loss":0.0,"gold_gain":0.0,"event_name":"Liars Game","player_choice":"Ignored","floor":14.0,"gold_loss":0.0,"damage_taken":0.0},{"damage_healed":15,"gold_gain":0,"player_choice":"Heal","damage_taken":0,"max_hp_gain":0,"max_hp_loss":0,"event_name":"The Library","floor":20,"gold_loss":0},{"cards_removed":["Disarm"],"damage_healed":0,"gold_gain":0,"player_choice":"Purged","damage_taken":0,"max_hp_gain":0,"max_hp_loss":0,"event_name":"Purifier","floor":36,"gold_loss":0}],"is_beta":false,"boss_relics":[{"not_picked":["SlaversCollar","Cursed Key"],"picked":"Astrolabe"},{"not_picked":["Snecko Eye","Mark of Pain"],"picked":"Philosopher\u0027s Stone"}],"items_purged_floors":[3,13,25,39],"is_endless":false,"potions_floor_spawned":[4,5,6,12,19,21,24,28,31,33,35,41,48],"ascension_level":20}}