{"host":"w2kjv12xyhtt0cv2","time":1610891779,"event":{"mods":["Act Like it!","BaseMod","Colored Map","Friendly Minions","Gensokyo","Highlight Path","Hubris","Kiyohime（清姬）","Marisa（F雨　魔理沙）","Minty Spire (QoL Compilation)","Quick Restart","Reimu（博丽灵梦）","Relic Stats","Replay The Spire","RumiaBox-露米娅的神秘盒子","Shop Mod","Spicy Shops","StSLib","The Cursed","The Servant 0.9.4","UnlockEverythingMod","Waifu the Spire","[功能]功能增强和修复MOD","vexMod","【功能Mod】Neow奖励","【遗物卡牌】REMEMod","没有小屋子和绿帽子啦"],"gold_per_floor":[111,111,126,126,58,58,58],"floor_reached":6,"playtime":189,"items_purged":["Decay"],"score":58,"play_id":"1968840c-0f4f-4802-955c-cf1a3c57fcf6","local_time":"20210117215619","is_ascension_mode":true,"campfire_choices":[],"circlet_count":0,"master_deck":["AscendersBane","KiyohimeMod:Strike","KiyohimeMod:Strike","KiyohimeMod:Strike","KiyohimeMod:Strike","KiyohimeMod:Defend","KiyohimeMod:Defend","KiyohimeMod:Defend","KiyohimeMod:Track","KiyohimeMod:FlameKiss","KiyohimeMod:Shapeshift","All For One","KiyohimeMod:DragonVein"],"relics":["REME_ComplimentaryCards","Busted Crown"],"acts_visited":["Exordium"],"potions_floor_usage":[],"damage_taken":[{"damage":0,"enemies":"Small Slimes","floor":1,"turns":2},{"damage":0,"enemies":"Cultist","floor":3,"turns":2},{"damage":38,"enemies":"Gremlin Nob","floor":6,"turns":5}],"seed_played":"7669368456221328966","potions_obtained":[{"floor":1,"key":"ZuzhouPotion:ReiMu"}],"is_trial":false,"path_per_floor":["M","?","M","?","$","E"],"character_chosen":"Kiyohime","items_purchased":[],"campfire_rested":0,"item_purchase_floors":[],"current_hp_per_floor":[50,50,50,50,50,12,12],"gold":58,"neow_bonus":"BOSS_RELIC","is_daily":false,"chose_seed":false,"campfire_upgraded":0,"win_rate":0.0,"timestamp":1610891779,"path_taken":["M","?","?","?","$","E"],"items_purchased_type":[],"build_version":"2020-12-22","purchased_purges":1,"victory":false,"max_hp_per_floor":[55,55,55,55,55,55,55],"relic_stats":{"Busted Crown":4,"counters":[3,9],"obtain_stats":[{"KiyohimeMod:FireDragon":0,"Busted Crown":0,"REME_ComplimentaryCards":0},{"KiyohimeMod:FireDragon":0,"Busted Crown":0,"REME_ComplimentaryCards":0},{"KiyohimeMod:FireDragon":0,"Busted Crown":0,"REME_ComplimentaryCards":0}]},"card_choices":[{"not_picked":["KiyohimeMod:SteelTraining"],"picked":"SKIP","floor":1},{"not_picked":["KiyohimeMod:Preemptive"],"picked":"SKIP","floor":3}],"player_experience":155296,"relics_obtained":[],"event_choices":[{"damage_healed":0,"gold_gain":0,"player_choice":"Cursed","damage_taken":0,"max_hp_gain":0,"max_hp_loss":0,"event_name":"Wheel of Change","floor":2,"gold_loss":0,"cards_obtained":["Decay"]},{"damage_healed":0,"gold_gain":0,"cards_transformed":["KiyohimeMod:Defend"],"player_choice":"Change","damage_taken":0,"max_hp_gain":0,"max_hp_loss":0,"event_name":"Living Wall","floor":4,"gold_loss":0,"cards_obtained":["KiyohimeMod:DragonVein"]}],"is_beta":false,"boss_relics":[],"items_purged_floors":[5],"is_endless":false,"potions_floor_spawned":[1],"killed_by":"Gremlin Nob","ascension_level":14}}