{"host":"oehe2dxjvdgux73m","time":1610870548,"event":{"mods":["AchievementEnabler","BaseMod","Colored Map","Colored Powertips","DeckTracker","Keyboard Shortcuts","Minty Spire (QoL Compilation)","Permanent Neow","Quick Restart","StSLib","SuperFastMode"],"gold_per_floor":[216,230,155,155,22,22,97,147,147,158,178,54,25,42,42,42,42],"floor_reached":16,"language":"KOR","playtime":518,"items_purged":["Strike_G","Strike_G"],"score":184,"play_id":"37d3a9c7-813e-46d5-a496-e6d3ff6cdc51","local_time":"20210117170228","is_ascension_mode":true,"campfire_choices":[{"data":"Blade Dance","floor":6,"key":"SMITH"},{"data":"Neutralize","floor":15,"key":"SMITH"}],"circlet_count":0,"master_deck":["AscendersBane","Strike_G","Strike_G","Defend_G","Defend_G","Defend_G","Defend_G","Defend_G","Survivor","Neutralize+1","Poisoned Stab","Dodge and Roll","Blade Dance+1","Footwork","Deflect","PiercingWail","Dodge and Roll","Footwork"],"relics":["Ring of the Snake","Art of War"],"acts_visited":["Exordium"],"potions_floor_usage":[],"damage_taken":[{"damage":1,"enemies":"2 Louse","floor":1,"turns":5},{"damage":7,"enemies":"Small Slimes","floor":2,"turns":4},{"damage":0,"enemies":"Cultist","floor":10,"turns":4},{"damage":10,"enemies":"Looter","floor":11,"turns":4},{"damage":7,"enemies":"Exordium Thugs","floor":13,"turns":4},{"damage":2,"enemies":"Red Slaver","floor":14,"turns":4},{"damage":22,"enemies":"Hexaghost","floor":16,"turns":14}],"seed_played":"-1330606915267482281","potions_obtained":[{"floor":11,"key":"SpeedPotion"}],"is_trial":false,"path_per_floor":["M","M","?","?","$","R","?","?","T","M","M","$","M","M","R","B"],"character_chosen":"THE_SILENT","items_purchased":["Blade Dance","PiercingWail"],"campfire_rested":0,"item_purchase_floors":[5,12],"current_hp_per_floor":[58,51,51,56,56,56,45,38,38,38,28,28,21,19,19,0,0],"gold":42,"neow_bonus":"HUNDRED_GOLD","is_daily":false,"chose_seed":false,"campfire_upgraded":2,"win_rate":0.0,"timestamp":1610870548,"path_taken":["M","M","?","?","$","R","?","?","T","M","M","$","M","M","R","BOSS"],"items_purchased_type":["Card","Card"],"build_version":"2020-12-22","purchased_purges":2,"victory":false,"max_hp_per_floor":[66,66,66,71,71,71,71,71,71,71,71,71,71,71,71,71,71],"card_choices":[{"not_picked":["Tactician","Predator"],"picked":"Poisoned Stab","floor":1},{"not_picked":["Poisoned Stab","Reflex"],"picked":"Dodge and Roll","floor":2},{"not_picked":["Backstab","Underhanded Strike"],"picked":"Footwork","floor":10},{"not_picked":["Masterful Stab","Expertise"],"picked":"Deflect","floor":11},{"not_picked":["Outmaneuver","Setup"],"picked":"Dodge and Roll","floor":13},{"not_picked":["Choke","Well Laid Plans"],"picked":"Footwork","floor":14}],"player_experience":258747,"relics_obtained":[{"floor":9,"key":"Art of War"}],"event_choices":[{"cards_removed":["Strike_G"],"damage_healed":0,"gold_gain":0,"player_choice":"Card Removal","damage_taken":0,"max_hp_gain":0,"max_hp_loss":0,"event_name":"The Cleric","floor":3,"gold_loss":75},{"damage_healed":0,"gold_gain":0,"player_choice":"Donut","damage_taken":0,"max_hp_gain":5,"max_hp_loss":0,"event_name":"Big Fish","floor":4,"gold_loss":0},{"damage_healed":0,"gold_gain":75,"player_choice":"Gather Gold","damage_taken":11,"max_hp_gain":0,"max_hp_loss":0,"event_name":"World of Goop","floor":7,"gold_loss":0},{"damage_healed":0,"gold_gain":50,"player_choice":"Touch","damage_taken":7,"max_hp_gain":0,"max_hp_loss":0,"event_name":"FaceTrader","floor":8,"gold_loss":0}],"is_beta":false,"boss_relics":[],"items_purged_floors":[5,12],"is_endless":false,"potions_floor_spawned":[11],"killed_by":"Hexaghost","ascension_level":20}}