{"host":"t4313i2190y6fz3q","time":1610906392,"event":{"mods":["2.2 Compatiblity","AchievementEnabler","Act Like it!","BaseMod","Colored Powertips","Downfall","Highlight Path","Minty Spire (QoL Compilation)","Permanent Neow","Quick Restart","Rare Cards Sparkle","StSLib"],"gold_per_floor":[109,109,125,50,70,99,114,114,114,114,148,148,162,187,187,291,291,261,261],"floor_reached":18,"language":"ENG","playtime":652,"items_purged":["Regret"],"score":288,"play_id":"3eaa7124-7246-4e30-9d19-e0888bcb7fff","local_time":"20210117095952","is_ascension_mode":true,"campfire_choices":[{"data":"Neutralize","floor":8,"key":"SMITH"},{"data":"Sucker Punch","floor":10,"key":"SMITH"},{"data":"Skewer","floor":12,"key":"SMITH"},{"data":"Cloak And Dagger","floor":15,"key":"SMITH"}],"circlet_count":0,"master_deck":["AscendersBane","Strike_G","Strike_G","Strike_G","Strike_G","Strike_G","Defend_G","Defend_G","Defend_G","Defend_G","Defend_G","Survivor","Neutralize+1","Dagger Throw","Dagger Throw","Blade Dance","Cloak And Dagger+1","Sucker Punch+1","Skewer+1","Die Die Die","Tools of the Trade"],"relics":["Ring of the Snake","Thread and Needle","Ginger","Pantograph","Blue Candle","Akabeko","Bird Faced Urn","bronze:MakeshiftBattery"],"acts_visited":["Exordium","TheCity"],"potions_floor_usage":[7,16],"damage_taken":[{"damage":0,"enemies":"2 Louse","floor":1,"turns":3},{"damage":1,"enemies":"Small Slimes","floor":3,"turns":3},{"damage":0,"enemies":"Jaw Worm","floor":5,"turns":3},{"damage":20,"enemies":"Gremlin Nob","floor":6,"turns":4},{"damage":3,"enemies":"Lots of Slimes","floor":7,"turns":4},{"damage":9,"enemies":"Lagavulin","floor":11,"turns":8},{"damage":0,"enemies":"Looter","floor":13,"turns":1},{"damage":3,"enemies":"3 Sentries","floor":14,"turns":9},{"damage":18,"enemies":"Slime Boss","floor":16,"turns":8},{"damage":0,"enemies":"2 Thieves","floor":18,"turns":2}],"seed_played":"-5308850240629091981","potions_obtained":[{"floor":3,"key":"SpeedPotion"},{"floor":6,"key":"Slimebound:ThreeZeroPotion"},{"floor":14,"key":"Strength Potion"}],"is_trial":false,"path_per_floor":["M","?","M","$","M","E","M","R","T","R","E","R","M","E","R","B",null,"M"],"character_chosen":"THE_SILENT","items_purchased":[],"campfire_rested":0,"item_purchase_floors":[],"current_hp_per_floor":[63,63,62,62,62,42,39,39,39,39,30,30,30,27,27,34,56,58,58],"gold":261,"neow_bonus":"ONE_RARE_RELIC","is_daily":false,"chose_seed":false,"campfire_upgraded":4,"win_rate":0.0,"timestamp":1610906392,"path_taken":["M","?","M","$","M","E","M","R","T","R","E","R","M","E","R","BOSS","M"],"items_purchased_type":[],"build_version":"2020-12-22","purchased_purges":1,"victory":false,"max_hp_per_floor":[63,63,63,63,63,63,63,63,63,63,63,63,63,63,63,63,63,63,63],"card_choices":[{"not_picked":["Sucker Punch","Poisoned Stab"],"picked":"Dagger Throw","floor":1},{"not_picked":["PiercingWail","Endless Agony"],"picked":"Dagger Throw","floor":3},{"not_picked":["Cloak And Dagger","Choke"],"picked":"Blade Dance","floor":5},{"not_picked":["Underhanded Strike","Masterful Stab"],"picked":"Cloak And Dagger","floor":6},{"not_picked":["Masterful Stab","Cloak And Dagger"],"picked":"Sucker Punch","floor":7},{"not_picked":["Caltrops","Sucker Punch"],"picked":"Skewer","floor":11},{"not_picked":["Bouncing Flask","Outmaneuver","Predator"],"picked":"SKIP","floor":13},{"not_picked":["Blade Dance","Backflip"],"picked":"Die Die Die","floor":14},{"not_picked":["Adrenaline","Envenom"],"picked":"Tools of the Trade","floor":16}],"player_experience":221900,"relics_obtained":[{"floor":6,"key":"Pantograph"},{"floor":9,"key":"Blue Candle"},{"floor":11,"key":"Akabeko"},{"floor":14,"key":"Bird Faced Urn"}],"event_choices":[{"damage_healed":0,"gold_gain":0,"player_choice":"Box","damage_taken":0,"relics_obtained":["Ginger"],"max_hp_gain":0,"max_hp_loss":0,"event_name":"Big Fish","floor":2,"gold_loss":0,"cards_obtained":["Regret"]}],"is_beta":false,"boss_relics":[{"not_picked":["Cursed Key","Black Star"],"picked":"bronze:MakeshiftBattery"}],"items_purged_floors":[4],"is_endless":false,"potions_floor_spawned":[3,6,14],"killed_by":"2 Thieves","ascension_level":12}}