{"host":"skzt5oiq3jmvln28","time":1610872013,"event":{"mods":["AchievementEnabler","Act Like it!","BaseMod","GifTheSpireLib","Minty Spire (QoL Compilation)","StSLib"],"gold_per_floor":[116,116,1,1,13,45,56,76,76,89,89,119,119,119,119,223,223,209,56,74,84,84,102,118,118,118,135,153,153,153,171,171,171,171],"floor_reached":33,"language":"ENG","playtime":2044,"items_purged":["Strike_G","Strike_G"],"score":275,"play_id":"a505fe6d-7b30-4a54-a13b-b19d2e64a0af","local_time":"20210117002653","is_ascension_mode":false,"campfire_choices":[{"floor":13.0,"key":"REST"},{"data":"Noxious Fumes","floor":15.0,"key":"SMITH"},{"floor":25,"key":"REST"},{"floor":30,"key":"REST"},{"floor":32,"key":"REST"}],"circlet_count":0,"master_deck":["Strike_G","Strike_G","Strike_G","Defend_G","Defend_G","Defend_G+1","Defend_G+1","Defend_G","Survivor","Neutralize","Backflip","Noxious Fumes+1","Sucker Punch","Deadly Poison","Bouncing Flask","PiercingWail","Dodge and Roll","Adrenaline","Dagger Spray","Poisoned Stab","Flechettes+1","Slice","PiercingWail","Calculated Gamble","Leg Sweep+1","Flying Knee","Night Terror","Slice+1"],"relics":["Ring of the Snake","NeowsBlessing","Bag of Marbles","Unceasing Top","Ornamental Fan","Ice Cream","Orichalcum","WristBlade","Spirit Poop","Pantograph"],"acts_visited":["Exordium","TheCity"],"potions_floor_usage":[21,21,27,28],"damage_taken":[{"damage":0.0,"enemies":"2 Louse","floor":1.0,"turns":1.0},{"damage":0.0,"enemies":"Small Slimes","floor":5.0,"turns":1.0},{"damage":0.0,"enemies":"Lagavulin","floor":6.0,"turns":1.0},{"damage":0.0,"enemies":"Cultist","floor":7.0,"turns":3.0},{"damage":17.0,"enemies":"Lots of Slimes","floor":8.0,"turns":4.0},{"damage":14.0,"enemies":"Exordium Wildlife","floor":10.0,"turns":6.0},{"damage":15.0,"enemies":"The Guardian","floor":16.0,"turns":10.0},{"damage":14.0,"enemies":"2 Thieves","floor":18.0,"turns":4.0},{"damage":6.0,"enemies":"3 Byrds","floor":20.0,"turns":5.0},{"damage":22,"enemies":"Shelled Parasite and Fungi","floor":21,"turns":6},{"damage":2,"enemies":"3 Cultists","floor":23,"turns":5},{"damage":14,"enemies":"Sentry and Sphere","floor":24,"turns":5},{"damage":3,"enemies":"Cultist and Chosen","floor":27,"turns":5},{"damage":5,"enemies":"Snake Plant","floor":28,"turns":3},{"damage":19,"enemies":"Sentry and Sphere","floor":31,"turns":5},{"damage":76,"enemies":"Champ","floor":33,"turns":13}],"seed_played":"4232602470968654556","potions_obtained":[{"floor":1.0,"key":"CunningPotion"},{"floor":6.0,"key":"LiquidMemories"},{"floor":8.0,"key":"SpeedPotion"},{"floor":20,"key":"Explosive Potion"},{"floor":21,"key":"Ancient Potion"},{"floor":27,"key":"Fruit Juice"}],"is_trial":false,"path_per_floor":["M","?","$","?","M","E","M","M","T","M","?","?","R","?","R","B",null,"M","$","M","M","?","M","M","R","T","M","M","?","R","M","R","B"],"character_chosen":"THE_SILENT","items_purchased":["Noxious Fumes","Poisoned Stab"],"campfire_rested":4,"item_purchase_floors":[3,19],"current_hp_per_floor":[70,58,58,44,44,44,44,27,27,13,30,30,51,51,51,36,70,56,56,50,28,28,26,12,32,32,34,29,29,50,31,52,0,0],"gold":171,"neow_bonus":"THREE_ENEMY_KILL","is_daily":false,"chose_seed":false,"campfire_upgraded":1,"win_rate":0.0,"timestamp":1610872013,"path_taken":["M","?","$","?","M","E","M","M","T","M","?","?","R","?","R","BOSS","M","$","M","M","?","?","M","R","T","M","M","?","R","M","R","BOSS"],"items_purchased_type":["Card","Card"],"build_version":"2020-12-22","purchased_purges":2,"victory":false,"max_hp_per_floor":[70,70,70,70,70,70,70,70,70,70,70,70,70,70,70,70,70,70,70,70,70,67,67,67,67,67,72,72,72,72,72,72,72,72],"card_choices":[{"not_picked":["Riddle With Holes","Dagger Spray"],"picked":"Backflip","floor":1.0},{"not_picked":["Slice","Tactician"],"picked":"Sucker Punch","floor":5.0},{"not_picked":["Slice","Dagger Throw"],"picked":"Deadly Poison","floor":6.0},{"not_picked":["Bullet Time","Quick Slash"],"picked":"Bouncing Flask","floor":7.0},{"not_picked":["Outmaneuver","Acrobatics"],"picked":"PiercingWail","floor":8.0},{"not_picked":["Finisher","Underhanded Strike"],"picked":"Dodge and Roll","floor":10.0},{"not_picked":["Venomology","Malaise"],"picked":"Adrenaline","floor":16.0},{"not_picked":["Backflip","Sucker Punch"],"picked":"Dagger Spray","floor":18.0},{"not_picked":["Blade Dance","Leg Sweep"],"picked":"Flechettes+1","floor":20},{"not_picked":["Flying Knee","Reflex"],"picked":"Slice","floor":21},{"not_picked":["Slice","Dagger Spray"],"picked":"PiercingWail","floor":23},{"not_picked":["Underhanded Strike","Sucker Punch"],"picked":"Calculated Gamble","floor":24},{"not_picked":["Wraith Form v2","Poisoned Stab","Sucker Punch+1"],"picked":"SKIP","floor":27},{"not_picked":["Caltrops","Deflect"],"picked":"Leg Sweep+1","floor":28},{"not_picked":["Slice+1","Dodge and Roll+1","Footwork"],"picked":"SKIP","floor":31},{"not_picked":["Dodge and Roll+1","Footwork"],"picked":"Slice+1","floor":31}],"player_experience":19902,"relics_obtained":[{"floor":6.0,"key":"Unceasing Top"},{"floor":9.0,"key":"Ornamental Fan"},{"floor":26,"key":"Pantograph"}],"event_choices":[{"damage_healed":0.0,"max_hp_gain":0.0,"max_hp_loss":0.0,"gold_gain":0.0,"event_name":"Scrap Ooze","player_choice":"Success","floor":2.0,"gold_loss":0.0,"damage_taken":12.0,"relics_obtained":["Bag of Marbles"]},{"damage_healed":0.0,"max_hp_gain":0.0,"max_hp_loss":0.0,"gold_gain":0.0,"event_name":"Shining Light","player_choice":"Entered Light","floor":4.0,"gold_loss":0.0,"damage_taken":14.0,"cards_upgraded":["Defend_G","Defend_G"]},{"damage_healed":17.0,"max_hp_gain":0.0,"max_hp_loss":0.0,"gold_gain":0.0,"event_name":"Mushrooms","player_choice":"Healed and dodged fight","floor":11.0,"gold_loss":0.0,"damage_taken":0.0,"cards_obtained":["Parasite"]},{"damage_healed":0.0,"max_hp_gain":0.0,"max_hp_loss":0.0,"gold_gain":30.0,"event_name":"Dead Adventurer","player_choice":"Searched \u00272\u0027 times","floor":12.0,"gold_loss":0.0,"damage_taken":0.0,"relics_obtained":["Ice Cream"]},{"damage_healed":0.0,"max_hp_gain":0.0,"max_hp_loss":0.0,"gold_gain":0.0,"event_name":"WeMeetAgain","player_choice":"Gave Potion","floor":14.0,"gold_loss":0.0,"damage_taken":0.0,"relics_obtained":["Orichalcum"]},{"cards_removed":["Parasite"],"damage_healed":0,"gold_gain":0,"player_choice":"Offered Curse","damage_taken":0,"relics_obtained":["Spirit Poop"],"max_hp_gain":0,"max_hp_loss":0,"event_name":"Bonfire Elementals","floor":22,"gold_loss":0},{"damage_healed":0,"gold_gain":0,"player_choice":"2 cards matched","damage_taken":0,"max_hp_gain":0,"max_hp_loss":0,"event_name":"Match and Keep!","floor":29,"gold_loss":0,"cards_obtained":["Flying Knee","Night Terror"]},{"damage_healed":0,"gold_gain":0,"player_choice":"2 cards matched","damage_taken":0,"max_hp_gain":0,"max_hp_loss":0,"event_name":"Match and Keep!","floor":29,"gold_loss":0,"cards_obtained":["Flying Knee","Night Terror"]}],"is_beta":false,"boss_relics":[{"not_picked":["Astrolabe","Empty Cage"],"picked":"WristBlade"}],"items_purged_floors":[3,19],"is_endless":false,"potions_floor_spawned":[1,6,8,20,21,27],"killed_by":"Champ","ascension_level":0}}