{"host":"qik6c64y69p9jmph","time":1610856916,"event":{"mods":["AchievementEnabler","BaseMod","Downfall","Highlight Path","Minty Spire (QoL Compilation)","Quick Restart","StSLib","Synergy Search"],"gold_per_floor":[99,119,119,136,149,149,220,220,230,244,419,446,446,477,487,487,487,487],"floor_reached":16,"language":"ENG","playtime":885,"items_purged":[],"score":118,"play_id":"1a3dcb99-6383-4c2b-a75c-f3fcba73c359","local_time":"20210116231516","is_ascension_mode":true,"campfire_choices":[{"data":"Slimebound:CorrosiveSpit","floor":1,"key":"SMITH"},{"data":"Slimebound:LevelUp","floor":13,"key":"SMITH"}],"circlet_count":0,"master_deck":["Slimebound:Strike_Slimebound","Slimebound:Strike_Slimebound","Slimebound:Strike_Slimebound+1","Slimebound:Defend_Slimebound","Slimebound:Defend_Slimebound+1","Slimebound:Defend_Slimebound","Slimebound:Defend_Slimebound","Slimebound:Split","Slimebound:CorrosiveSpit+1","Slimebound:SplitSpecialist","Slimebound:Teamwork+1","downfall:Malfunctioning","Slimebound:LevelUp+1","Doubt","Slimebound:Overexert","Slimebound:LevelUp"],"relics":["bronze:MakeshiftBattery","Gremlin Horn","Molten Egg 2","Oddly Smooth Stone","Prayer Wheel"],"acts_visited":["Exordium"],"potions_floor_usage":[10,12],"damage_taken":[{"damage":3,"enemies":"Cultist","floor":2,"turns":3},{"damage":0,"enemies":"Small Slimes","floor":4,"turns":3},{"damage":6,"enemies":"Jaw Worm","floor":5,"turns":3},{"damage":0,"enemies":"Blue Slaver","floor":9,"turns":3},{"damage":10,"enemies":"Exordium Thugs","floor":10,"turns":3},{"damage":1,"enemies":"Gremlin Nob","floor":12,"turns":4},{"damage":20,"enemies":"3 Sentries","floor":14,"turns":7},{"damage":2,"enemies":"2 Fungi Beasts","floor":15,"turns":3},{"damage":29,"enemies":"SI_SHIV_ARCHETYPE","floor":16,"turns":10}],"seed_played":"-7498570173096209367","potions_obtained":[{"floor":5,"key":"Slimebound:SpawnSlimePotion"},{"floor":10,"key":"hexamod:SoulburnPotion"},{"floor":12,"key":"Slimebound:SlimyTonguePotion"}],"is_trial":false,"path_per_floor":["R","M","?","M","M","?","T","T","M","M","?","E","R","E","M","B"],"character_chosen":"SLIMEBOUND","items_purchased":[],"campfire_rested":0,"item_purchase_floors":[],"current_hp_per_floor":[65,62,62,62,56,56,56,56,56,46,46,45,45,25,23,0,0,0],"gold":487,"neow_bonus":"BOSS_RELIC","is_daily":false,"chose_seed":false,"campfire_upgraded":2,"win_rate":0.0,"timestamp":1610856916,"path_taken":["R","?","?","M","?","?","T","?","M","?","?","E","R","E","M","BOSS"],"items_purchased_type":[],"build_version":"2020-12-22","purchased_purges":0,"victory":false,"max_hp_per_floor":[65,65,65,65,65,65,65,65,65,65,65,65,65,65,65,65,65,65],"card_choices":[{"not_picked":["Slimebound:SplitAcid","Slimebound:SplitMire"],"picked":"Slimebound:SplitSpecialist","floor":2},{"not_picked":["Slimebound:FlameTackle","Slimebound:LeechEnergy","Slimebound:ItLooksTasty"],"picked":"SKIP","floor":4},{"not_picked":["Slimebound:SpikyOuterGoop","Slimebound:SlimeSpikes","Slimebound:GrowthPunch"],"picked":"SKIP","floor":5},{"not_picked":["Slimebound:Schlurp","Slimebound:GoopTackle+1"],"picked":"Slimebound:LevelUp","floor":9},{"not_picked":["Slimebound:ItLooksTasty+1","Slimebound:GoopTackle+1","Slimebound:SamplingLick"],"picked":"SKIP","floor":10},{"not_picked":["Slimebound:LeechingTouch+1","Slimebound:Prepare","Slimebound:HauntingLick"],"picked":"SKIP","floor":12},{"not_picked":["Slimebound:ProtectTheBoss","Slimebound:LivingWall"],"picked":"Slimebound:Overexert","floor":14},{"not_picked":["Slimebound:GoopSpray","Slimebound:AcidTongue"],"picked":"Slimebound:LevelUp","floor":15},{"not_picked":["Slimebound:LivingWall","Slimebound:FinishingTackle+1","Slimebound:GrowthPunch+1"],"picked":"SKIP","floor":15}],"player_experience":532381,"relics_obtained":[{"floor":7,"key":"Gremlin Horn"},{"floor":8,"key":"Molten Egg 2"},{"floor":12,"key":"Oddly Smooth Stone"},{"floor":14,"key":"Prayer Wheel"}],"event_choices":[],"is_beta":false,"boss_relics":[],"items_purged_floors":[],"is_endless":false,"potions_floor_spawned":[5,10,12],"killed_by":"SI_SHIV_ARCHETYPE","ascension_level":1}}