{"host":"fhl0aha90wvfvsew","time":1610860349,"event":{"mods":["BaseMod","Colored Powertips","Marisa£®ÏF”Í°°ƒß¿Ì…≥£©","Minty Spire (QoL Compilation)","Remilia£®¿Ÿ√◊¿Ú—«£©","Replay The Spire","StSLib","Youmu£®ªÍ∆«—˝√Œ£©","Yuyuko"],"gold_per_floor":[117,127,52,140,140,167,167,200,225,235,248,266,266,300,300,401,401,420,393,393,403,403,436,436,436,436],"floor_reached":25,"language":"ZHS","playtime":1632,"items_purged":["Strike_RM"],"score":293,"play_id":"b1ab4b28-f1e2-4643-a26c-8ac8ae9782ac","local_time":"20210117131229","is_ascension_mode":true,"campfire_choices":[{"data":"RedMoon","floor":7,"key":"SMITH"},{"floor":15,"key":"REST"}],"circlet_count":0,"master_deck":["Strike_RM","Strike_RM","Defend_RM","Defend_RM","Defend_RM+1","Defend_RM","RedMoon+1","ScarletShoot","AfternoonTea","VampireKiss","FitfulNightmare","StarOfDavid","FitfulNightmare+1","VampireKiss","ForecastOfChange","BlasphemousPunishment","MiserableFate","ScarletImprint","DemonKingCradle","HeartBreak","RedNightlessCastle+1","ForecastOfChange","BloodHunter+1"],"relics":["ScarletHat","NeowsBlessing","Gremlin Food","White Beast Statue","Replay:Baseball","Chameleon Ring","Smiling Mask","Painkiller Herb","Enchiridion","Dream Catcher"],"acts_visited":["Exordium","TheCity"],"potions_floor_usage":[16,23,23],"damage_taken":[{"damage":0.0,"enemies":"Cultist","floor":1.0,"turns":1.0},{"damage":0.0,"enemies":"Small Slimes","floor":2.0,"turns":1.0},{"damage":0,"enemies":"Replay:BlueRogue","floor":6,"turns":1},{"damage":4,"enemies":"Lagavulin","floor":8,"turns":9},{"damage":0,"enemies":"Jaw Worm","floor":10,"turns":4},{"damage":10,"enemies":"Blue Slaver","floor":11,"turns":2},{"damage":13,"enemies":"Exordium Thugs","floor":12,"turns":6},{"damage":15,"enemies":"3 Sentries","floor":14,"turns":10},{"damage":36,"enemies":"The Guardian","floor":16,"turns":7},{"damage":10,"enemies":"Chosen","floor":18,"turns":4},{"damage":28,"enemies":"2 Thieves","floor":19,"turns":5},{"damage":14,"enemies":"Cultist and Chosen","floor":21,"turns":4},{"damage":14,"enemies":"Gremlin Leader","floor":23,"turns":5},{"damage":42,"enemies":"Slavers","floor":25,"turns":2}],"seed_played":"-7736634219331897558","potions_obtained":[{"floor":1.0,"key":"Energy Potion"},{"floor":6,"key":"Cursed Concoction"},{"floor":10,"key":"SteroidPotion"},{"floor":11,"key":"SpeedPotion"},{"floor":14,"key":"Reflective Coating"},{"floor":16,"key":"Weak Potion"},{"floor":23,"key":"CultistPotion"}],"is_trial":false,"path_per_floor":["M","M","$","?","?","E","R","E","T","M","M","M","T","E","R","B",null,"?","?","?","?","?","E","?","E"],"character_chosen":"REMILIA","items_purchased":[],"campfire_rested":1,"item_purchase_floors":[],"current_hp_per_floor":[75,75,75,57,57,57,57,61,61,64,57,51,51,64,75,43,75,71,45,45,31,15,6,31,0,0],"gold":436,"neow_bonus":"THREE_ENEMY_KILL","is_daily":false,"chose_seed":false,"campfire_upgraded":1,"win_rate":0.0,"timestamp":1610860349,"path_taken":["M","M","$","?","?","E","R","E","T","M","M","M","?","E","R","BOSS","?","?","?","?","?","E","?","E"],"items_purchased_type":[],"build_version":"2020-12-22","purchased_purges":1,"victory":false,"max_hp_per_floor":[75,75,75,75,75,75,75,75,75,75,75,75,75,75,75,75,75,75,75,75,75,75,75,75,75,75],"card_choices":[{"not_picked":["Ultimatum","BloodHunter"],"picked":"AfternoonTea","floor":1.0},{"not_picked":["CharismaGuard","EmergencyRegeneration"],"picked":"VampireKiss","floor":2.0},{"not_picked":["Maim","TwelveNightmare"],"picked":"FitfulNightmare","floor":4.0},{"not_picked":["NightDance","TwelveNightmare"],"picked":"StarOfDavid","floor":4.0},{"not_picked":["NightDance","EmergencyRegeneration"],"picked":"VampireKiss","floor":6},{"not_picked":["DiffusionOfMisfortune","ScarletDevil"],"picked":"ForecastOfChange","floor":8},{"not_picked":["FavorOfDestiny","RedMagic"],"picked":"BlasphemousPunishment","floor":10},{"not_picked":["DiffusionOfMisfortune","ScarletDevil"],"picked":"MiserableFate","floor":11},{"not_picked":["ScarletNetherworld","FitfulNightmare"],"picked":"ScarletImprint","floor":12},{"not_picked":["RedRainbow","VampireKiss"],"picked":"DemonKingCradle","floor":14},{"not_picked":["DemonKingCradle","BloodySeventeenLaser"],"picked":"HeartBreak","floor":16},{"not_picked":["VampirishNight","UnstableMagic","BlasphemousPunishment"],"picked":"SKIP","floor":18},{"not_picked":["VampireSweep+1","FavorOfDestiny"],"picked":"RedNightlessCastle+1","floor":19},{"not_picked":["MastersStateliness+1","UnderTheZenith+1","ScarletDevil"],"picked":"SKIP","floor":21},{"not_picked":["VampireKiss","ForbiddenFruit"],"picked":"BloodHunter+1","floor":23}],"player_experience":266366,"relics_obtained":[{"floor":6,"key":"Gremlin Food"},{"floor":8,"key":"White Beast Statue"},{"floor":9,"key":"Replay:Baseball"},{"floor":13,"key":"Chameleon Ring"},{"floor":14,"key":"Smiling Mask"},{"floor":22,"key":"Enchiridion"},{"floor":23,"key":"Dream Catcher"}],"event_choices":[{"damage_healed":0,"gold_gain":0,"player_choice":"Copied","damage_taken":0,"max_hp_gain":0,"max_hp_loss":0,"event_name":"Duplicator","floor":20,"gold_loss":0,"cards_obtained":["ForecastOfChange"]},{"damage_healed":0,"gold_gain":0,"player_choice":"Obtained Book","damage_taken":16,"max_hp_gain":0,"max_hp_loss":0,"event_name":"Cursed Tome","floor":22,"gold_loss":0},{"damage_healed":25,"gold_gain":0,"player_choice":"Heal","damage_taken":0,"max_hp_gain":0,"max_hp_loss":0,"event_name":"The Library","floor":24,"gold_loss":0}],"is_beta":false,"boss_relics":[{"not_picked":["ChewingGum","Snecko Eye"],"picked":"Painkiller Herb"}],"items_purged_floors":[3],"is_endless":false,"potions_floor_spawned":[1,6,10,11,12,14,16,18,19,21,23],"killed_by":"Slavers","ascension_level":2}}