{"host":"pno9h1fupbyz205f","time":1610914850,"event":{"mods":["Aspiration","BaseMod","Better Altar","Better Match","Better Note","Better Sensory Stone","Better Skull","Better Third Choice","Colored Map","Colored Powertips","Hermit","Highlight Path","Hubris","Infinite Spire","Jedi Mod","Mad Scientist","Marisa????????","Minty Spire (QoL Compilation)","Permanent Neow","Potionbrewer","Prisma Mod","Replay The Spire","Robot Space Explorer","Shop Mod","Spicy Shops","StSLib","Td1madao Mod","The Blackbeard","The Gatherer","The Hierophant","The Marked","The Poker Player","The Runesmith","The Servant 0.9.4","The Spell Scribe","The Vixen","thorton","vexMod"],"gold_per_floor":[114,126,126,201,221,221,221,221],"floor_reached":7,"language":"ENG","playtime":232,"items_purged":[],"score":41,"play_id":"a8912f0a-f79c-46be-86bd-68440e7dbec6","local_time":"20210117122050","is_ascension_mode":false,"campfire_choices":[{"data":"theScribe:GatherComponents","floor":6,"key":"SMITH"}],"circlet_count":0,"master_deck":["theScribe:StarterAttack","theScribe:StarterAttack","theScribe:LightningStrike+1","theScribe:LightningStrike","theScribe:StarterDefend","theScribe:StarterDefend","theScribe:StarterDefend","theScribe:IcyDefend+1","theScribe:IcyDefend","theScribe:StarterModifier","theScribe:TelumSpellstone","theScribe:ToxicSpellstone","theScribe:GatherComponents+1"],"relics":["Black Star"],"acts_visited":["Exordium"],"potions_floor_usage":[5],"damage_taken":[{"damage":13,"enemies":"Cultist","floor":1,"turns":6},{"damage":10,"enemies":"Jaw Worm","floor":2,"turns":6},{"damage":4,"enemies":"Small Slimes","floor":5,"turns":5},{"damage":31,"enemies":"Lagavulin","floor":7,"turns":5}],"seed_played":"7923410726543445553","potions_obtained":[{"floor":2,"key":"Fire Potion"}],"is_trial":false,"path_per_floor":["M","M","?","?","M","R","E"],"character_chosen":"THE_SCRIBE","items_purchased":[],"campfire_rested":0,"item_purchase_floors":[],"current_hp_per_floor":[62,52,37,30,26,26,0,0],"gold":221,"neow_bonus":"BOSS_RELIC","is_daily":false,"chose_seed":false,"campfire_upgraded":1,"win_rate":0.0,"timestamp":1610914850,"path_taken":["M","?","?","?","M","R","E"],"items_purchased_type":[],"build_version":"2020-12-22","purchased_purges":0,"victory":false,"max_hp_per_floor":[75,75,75,75,75,75,75,75],"card_choices":[{"not_picked":["theScribe:MagicMissiles","theScribe:Frost"],"picked":"theScribe:TelumSpellstone","floor":1},{"not_picked":["theScribe:WordsOfPower","theScribe:Frost"],"picked":"theScribe:ToxicSpellstone","floor":2},{"not_picked":["theScribe:ThrownScroll","theScribe:WeirdBlast"],"picked":"theScribe:GatherComponents","floor":5}],"player_experience":193098,"relics_obtained":[],"event_choices":[{"damage_healed":52,"gold_gain":0,"player_choice":"Upgrade","damage_taken":15,"max_hp_gain":0,"max_hp_loss":75,"event_name":"betterThird:BetterShining","floor":3,"gold_loss":0,"cards_upgraded":["theScribe:LightningStrike","theScribe:IcyDefend"]},{"damage_healed":0,"gold_gain":75,"player_choice":"Touch","damage_taken":7,"max_hp_gain":0,"max_hp_loss":0,"event_name":"FaceTrader","floor":4,"gold_loss":0}],"is_beta":false,"boss_relics":[],"items_purged_floors":[],"is_endless":false,"potions_floor_spawned":[2],"killed_by":"Lagavulin","ascension_level":0}}