{"host":"qxfsqqkvz99y95yf","time":1610903964,"event":{"mods":["BaseMod","Infinite Spire","Minty Spire (QoL Compilation)","Replay The Spire","StSLib"],"gold_per_floor":[110,285,301,301,72,72,105,105,129,150,189,189,41,76,76,200,200,218,238,238,262,77,77,77,77],"floor_reached":24,"language":"ENG","playtime":1190,"items_purged":["Doubt","ReplayTheSpireMod:Doomed"],"score":249,"play_id":"d68f9586-e2a4-4962-a6ad-8340508e29a1","local_time":"20210117121924","is_ascension_mode":true,"campfire_choices":[{"data":"Zap","floor":6,"key":"SMITH"},{"data":"BasicCrystalCard","floor":12,"key":"SMITH"},{"data":"ReplayGash","floor":15,"key":"SMITH"},{"floor":23,"key":"REST"}],"circlet_count":0,"master_deck":["Strike_B","Strike_B","Strike_B","Strike_B","Defend_B","Defend_B","Defend_B","Defend_B+1","Zap+1","Dualcast+1","Beam Cell+1","Ball Lightning","BasicCrystalCard+1","Core Surge","Streamline+1","ReplayGash+1","Echo Form","ReplayGash","Hologram","BasicCrystalCard+1","Dramatic Entrance"],"relics":["Cracked Core","Golden Idol","Replay:Frozen Program","War Paint","infinitespire:Freezer","infinitespire:Eraser","ReplayTheSpireMod:CursedCoin","Question Card","Blue Doll","Painkiller Herb"],"acts_visited":["Exordium","TheCity"],"potions_floor_usage":[11,16,24],"damage_taken":[{"damage":5,"enemies":"Small Slimes","floor":1,"turns":3},{"damage":0,"enemies":"Cultist","floor":3,"turns":4},{"damage":0,"enemies":"Replay:BlueRogue","floor":7,"turns":5},{"damage":4,"enemies":"Jaw Worm","floor":10,"turns":2},{"damage":14,"enemies":"Lagavulin","floor":11,"turns":5},{"damage":8,"enemies":"Gremlin Nob","floor":14,"turns":3},{"damage":10,"enemies":"Slime Boss","floor":16,"turns":7},{"damage":10,"enemies":"Spheric Guardian","floor":18,"turns":3},{"damage":13,"enemies":"2 Thieves","floor":19,"turns":4},{"damage":29,"enemies":"Centurion and Healer","floor":21,"turns":5},{"damage":54,"enemies":"Nightmare","floor":24,"turns":6}],"seed_played":"-1803301814777111660","potions_obtained":[{"floor":3,"key":"PowerPotion"},{"floor":10,"key":"Ancient Potion"},{"floor":11,"key":"Dexterity Potion"},{"floor":21,"key":"Weak Potion"}],"is_trial":false,"path_per_floor":["M","?","M","?","$","R","E","?","T","M","E","R","$","E","R","B",null,"?","?","?","?","T","T","NM"],"character_chosen":"DEFECT","items_purchased":["Replay:Frozen Program","ReplayTheSpireMod:CursedCoin","Question Card","Streamline+1","Dramatic Entrance"],"campfire_rested":1,"item_purchase_floors":[5,13,13,13,22],"current_hp_per_floor":[77,77,77,57,57,57,57,57,57,53,39,39,39,31,31,21,82,72,59,59,30,30,54,0,0],"gold":77,"neow_bonus":"TEN_PERCENT_HP_BONUS","is_daily":false,"chose_seed":false,"campfire_upgraded":3,"win_rate":0.0,"timestamp":1610903964,"path_taken":["M","?","M","?","$","R","E","?","T","M","E","R","$","E","R","BOSS","?","?","?","?","T","T","NM"],"items_purchased_type":["Relic","Relic","Relic","Card","Card"],"build_version":"2020-12-22","purchased_purges":2,"victory":false,"max_hp_per_floor":[82,82,82,82,82,82,82,82,82,82,82,82,82,82,82,82,82,82,82,82,82,82,82,82,82],"card_choices":[{"not_picked":["Turbo","Sunder"],"picked":"Beam Cell","floor":1},{"not_picked":["Panic Button","Lockon"],"picked":"Ball Lightning","floor":3},{"not_picked":["Hyperbeam","Recycle","ReplayTheSpireMod:GoodbyeWorld"],"picked":"SKIP","floor":7},{"not_picked":["Darkness","Rip and Tear"],"picked":"BasicCrystalCard","floor":10},{"not_picked":["Sweeping Beam","Double Energy"],"picked":"Core Surge","floor":11},{"not_picked":["Meteor Strike","ReplaySort","Streamline"],"picked":"ReplayGash","floor":14},{"not_picked":["Core Surge","Seek","ReplayRNGCard"],"picked":"Echo Form","floor":16},{"not_picked":["Beam Cell","Turbo","Redo"],"picked":"ReplayGash","floor":18},{"not_picked":["Sunder+1","Cold Snap","Streamline"],"picked":"Hologram","floor":19},{"not_picked":["Darkness","ReplayTheSpireMod:System Scan","Coolheaded"],"picked":"BasicCrystalCard+1","floor":21}],"player_experience":210682,"relics_obtained":[{"floor":7,"key":"War Paint"},{"floor":9,"key":"infinitespire:Freezer"},{"floor":11,"key":"infinitespire:Eraser"},{"floor":14,"key":"Blue Doll"}],"event_choices":[{"damage_healed":0,"gold_gain":175,"player_choice":"AGREE","damage_taken":0,"max_hp_gain":0,"max_hp_loss":0,"event_name":"Liars Game","floor":2,"gold_loss":0,"cards_obtained":["Doubt"]},{"damage_healed":0,"gold_gain":0,"player_choice":"Take Damage","damage_taken":20,"relics_obtained":["Golden Idol"],"max_hp_gain":0,"max_hp_loss":0,"event_name":"Golden Idol","floor":4,"gold_loss":0},{"damage_healed":0,"gold_gain":0,"player_choice":"Upgraded","damage_taken":0,"max_hp_gain":0,"max_hp_loss":0,"event_name":"Upgrade Shrine","floor":8,"gold_loss":0,"cards_upgraded":["Beam Cell"]},{"damage_healed":0,"gold_gain":0,"player_choice":"Ignored","damage_taken":0,"max_hp_gain":0,"max_hp_loss":0,"event_name":"Ghosts","floor":20,"gold_loss":0}],"is_beta":false,"boss_relics":[{"not_picked":["Runic Pyramid","Astrolabe"],"picked":"Painkiller Herb"}],"items_purged_floors":[5,22],"is_endless":false,"potions_floor_spawned":[3,10,11,21],"killed_by":"Nightmare","ascension_level":1}}