{"host":"6wux4armhsntp4yb","time":1610873437,"event":{"mods":["BaseMod","Colored Map","DeckTracker","Minty Spire (QoL Compilation)","Relic Stats"],"gold_per_floor":[115,115,132,2,12,12,45,45,115,115,132,132,148,148,148,225,225,198,198,209,219,2,2,32,32,32,44,60,60,76,107,107,180,180,191,18,33,0,25,55,69,104,104,136,146,146,48,95,95,95,95,95,95,14,48,48],"floor_reached":57,"language":"JPN","playtime":5378,"items_purged":["Pain","Strike_G"],"score":2935,"play_id":"6e8bd0b4-5580-4035-abae-ba9cee41459c","local_time":"20210117175037","is_ascension_mode":true,"campfire_choices":[{"data":"Neutralize","floor":6.0,"key":"SMITH"},{"floor":10.0,"key":"REST"},{"data":"Leg Sweep","floor":12.0,"key":"SMITH"},{"data":"Deadly Poison","floor":15.0,"key":"SMITH"},{"floor":23.0,"key":"REST"},{"floor":25.0,"key":"REST"},{"floor":29.0,"key":"REST"},{"floor":32.0,"key":"REST"},{"floor":46.0,"key":"REST"},{"floor":49.0,"key":"RECALL"},{"floor":53.0,"key":"REST"}],"circlet_count":0,"master_deck":["AscendersBane","Survivor","Neutralize+1","Dagger Throw","Leg Sweep+1","Backstab+1","Blur","Deadly Poison+1","Dagger Throw","Burst","Clumsy","Well Laid Plans","Night Terror","Calculated Gamble+1","Tools of the Trade","Tactician","Noxious Fumes","Doppelganger","Acrobatics","Acrobatics","Corpse Explosion","Noxious Fumes","Poisoned Stab+1","Concentrate","Endless Agony+1","Catalyst","Endless Agony+1","Dodge and Roll","Backflip","Tactician","PiercingWail+1","Calculated Gamble","Footwork","Wraith Form v2","Night Terror","Prepared","Burst"],"relics":["Ring of the Snake","NeowsBlessing","WarpedTongs","Dream Catcher","Mummified Hand","Fusion Hammer","Membership Card","Sundial","Molten Egg 2","Bag of Marbles","Pandora\u0027s Box","InkBottle","Red Mask","The Specimen","PreservedInsect","Anchor","Happy Flower","DollysMirror","CaptainsWheel","TheAbacus","Mercury Hourglass"],"acts_visited":["Exordium","TheCity","TheBeyond","TheEnding"],"potions_floor_usage":[56],"damage_taken":[{"damage":0.0,"enemies":"Small Slimes","floor":1.0,"turns":1.0},{"damage":0.0,"enemies":"Cultist","floor":3.0,"turns":1.0},{"damage":0.0,"enemies":"2 Louse","floor":5.0,"turns":1.0},{"damage":31.0,"enemies":"Gremlin Nob","floor":7.0,"turns":5.0},{"damage":0.0,"enemies":"Looter","floor":11.0,"turns":4.0},{"damage":5.0,"enemies":"Exordium Thugs","floor":13.0,"turns":6.0},{"damage":23.0,"enemies":"Slime Boss","floor":16.0,"turns":15.0},{"damage":1.0,"enemies":"2 Thieves","floor":18.0,"turns":4.0},{"damage":10.0,"enemies":"Chosen","floor":20.0,"turns":8.0},{"damage":5.0,"enemies":"Centurion and Healer","floor":21.0,"turns":9.0},{"damage":40.0,"enemies":"Gremlin Leader","floor":24.0,"turns":14.0},{"damage":10.0,"enemies":"3 Cultists","floor":27.0,"turns":9.0},{"damage":0.0,"enemies":"Shelled Parasite and Fungi","floor":28.0,"turns":9.0},{"damage":21.0,"enemies":"Cultist and Chosen","floor":30.0,"turns":12.0},{"damage":22.0,"enemies":"Book of Stabbing","floor":31.0,"turns":7.0},{"damage":7.0,"enemies":"Automaton","floor":33.0,"turns":13.0},{"damage":0.0,"enemies":"3 Darklings","floor":35.0,"turns":3.0},{"damage":0.0,"enemies":"3 Shapes","floor":37.0,"turns":3.0},{"damage":0.0,"enemies":"Mind Bloom Boss Battle","floor":39.0,"turns":6.0},{"damage":0.0,"enemies":"Giant Head","floor":40.0,"turns":7.0},{"damage":6.0,"enemies":"Sphere and 2 Shapes","floor":41.0,"turns":3.0},{"damage":19.0,"enemies":"Reptomancer","floor":42.0,"turns":4.0},{"damage":1.0,"enemies":"Nemesis","floor":44.0,"turns":5.0},{"damage":0.0,"enemies":"Maw","floor":45.0,"turns":5.0},{"damage":0.0,"enemies":"2 Orb Walkers","floor":48.0,"turns":3.0},{"damage":0.0,"enemies":"Time Eater","floor":50.0,"turns":6.0},{"damage":2.0,"enemies":"Donu and Deca","floor":51.0,"turns":6.0},{"damage":4.0,"enemies":"Shield and Spear","floor":55.0,"turns":6.0},{"damage":60,"enemies":"The Heart","floor":56,"turns":11}],"seed_played":"-6411019006504905818","potions_obtained":[{"floor":7.0,"key":"SpeedPotion"},{"floor":11.0,"key":"AttackPotion"},{"floor":13.0,"key":"Ancient Potion"},{"floor":21.0,"key":"Weak Potion"},{"floor":27.0,"key":"Swift Potion"},{"floor":28.0,"key":"PowerPotion"},{"floor":35.0,"key":"EssenceOfSteel"},{"floor":41.0,"key":"CunningPotion"},{"floor":45.0,"key":"Fire Potion"}],"is_trial":false,"path_per_floor":["M","?","M","$","M","R","E","?","T","R","M","R","M","?","R","B",null,"M","?","M","M","$","R","E","R","T","M","M","R","M","E","R","B",null,"M","$","M","?","?","E","M","E","T","E","M","R","$","?","R","B","B",null,"R","$","E","B",null],"character_chosen":"THE_SILENT","items_purchased":["Poison Potion","Membership Card","InkBottle","DistilledChaos","DollysMirror","Prepared","TheAbacus"],"campfire_rested":7,"item_purchase_floors":[4,22,36,36,47,47,54],"current_hp_per_floor":[59,59,59,59,59,59,28,8,8,27,27,27,22,66,66,43,60,59,59,49,44,44,63,23,42,42,32,32,51,30,8,27,20,55,55,55,55,55,55,55,49,30,30,29,29,48,48,48,48,48,46,61,66,66,62,2],"gold":48,"neow_bonus":"THREE_ENEMY_KILL","is_daily":false,"chose_seed":false,"campfire_upgraded":3,"win_rate":0.0,"timestamp":1610873437,"path_taken":["M","?","?","$","M","R","E","?","T","R","M","R","M","?","R","BOSS","M","?","M","M","$","R","E","R","T","?","M","R","M","E","R","BOSS","M","$","M","?","?","E","M","E","T","E","M","R","$","?","R","BOSS","BOSS","R","$","E","BOSS"],"items_purchased_type":["Potion","Relic","Relic","Potion","Relic","Card","Relic"],"build_version":"2020-12-22","purchased_purges":2,"victory":true,"max_hp_per_floor":[66,66,66,66,66,66,66,66,66,66,66,66,66,66,66,66,66,66,66,66,66,66,66,66,66,66,66,66,66,66,66,66,66,66,66,66,66,66,66,66,66,66,66,66,66,66,66,66,66,66,66,66,66,66,66,66],"relic_stats":{"Happy Flower":[12],"counters":[29,186],"PreservedInsect":188,"WarpedTongs":[178],"Mercury Hourglass":[33],"Dream Catcher":7,"TheAbacus":[36],"Mummified Hand":[116],"Sundial":[42],"Pandora\u0027s Box":["Noxious Fumes","Poisoned Stab","Concentrate","Endless Agony","Catalyst","Endless Agony","Dodge and Roll","Backflip","Tactician"],"obtain_stats":[{"NeowsBlessing":0,"The Specimen":39,"Happy Flower":44,"PreservedInsect":40,"WarpedTongs":2,"Mercury Hourglass":55,"Dream Catcher":7,"Anchor":42,"CaptainsWheel":48,"TheAbacus":54,"Mummified Hand":9,"Sundial":24,"DollysMirror":47,"Molten Egg 2":26,"Pandora\u0027s Box":34,"Fusion Hammer":17,"Bag of Marbles":31,"Red Mask":38,"Membership Card":22,"InkBottle":36,"Ring of the Snake":0},{"NeowsBlessing":0,"The Specimen":19,"Happy Flower":23,"PreservedInsect":20,"WarpedTongs":1,"Mercury Hourglass":28,"Dream Catcher":4,"Anchor":22,"CaptainsWheel":25,"TheAbacus":27,"Mummified Hand":4,"Sundial":11,"DollysMirror":24,"Molten Egg 2":11,"Pandora\u0027s Box":16,"Fusion Hammer":7,"Bag of Marbles":15,"Red Mask":18,"Membership Card":10,"InkBottle":17,"Ring of the Snake":0},{"NeowsBlessing":0,"The Specimen":130,"Happy Flower":149,"PreservedInsect":137,"WarpedTongs":1,"Mercury Hourglass":175,"Dream Catcher":8,"Anchor":144,"CaptainsWheel":157,"TheAbacus":169,"Mummified Hand":8,"Sundial":68,"DollysMirror":154,"Molten Egg 2":68,"Pandora\u0027s Box":118,"Fusion Hammer":33,"Bag of Marbles":105,"Red Mask":124,"Membership Card":54,"InkBottle":121,"Ring of the Snake":0}],"InkBottle":[59],"Ring of the Snake":[59]},"card_choices":[{"not_picked":["Deflect","Dagger Spray"],"picked":"Dagger Throw","floor":1.0},{"not_picked":["Dodge and Roll","Outmaneuver"],"picked":"Leg Sweep","floor":3.0},{"not_picked":["Bane","Riddle With Holes"],"picked":"Backstab","floor":5.0},{"not_picked":["Bane","Slice"],"picked":"Blur","floor":7.0},{"not_picked":["Flying Knee","Prepared"],"picked":"Deadly Poison","floor":10.0},{"not_picked":["Riddle With Holes","Sucker Punch"],"picked":"Dagger Throw","floor":11.0},{"not_picked":["Prepared","Envenom"],"picked":"Terror","floor":13.0},{"not_picked":["Tools of the Trade","Night Terror"],"picked":"Burst","floor":16.0},{"not_picked":["Underhanded Strike","Setup","Bane+1"],"picked":"SKIP","floor":18.0},{"not_picked":["Outmaneuver","Dagger Spray","Deadly Poison"],"picked":"SKIP","floor":20.0},{"not_picked":["Backflip","Outmaneuver"],"picked":"Night Terror","floor":21.0},{"not_picked":["Poisoned Stab","Noxious Fumes"],"picked":"Calculated Gamble+1","floor":23.0},{"not_picked":["Expertise","All Out Attack"],"picked":"Tools of the Trade","floor":24.0},{"not_picked":["Accuracy","Deadly Poison"],"picked":"Tactician","floor":25.0},{"not_picked":["Quick Slash+1","Deflect+1","Endless Agony+1"],"picked":"SKIP","floor":27.0},{"not_picked":["Calculated Gamble","Backflip"],"picked":"Noxious Fumes","floor":28.0},{"not_picked":["Dagger Spray+1","Flying Knee+1"],"picked":"Doppelganger","floor":30.0},{"not_picked":["Dash+1","Prepared"],"picked":"Acrobatics","floor":31.0},{"not_picked":["PiercingWail","Quick Slash+1"],"picked":"Acrobatics","floor":32.0},{"not_picked":["Doppelganger","Glass Knife+1"],"picked":"Corpse Explosion","floor":33.0},{"not_picked":["Cloak And Dagger+1","Infinite Blades+1"],"picked":"PiercingWail+1","floor":35.0},{"not_picked":["Poisoned Stab+1","Tactician","Blade Dance"],"picked":"SKIP","floor":37.0},{"not_picked":["Flying Knee+1","Terror"],"picked":"Calculated Gamble","floor":40.0},{"not_picked":["Slice+1","Dagger Spray+1","Sucker Punch+1"],"picked":"SKIP","floor":41.0},{"not_picked":["Masterful Stab+1","Flying Knee+1"],"picked":"Footwork","floor":42.0},{"not_picked":["Dodge and Roll","Crippling Poison"],"picked":"Wraith Form v2","floor":44.0},{"not_picked":["Choke+1","Bouncing Flask+1","Blade Dance"],"picked":"SKIP","floor":45.0},{"not_picked":["Choke+1","Bouncing Flask+1","Blade Dance"],"picked":"SKIP","floor":45.0},{"not_picked":["Prepared","Acrobatics+1"],"picked":"Burst","floor":48.0},{"not_picked":["Bane+1","Terror+1","Dagger Spray+1"],"picked":"SKIP","floor":55.0}],"player_experience":5790170,"relics_obtained":[{"floor":7.0,"key":"Dream Catcher"},{"floor":9.0,"key":"Mummified Hand"},{"floor":24.0,"key":"Sundial"},{"floor":26.0,"key":"Molten Egg 2"},{"floor":31.0,"key":"Bag of Marbles"},{"floor":39.0,"key":"The Specimen"},{"floor":40.0,"key":"PreservedInsect"},{"floor":42.0,"key":"Anchor"},{"floor":44.0,"key":"Happy Flower"},{"floor":48.0,"key":"CaptainsWheel"},{"floor":55.0,"key":"Mercury Hourglass"}],"event_choices":[{"damage_healed":0.0,"max_hp_gain":0.0,"max_hp_loss":0.0,"gold_gain":0.0,"event_name":"Accursed Blacksmith","player_choice":"Rummage","floor":2.0,"gold_loss":0.0,"damage_taken":0.0,"relics_obtained":["WarpedTongs"],"cards_obtained":["Pain"]},{"damage_healed":0.0,"max_hp_gain":0.0,"max_hp_loss":0.0,"gold_gain":0.0,"event_name":"Shining Light","player_choice":"Entered Light","floor":8.0,"gold_loss":0.0,"damage_taken":20.0,"cards_upgraded":["Strike_G","Backstab"]},{"cards_removed":["Terror"],"damage_healed":44.0,"max_hp_gain":0.0,"max_hp_loss":0.0,"gold_gain":0.0,"event_name":"Bonfire Elementals","player_choice":"Offered Uncommon","floor":14.0,"gold_loss":0.0,"damage_taken":0.0},{"damage_healed":0.0,"max_hp_gain":0.0,"max_hp_loss":0.0,"gold_gain":0.0,"event_name":"Match and Keep!","player_choice":"2 cards matched","floor":19.0,"gold_loss":0.0,"damage_taken":0.0,"cards_obtained":["Clumsy","Well Laid Plans"]},{"damage_healed":0.0,"max_hp_gain":0.0,"max_hp_loss":0.0,"gold_gain":0.0,"event_name":"Tomb of Lord Red Mask","player_choice":"Paid","floor":38.0,"gold_loss":33.0,"damage_taken":0.0,"relics_obtained":["Red Mask"]},{"damage_healed":0.0,"max_hp_gain":0.0,"max_hp_loss":0.0,"gold_gain":0.0,"event_name":"MindBloom","player_choice":"Fight","floor":39.0,"gold_loss":0.0,"damage_taken":0.0},{"damage_healed":0.0,"max_hp_gain":0.0,"max_hp_loss":0.0,"gold_gain":0.0,"event_name":"Mysterious Sphere","player_choice":"Fight","floor":48.0,"gold_loss":0.0,"damage_taken":0.0}],"is_beta":false,"boss_relics":[{"not_picked":["Astrolabe","Tiny House"],"picked":"Fusion Hammer"},{"not_picked":["WristBlade","Calling Bell"],"picked":"Pandora\u0027s Box"}],"items_purged_floors":[4,22],"is_endless":false,"potions_floor_spawned":[7,11,13,21,27,28,35,39,41,45],"ascension_level":20}}