{"host":"c5slkkw8hp42e20v","time":1610871738,"event":{"mods":["AchievementEnabler","BaseMod","Better Note","BetterRewards","Colored Powertips","DeckTracker","Friendly Minions","GifTheSpireLib","Hermit","Highlight Path","Minty Spire (QoL Compilation)","Quick Restart","Rare Cards Sparkle","Replay The Spire","Spicy Shops","StSLib","The Animator","The Hierophant","The Poker Player","????"],"gold_per_floor":[118,118,114,74,124,124,156,222,222,235,345,380,430,443,443,547,547,563,613,709,727,249,249,275,275,275,16,32,94,113,143,143,244,244,255,305,318,378,68,68,43,55,55,69,99,26,76,95,95,95],"floor_reached":51,"language":"ENG","playtime":3021,"items_purged":[],"score":850,"play_id":"2d8e4d91-7f2b-4c8d-aeb1-7767e6cc1f40","local_time":"20210117022218","is_ascension_mode":false,"campfire_choices":[{"data":"Poisoned Stab","floor":6,"key":"SMITH"},{"floor":15,"key":"REST"},{"floor":23,"key":"REST"},{"floor":25,"key":"REST"},{"floor":32,"key":"REST"},{"data":"Poisoned Stab","floor":40,"key":"SMITH"},{"data":"Poisoned Stab","floor":49,"key":"SMITH"}],"circlet_count":0,"master_deck":["Strike_G","Strike_G","Strike_G","Strike_G","Strike_G","Defend_G","Defend_G","Survivor","Poisoned Stab+1","Sucker Punch+1","Poisoned Stab+1","Flying Knee","Slice","Bouncing Flask","Sucker Punch","Bane","Distraction","Bullet Time","Prepared+1","Venomology+1","Fluid Movement+1","Dagger Spray","Noxious Fumes+1","Catalyst+1","Quick Slash","Sucker Punch","Blade Dance","Noxious Fumes+1","Slice+1","ReplayTheSpireMod:Scrap Shanks","Sucker Punch","Deadly Poison+1","Blade Dance+1","Accuracy+1","Noxious Fumes+1","Terror+1","Bullet Time+1","CurseOfTheBell","Poisoned Stab+1","PiercingWail+1","Blade Dance+1","ReplayTheSpireMod:IOU","PiercingWail+1","Venomology+1","Deadly Poison+1"],"relics":["Ring of the Snake","Snake Skull","SsserpentHead","Dream Catcher","ReplayTheSpireMod:Ninjato","Replay:Wax Seal","Ancient Tea Set","Astrolabe","Lantern","Sling","Orichalcum","DollysMirror","Boot","Incense Burner","Toxic Egg 2","Shuriken","Calling Bell","Pen Nib","ReplayTheSpireMod:Shallot","Counterbalance","ReplayTheSpireMod:CursedCoin","Lee\u0027s Waffle","Nunchaku","Juzu Bracelet","OrangePellets","Divine Protection","Singing Bowl","Chemical X"],"acts_visited":["Exordium","TheCity","TheBeyond"],"potions_floor_usage":[16,24,24,24,30,31,31,33,33,33,33,38,38,38,42,45,45,48,50],"damage_taken":[{"damage":0,"enemies":"Small Slimes","floor":1,"turns":3},{"damage":24,"enemies":"Gremlin Nob","floor":7,"turns":4},{"damage":0,"enemies":"Cultist","floor":8,"turns":3},{"damage":0,"enemies":"2 Louse","floor":10,"turns":2},{"damage":10,"enemies":"Gremlin Nob","floor":11,"turns":3},{"damage":23,"enemies":"Lagavulin","floor":12,"turns":5},{"damage":8,"enemies":"Red Slaver","floor":14,"turns":2},{"damage":40,"enemies":"Fading Forest","floor":16,"turns":11},{"damage":6,"enemies":"Chosen","floor":18,"turns":3},{"damage":17,"enemies":"2 Thieves","floor":21,"turns":4},{"damage":6,"enemies":"Book of Stabbing","floor":24,"turns":3},{"damage":4,"enemies":"Sentry and Sphere","floor":28,"turns":3},{"damage":0,"enemies":"Chosen and Byrds","floor":29,"turns":3},{"damage":15,"enemies":"3 Cultists","floor":30,"turns":5},{"damage":21,"enemies":"Slavers","floor":31,"turns":5},{"damage":24,"enemies":"Automaton","floor":33,"turns":6},{"damage":23,"enemies":"3 Darklings","floor":35,"turns":6},{"damage":16,"enemies":"3 Shapes","floor":37,"turns":3},{"damage":0,"enemies":"Transient","floor":38,"turns":5},{"damage":30,"enemies":"Sphere and 2 Shapes","floor":42,"turns":4},{"damage":8,"enemies":"Jaw Worm Horde","floor":44,"turns":4},{"damage":13,"enemies":"Giant Head","floor":45,"turns":6},{"damage":0,"enemies":"Transient","floor":48,"turns":5},{"damage":18,"enemies":"Replay:Hell Engine","floor":50,"turns":5}],"seed_played":"-3674731254419190124","potions_obtained":[{"floor":7,"key":"Cursed Concoction"},{"floor":8,"key":"Block Potion"},{"floor":11,"key":"LiquidMemories"},{"floor":16,"key":"Fruit Juice"},{"floor":20,"key":"DistilledChaos"},{"floor":31,"key":"Adrenaline Potion"},{"floor":37,"key":"Swift Potion"},{"floor":38,"key":"SteroidPotion"},{"floor":42,"key":"SpeedPotion"},{"floor":44,"key":"Ancient Potion"}],"is_trial":false,"path_per_floor":["M","?","$","$","?","R","E","M","T","M","?","E","?","M","R","B",null,"M","?","?","M","$","R","E","R","T","$","M","M","M","E","R","B",null,"M","?","M","M","$","R","$","M","T","M","E","$","?","M","R","B",null],"character_chosen":"THE_SILENT","items_purchased":["Snake Skull","Poisoned Stab","Sucker Punch+1","Blade Dance","Sling","Orichalcum","DollysMirror","Toxic Egg 2","ReplayTheSpireMod:CursedCoin","Lee\u0027s Waffle","Nunchaku","Juzu Bracelet","OrangePellets","Chemical X"],"campfire_rested":4,"item_purchase_floors":[0,3,4,22,22,22,22,27,39,39,39,39,41,46],"current_hp_per_floor":[70,70,70,70,70,70,46,46,46,46,36,13,13,5,26,9,75,69,69,39,22,22,44,38,60,60,60,56,56,41,20,42,18,75,52,52,36,45,82,82,82,52,52,44,33,33,73,73,73,55],"gold":95,"neow_bonus":"","is_daily":false,"chose_seed":false,"campfire_upgraded":3,"win_rate":0.0,"timestamp":1610871738,"path_taken":["M","?","?","$","?","R","E","?","T","M","?","E","?","M","R","BOSS","M","?","?","M","$","R","E","R","T","$","M","?","M","E","R","BOSS","M","?","M","?","$","R","?","M","T","M","E","$","?","M","R","BOSS"],"items_purchased_type":["Relic","Card","Card","Card","Relic","Relic","Relic","Relic","Relic","Relic","Relic","Relic","Relic","Relic"],"build_version":"2020-12-22","purchased_purges":0,"victory":true,"max_hp_per_floor":[70,70,70,70,70,70,70,70,70,70,70,70,70,70,70,75,75,75,75,75,75,75,75,75,75,75,75,75,75,75,75,75,75,75,75,75,75,75,82,82,82,82,82,82,84,84,73,73,73,73],"card_choices":[{"not_picked":["Dodge and Roll","Cloak And Dagger"],"picked":"Bane","floor":1},{"not_picked":["Tactician","Backflip"],"picked":"Poisoned Stab","floor":7},{"not_picked":["Sucker Punch","Prepared"],"picked":"Flying Knee","floor":8},{"not_picked":["Terror","Deflect"],"picked":"Slice","floor":10},{"not_picked":["ReplayTheSpireMod:Speed Training","Well Laid Plans"],"picked":"Bouncing Flask","floor":11},{"not_picked":["Leg Sweep","Deflect"],"picked":"Sucker Punch","floor":12},{"not_picked":["Skewer","Dodge and Roll"],"picked":"Bane","floor":14},{"not_picked":["Flying Knee","Cloak And Dagger"],"picked":"Distraction","floor":15},{"not_picked":["Doppelganger","Die Die Die"],"picked":"Bullet Time","floor":16},{"not_picked":["Tactician","PiercingWail+1"],"picked":"Dagger Spray","floor":18},{"not_picked":["Terror","Flechettes"],"picked":"Catalyst+1","floor":20},{"not_picked":["Bane","Leg Sweep"],"picked":"Quick Slash","floor":20},{"not_picked":["Replay:Poison Smokescreen","Well Laid Plans"],"picked":"Sucker Punch","floor":21},{"not_picked":["Dagger Throw","Blade Dance"],"picked":"Slice+1","floor":23},{"not_picked":["Acrobatics","Underhanded Strike"],"picked":"ReplayTheSpireMod:Scrap Shanks","floor":24},{"not_picked":["Hidden Blade","Dagger Spray"],"picked":"Sucker Punch","floor":25},{"not_picked":["Catalyst+1","Hidden Blade+1"],"picked":"Deadly Poison+1","floor":28},{"not_picked":["Deflect+1","Replay:Bag of Tricks+1"],"picked":"Blade Dance+1","floor":29},{"not_picked":["Deadly Poison+1","Prepared+1"],"picked":"Accuracy+1","floor":30},{"not_picked":["Storm of Steel+1","Blade Dance+1"],"picked":"Noxious Fumes","floor":31},{"not_picked":["Sucker Punch","Calculated Gamble+1"],"picked":"Terror+1","floor":32},{"not_picked":["Night Terror+1","Phantasmal Killer+1"],"picked":"Bullet Time+1","floor":33},{"not_picked":["Bane+1","Flying Knee+1"],"picked":"Poisoned Stab","floor":35},{"not_picked":["All Out Attack+1","Underhanded Strike"],"picked":"PiercingWail+1","floor":37},{"not_picked":["Dodge and Roll+1","Distraction+1"],"picked":"Blade Dance+1","floor":38},{"not_picked":["Acrobatics+1","Prepared+1"],"picked":"PiercingWail+1","floor":42},{"not_picked":["Cloak And Dagger+1","Masterful Stab+1"],"picked":"Venomology+1","floor":44},{"not_picked":["Quick Slash","Replay:Poison Smokescreen+1","Dodge and Roll+1"],"picked":"Singing Bowl","floor":45},{"not_picked":["Tactician+1","Acrobatics+1"],"picked":"Deadly Poison+1","floor":48}],"player_experience":55326,"relics_obtained":[{"floor":7,"key":"Dream Catcher"},{"floor":9,"key":"ReplayTheSpireMod:Ninjato"},{"floor":12,"key":"Ancient Tea Set"},{"floor":20,"key":"Lantern"},{"floor":24,"key":"Boot"},{"floor":26,"key":"Incense Burner"},{"floor":31,"key":"Shuriken"},{"floor":34,"key":"Pen Nib"},{"floor":34,"key":"ReplayTheSpireMod:Shallot"},{"floor":34,"key":"Counterbalance"},{"floor":43,"key":"Divine Protection"},{"floor":45,"key":"Singing Bowl"}],"event_choices":[{"damage_healed":0,"gold_gain":0,"player_choice":"Trade","damage_taken":0,"relics_obtained":["SsserpentHead"],"max_hp_gain":0,"max_hp_loss":0,"event_name":"FaceTrader","floor":2,"gold_loss":0},{"cards_removed":["Defend_G"],"damage_healed":0,"gold_gain":0,"player_choice":"Purged","damage_taken":0,"max_hp_gain":0,"max_hp_loss":0,"event_name":"Purifier","floor":5,"gold_loss":0},{"damage_healed":0,"gold_gain":30,"player_choice":"Searched \u00273\u0027 times","damage_taken":0,"relics_obtained":["Replay:Wax Seal"],"max_hp_gain":0,"max_hp_loss":0,"event_name":"Dead Adventurer","floor":11,"gold_loss":0},{"damage_healed":0,"gold_gain":0,"player_choice":"Ignored","damage_taken":0,"max_hp_gain":0,"max_hp_loss":0,"event_name":"Golden Idol","floor":13,"gold_loss":0},{"cards_removed":["Fluid Movement"],"damage_healed":0,"gold_gain":0,"player_choice":"Take \u0026 Give","damage_taken":0,"max_hp_gain":0,"max_hp_loss":0,"event_name":"betterNote:BetterNote","floor":19,"gold_loss":0,"cards_obtained":["Noxious Fumes"]},{"damage_healed":0,"gold_gain":0,"player_choice":"Upgraded","damage_taken":0,"max_hp_gain":0,"max_hp_loss":0,"event_name":"Upgrade Shrine","floor":36,"gold_loss":0,"cards_upgraded":["Noxious Fumes"]},{"damage_healed":73,"gold_gain":0,"player_choice":"Heal","damage_taken":0,"max_hp_gain":0,"max_hp_loss":11,"event_name":"The Moai Head","floor":47,"gold_loss":0}],"is_beta":false,"boss_relics":[{"not_picked":["Abe\u0027s Treasure","SlaversCollar"],"picked":"Astrolabe"},{"not_picked":["Replay:Ancient Bell","Runic Pyramid"],"picked":"Calling Bell"}],"items_purged_floors":[],"is_endless":false,"potions_floor_spawned":[7,8,11,16,29,30,31,37,38,42,44],"ascension_level":0}}