{"host":"mmxi1hjn5usmb1ga","time":1610890273,"event":{"mods":["BaseMod","BetterRewards","Downfall","Minty Spire (QoL Compilation)","Quick Restart","READ ME - Guardian Mod","READ ME - Snecko Mod","RumiaBox-露米娅的神秘盒子","Shop Mod","StSLib","Td1madao Mod","The Bug Knight","Yuri Mod","[IsaacMod]以撒尖塔"],"gold_per_floor":[109,184,184,198,215,215,226,226,280,280,280],"floor_reached":10,"language":"ZHS","playtime":263,"items_purged":[],"score":81,"play_id":"63396208-3784-4fa2-841f-2ebd675d5f40","local_time":"20210117213113","is_ascension_mode":true,"campfire_choices":[{"data":"Zap","floor":6,"key":"SMITH"},{"floor":8,"key":"REST"}],"circlet_count":0,"master_deck":["Strike_B","Strike_B","Strike_B","Strike_B","Defend_B","Defend_B","Defend_B","Defend_B","Zap+1","Dualcast","BettingIsNotGood","Genetic Algorithm+1","Storm","ElectricPowerLearning","Glacier"],"relics":["Cracked Core","HushsDoor","GuppysPaw","NeowsBlessing","Baka","StoneCalendar","BookOfRevelations"],"acts_visited":["Exordium"],"potions_floor_usage":[10],"damage_taken":[{"damage":0,"enemies":"Small Slimes","floor":1,"turns":1},{"damage":0,"enemies":"Cultist","floor":4,"turns":1},{"damage":0,"enemies":"Jaw Worm","floor":5,"turns":1},{"damage":59,"enemies":"Gremlin Gang","floor":7,"turns":5},{"damage":22,"enemies":"Gremlin Nob","floor":10,"turns":2}],"seed_played":"-1143850178474481760","potions_obtained":[{"floor":1,"key":"Dexterity Potion"},{"floor":7,"key":"AttackPotion"}],"is_trial":false,"path_per_floor":["M","?","?","M","M","R","M","R","T","E"],"character_chosen":"DEFECT","items_purchased":[],"campfire_rested":1,"item_purchase_floors":[],"current_hp_per_floor":[68,57,57,57,57,57,3,25,25,8,8],"gold":280,"neow_bonus":"THREE_ENEMY_KILL","is_daily":false,"chose_seed":false,"campfire_upgraded":1,"win_rate":0.0,"timestamp":1610890273,"path_taken":["M","?","?","?","M","R","M","R","T","E"],"items_purchased_type":[],"build_version":"2020-12-22","purchased_purges":0,"victory":false,"max_hp_per_floor":[75,75,75,75,75,75,75,75,75,75,75],"card_choices":[{"not_picked":[],"picked":"BettingIsNotGood","floor":0},{"not_picked":["Chaos","Coolheaded"],"picked":"Genetic Algorithm","floor":1},{"not_picked":["Bomb","Stack"],"picked":"Storm","floor":4},{"not_picked":["Sweeping Beam","Rebound","Barrage"],"picked":"SKIP","floor":5},{"not_picked":["Recycle","Streamline"],"picked":"Glacier","floor":7}],"player_experience":690230,"relics_obtained":[{"floor":1,"key":"Baka"},{"floor":4,"key":"StoneCalendar"},{"floor":9,"key":"BookOfRevelations"}],"event_choices":[{"damage_healed":0,"gold_gain":75,"player_choice":"Gather Gold","damage_taken":11,"max_hp_gain":0,"max_hp_loss":0,"event_name":"World of Goop","floor":2,"gold_loss":0},{"damage_healed":0,"gold_gain":0,"player_choice":"Upgraded","damage_taken":0,"max_hp_gain":0,"max_hp_loss":0,"event_name":"Upgrade Shrine","floor":3,"gold_loss":0,"cards_upgraded":["Genetic Algorithm"]}],"is_beta":false,"boss_relics":[],"items_purged_floors":[],"is_endless":false,"potions_floor_spawned":[1,7],"killed_by":"Gremlin Nob","ascension_level":8}}