{"host":"oigynbtg272c19pw","time":1610876078,"event":{"mods":["BaseMod","Colored Map","Minty Spire (QoL Compilation)","Relic Stats","Slay the Relics Exporter","StSLib"],"gold_per_floor":[113,8,0,0,0,35,35,46,46,46,56,21,21,55,55,129,129,147,181,181,20,70,100,100,130,130,147,172,187,8,34,34,105,105,123,135,10,35,35,35,62,116,116,116,338,368,368,403,403,403,403,403,403,25,51,51,51],"floor_reached":56,"playtime":3500,"items_purged":["Strike_G","Strike_G","Defend_G","Strike_G+1"],"score":2047,"play_id":"aa0eaf7e-92bb-4765-8b5e-7a6453b19e28","local_time":"20210117103438","is_ascension_mode":true,"campfire_choices":[{"data":"Blade Dance","floor":7.0,"key":"SMITH"},{"floor":10.0,"key":"REST"},{"data":"Phantasmal Killer","floor":13.0,"key":"SMITH"},{"data":"Accuracy","floor":15.0,"key":"SMITH"},{"data":"Wraith Form v2","floor":24.0,"key":"SMITH"},{"floor":32.0,"key":"REST"},{"data":"Well Laid Plans","floor":40.0,"key":"SMITH"},{"data":"Malaise","floor":44.0,"key":"SMITH"},{"floor":47.0,"key":"REST"},{"floor":49.0,"key":"RECALL"},{"floor":53.0,"key":"REST"}],"circlet_count":0,"master_deck":["AscendersBane","Defend_G","Defend_G","Defend_G","Survivor","Neutralize","Backstab","Blade Dance+1","Backflip","Phantasmal Killer+1","Crippling Poison","Finisher","Accuracy+1","Wraith Form v2+1","Dash","Outmaneuver+1","Terror","Blur","Cloak And Dagger","Backflip","Well Laid Plans+1","Infinite Blades","Escape Plan","Corpse Explosion","Malaise+1","Outmaneuver+1","Adrenaline","Decay","Slice+1","Panacea","Finisher+1"],"relics":["Ring of the Snake","Calipers","Centennial Puzzle","Whetstone","Cursed Key","Red Mask","Medical Kit","Potion Belt","Nunchaku","Pear","Juzu Bracelet","Busted Crown","Torii","Singing Bowl","The Specimen","Molten Egg 2","Ancient Tea Set","Mummified Hand","Bottled Flame"],"acts_visited":["Exordium","TheCity","TheBeyond","TheEnding"],"potions_floor_usage":[],"damage_taken":[{"damage":5.0,"enemies":"2 Louse","floor":1.0,"turns":4.0},{"damage":14.0,"enemies":"3 Sentries","floor":6.0,"turns":7.0},{"damage":0.0,"enemies":"Small Slimes","floor":8.0,"turns":2.0},{"damage":0.0,"enemies":"Jaw Worm","floor":11.0,"turns":1.0},{"damage":20.0,"enemies":"Lagavulin","floor":14.0,"turns":6.0},{"damage":8.0,"enemies":"Hexaghost","floor":16.0,"turns":8.0},{"damage":0.0,"enemies":"Spheric Guardian","floor":18.0,"turns":1.0},{"damage":4.0,"enemies":"Masked Bandits","floor":19.0,"turns":4.0},{"damage":12.0,"enemies":"Slavers","floor":23.0,"turns":7.0},{"damage":5.0,"enemies":"Book of Stabbing","floor":25.0,"turns":6.0},{"damage":11.0,"enemies":"2 Thieves","floor":27.0,"turns":4.0},{"damage":6.0,"enemies":"Slavers","floor":28.0,"turns":5.0},{"damage":0.0,"enemies":"Snecko","floor":29.0,"turns":3.0},{"damage":10.0,"enemies":"Book of Stabbing","floor":31.0,"turns":4.0},{"damage":20.0,"enemies":"Collector","floor":33.0,"turns":8.0},{"damage":2.0,"enemies":"Orb Walker","floor":35.0,"turns":3.0},{"damage":0.0,"enemies":"3 Shapes","floor":36.0,"turns":4.0},{"damage":0.0,"enemies":"Mind Bloom Boss Battle","floor":38.0,"turns":7.0},{"damage":12.0,"enemies":"Giant Head","floor":41.0,"turns":8.0},{"damage":9.0,"enemies":"2 Orb Walkers","floor":42.0,"turns":5.0},{"damage":17.0,"enemies":"Nemesis","floor":46.0,"turns":7.0},{"damage":1.0,"enemies":"Giant Head","floor":48.0,"turns":8.0},{"damage":20.0,"enemies":"Donu and Deca","floor":50.0,"turns":6.0},{"damage":26.0,"enemies":"Time Eater","floor":51.0,"turns":13.0},{"damage":45.0,"enemies":"Shield and Spear","floor":55.0,"turns":6.0},{"damage":48,"enemies":"The Heart","floor":56,"turns":5}],"seed_played":"-1622316045150699776","potions_obtained":[{"floor":1.0,"key":"Strength Potion"},{"floor":6.0,"key":"DuplicationPotion"},{"floor":14.0,"key":"SmokeBomb"},{"floor":16.0,"key":"EntropicBrew"},{"floor":25.0,"key":"GhostInAJar"},{"floor":27.0,"key":"SkillPotion"},{"floor":28.0,"key":"BlessingOfTheForge"},{"floor":35.0,"key":"Energy Potion"},{"floor":36.0,"key":"GhostInAJar"},{"floor":48.0,"key":"DuplicationPotion"},{"floor":55.0,"key":"CunningPotion"}],"is_trial":false,"path_per_floor":["M","$","?","?","?","E","R","M","T","R","M","?","R","E","R","B",null,"M","?","?","$","?","E","R","E","T","M","E","M","$","E","R","B",null,"M","M","$","?","?","R","E","?","T","R","?","E","R","E","R","B","B",null,"R","$","E","B"],"character_chosen":"THE_SILENT","items_purchased":["Blade Dance","Medical Kit","Escape Plan","Panacea","DuplicationPotion","Finisher+1"],"campfire_rested":4,"item_purchase_floors":[2,21,30,54,54,54],"current_hp_per_floor":[39,39,39,32,32,18,18,18,18,37,37,53,53,33,33,25,56,56,52,52,52,52,40,40,35,35,24,28,28,28,18,40,20,62,60,60,60,60,60,60,48,41,41,41,41,26,50,49,49,29,3,61,80,80,37,0,0],"gold":51,"neow_bonus":"ONE_RARE_RELIC","is_daily":false,"chose_seed":false,"campfire_upgraded":6,"win_rate":0.0,"timestamp":1610876078,"path_taken":["M","$","?","?","?","E","R","M","T","R","M","?","R","E","R","BOSS","M","?","?","$","?","E","R","E","T","M","E","?","$","E","R","BOSS","M","M","$","?","?","R","E","?","T","R","?","E","R","E","R","BOSS","BOSS","R","$","E","BOSS"],"items_purchased_type":["Card","Relic","Card","Card","Potion","Card"],"build_version":"2020-12-13","purchased_purges":4,"victory":false,"max_hp_per_floor":[66,66,66,66,66,66,66,66,66,66,66,66,66,66,66,66,66,66,66,66,66,66,66,66,66,66,66,76,76,76,76,76,76,76,76,76,76,76,76,76,76,78,78,78,78,80,80,80,80,80,80,80,80,80,82,82,82],"relic_stats":{"Torii":14,"Singing Bowl":6,"counters":[26,142],"Juzu Bracelet":0,"Whetstone":["Strike_G","Strike_G"],"Cursed Key":1,"Medical Kit":[24],"Centennial Puzzle":[54],"Nunchaku":[26],"Busted Crown":16,"Mummified Hand":[21],"obtain_stats":[{"Potion Belt":23,"Calipers":0,"Pear":28,"Torii":38,"Singing Bowl":41,"The Specimen":42,"Juzu Bracelet":31,"Whetstone":14,"Cursed Key":17,"Medical Kit":21,"Ancient Tea Set":46,"Centennial Puzzle":6,"Nunchaku":25,"Bottled Flame":55,"Busted Crown":34,"Mummified Hand":48,"Molten Egg 2":43,"Red Mask":19,"Ring of the Snake":0},{"Potion Belt":9,"Calipers":0,"Pear":12,"Torii":18,"Singing Bowl":19,"The Specimen":20,"Juzu Bracelet":14,"Whetstone":5,"Cursed Key":6,"Medical Kit":8,"Ancient Tea Set":21,"Centennial Puzzle":2,"Nunchaku":10,"Bottled Flame":25,"Busted Crown":15,"Mummified Hand":22,"Molten Egg 2":20,"Red Mask":8,"Ring of the Snake":0},{"Potion Belt":40,"Calipers":0,"Pear":55,"Torii":84,"Singing Bowl":92,"The Specimen":97,"Juzu Bracelet":62,"Whetstone":20,"Cursed Key":28,"Medical Kit":33,"Ancient Tea Set":104,"Centennial Puzzle":11,"Nunchaku":46,"Bottled Flame":137,"Busted Crown":70,"Mummified Hand":112,"Molten Egg 2":97,"Red Mask":33,"Ring of the Snake":0}],"Ring of the Snake":[52]},"card_choices":[{"not_picked":["Riddle With Holes","Outmaneuver"],"picked":"Backstab","floor":1.0},{"not_picked":["Predator","Reflex"],"picked":"Phantasmal Killer","floor":6.0},{"not_picked":["Deadly Poison","Flying Knee"],"picked":"Crippling Poison","floor":8.0},{"not_picked":["Dodge and Roll","Outmaneuver"],"picked":"Finisher","floor":11.0},{"not_picked":["Deadly Poison","Dodge and Roll"],"picked":"Accuracy","floor":14.0},{"not_picked":["Night Terror","Doppelganger"],"picked":"Wraith Form v2","floor":16.0},{"not_picked":["Distraction","Eviscerate"],"picked":"Dash","floor":18.0},{"not_picked":["Deadly Poison","Prepared"],"picked":"Outmaneuver+1","floor":19.0},{"not_picked":["Quick Slash","Poisoned Stab"],"picked":"Blur","floor":23.0},{"not_picked":["Unload","Setup"],"picked":"Cloak And Dagger","floor":25.0},{"not_picked":["Predator","Cloak And Dagger"],"picked":"Backflip","floor":27.0},{"not_picked":["Quick Slash","Poisoned Stab"],"picked":"Well Laid Plans","floor":28.0},{"not_picked":["Cloak And Dagger","Dagger Spray"],"picked":"Infinite Blades","floor":29.0},{"not_picked":["Backstab","Flechettes"],"picked":"Corpse Explosion","floor":31.0},{"not_picked":["Corpse Explosion","Burst"],"picked":"Malaise","floor":33.0},{"not_picked":[],"picked":"Outmaneuver+1","floor":35.0},{"not_picked":["Choke"],"picked":"SKIP","floor":36.0},{"not_picked":[],"picked":"Adrenaline","floor":41.0},{"not_picked":["Terror"],"picked":"Singing Bowl","floor":42.0},{"not_picked":["Reflex"],"picked":"Singing Bowl","floor":46.0},{"not_picked":[],"picked":"Slice+1","floor":48.0},{"not_picked":["Prepared"],"picked":"Singing Bowl","floor":55.0}],"player_experience":1421644,"relics_obtained":[{"floor":6.0,"key":"Centennial Puzzle"},{"floor":14.0,"key":"Whetstone"},{"floor":19.0,"key":"Red Mask"},{"floor":23.0,"key":"Potion Belt"},{"floor":25.0,"key":"Nunchaku"},{"floor":28.0,"key":"Pear"},{"floor":31.0,"key":"Juzu Bracelet"},{"floor":38.0,"key":"Torii"},{"floor":41.0,"key":"Singing Bowl"},{"floor":42.0,"key":"The Specimen"},{"floor":43.0,"key":"Molten Egg 2"},{"floor":46.0,"key":"Ancient Tea Set"},{"floor":48.0,"key":"Mummified Hand"},{"floor":55.0,"key":"Bottled Flame"}],"event_choices":[{"damage_healed":0.0,"max_hp_gain":0.0,"max_hp_loss":0.0,"gold_gain":0.0,"event_name":"World of Goop","player_choice":"Left Gold","floor":3.0,"gold_loss":8.0,"damage_taken":0.0},{"cards_removed":["Strike_G"],"damage_healed":0.0,"max_hp_gain":0.0,"max_hp_loss":0.0,"gold_gain":0.0,"event_name":"Golden Wing","player_choice":"Card Removal","floor":4.0,"gold_loss":0.0,"damage_taken":7.0},{"damage_healed":0.0,"max_hp_gain":0.0,"max_hp_loss":0.0,"gold_gain":0.0,"cards_transformed":["Defend_G"],"event_name":"Living Wall","player_choice":"Change","floor":5.0,"gold_loss":0.0,"damage_taken":0.0,"cards_obtained":["Backflip"]},{"damage_healed":16.0,"max_hp_gain":0.0,"max_hp_loss":0.0,"gold_gain":0.0,"event_name":"The Cleric","player_choice":"Healed","floor":12.0,"gold_loss":35.0,"damage_taken":0.0},{"damage_healed":0.0,"max_hp_gain":0.0,"max_hp_loss":0.0,"gold_gain":0.0,"event_name":"Masked Bandits","player_choice":"Fought Bandits","floor":19.0,"gold_loss":0.0,"damage_taken":0.0},{"damage_healed":0.0,"max_hp_gain":0.0,"max_hp_loss":0.0,"gold_gain":0.0,"event_name":"The Library","player_choice":"Read","floor":20.0,"gold_loss":0.0,"damage_taken":0.0,"cards_obtained":["Terror"]},{"damage_healed":0.0,"max_hp_gain":0.0,"max_hp_loss":0.0,"gold_gain":50.0,"event_name":"Nest","player_choice":"Stole From Cult","floor":22.0,"gold_loss":0.0,"damage_taken":0.0},{"damage_healed":0.0,"max_hp_gain":0.0,"max_hp_loss":0.0,"gold_gain":0.0,"event_name":"MindBloom","player_choice":"Fight","floor":38.0,"gold_loss":0.0,"damage_taken":0.0},{"cards_removed":["Strike_G"],"damage_healed":0.0,"max_hp_gain":0.0,"max_hp_loss":0.0,"gold_gain":0.0,"event_name":"Falling","player_choice":"Removed Attack","floor":39.0,"gold_loss":0.0,"damage_taken":0.0},{"damage_healed":0.0,"max_hp_gain":0.0,"max_hp_loss":0.0,"gold_gain":0.0,"event_name":"Mysterious Sphere","player_choice":"Fight","floor":42.0,"gold_loss":0.0,"damage_taken":0.0},{"damage_healed":0.0,"max_hp_gain":0.0,"max_hp_loss":0.0,"gold_gain":222.0,"event_name":"Tomb of Lord Red Mask","player_choice":"Wore Mask","floor":45.0,"gold_loss":0.0,"damage_taken":0.0}],"is_beta":false,"boss_relics":[{"not_picked":["Astrolabe","Calling Bell"],"picked":"Cursed Key"},{"not_picked":["SacredBark","HoveringKite"],"picked":"Busted Crown"}],"items_purged_floors":[2,30,37,54],"is_endless":false,"potions_floor_spawned":[1,6,14,16,25,27,28,35,36,38,48,55],"killed_by":"The Heart","ascension_level":20}}