{"host":"lxihx0b6awoz2w1j","time":1610924638,"event":{"mods":["Act Like it!","BaseMod","Better Third Choice","CapriCore","Colored Powertips","Conspire","Fox Events","Gensokyo","Hermit","Hubris","Infinite Spire","JesterMod","Luminous","Marisa????????","Melee Mod","Minty Spire (QoL Compilation)","Prisma Mod","Quick Restart","Relic Stats","Replay The Spire","Shade Mod","Spicy Shops","StSLib","The Alterego","The Blue Laboratory","The Cursed","The Disciple","The Forsaken","The Gatherer","The Immortal","The Jungle","The Marked","The Runesmith","The Senshi","The Servant 0.9.4","The Spell Scribe","Waifu the Spire"],"gold_per_floor":[209,220,230,248,248,281,281,291,291,316,346,346,2,37,37,142,187,209,209,221,230,230,230,258,258,282,307,307,341,368,421,421,535,544,544,544],"floor_reached":35,"language":"ENG","playtime":2525,"items_purged":[],"score":461,"play_id":"5f4feedc-4bda-440d-9ab4-36ec77f682d0","local_time":"20210118000358","is_ascension_mode":true,"campfire_choices":[{"floor":7.0,"key":"REST"},{"floor":12.0,"key":"REST"},{"floor":15.0,"key":"DIG"},{"data":"infinitespire:Oblivion","floor":23.0,"key":"SMITH"},{"data":"infinitespire:NeuralNetwork","floor":25.0,"key":"SMITH"},{"data":"theSenshi:UranusStrength","floor":28.0,"key":"SMITH"},{"floor":32.0,"key":"DIG"}],"circlet_count":0,"master_deck":["theSenshi:SailorKick","theSenshi:SailorKick","theSenshi:SailorKick","theSenshi:SailorKick","theSenshi:SailorBlock","theSenshi:SailorBlock","theSenshi:SailorBlock","theSenshi:SailorBlock","theSenshi:RoseThrow","theSenshi:MoonPrismPowerMakeUp","theSenshi:MoonPunch","theSenshi:SailorVenusAssists","theSenshi:SailorMercuryAssists","theSenshi:Sidestep","theSenshi:InTheNickOfTime","theSenshi:MoonCosmicPowerMakeUp","theSenshi:SailorMercuryAssists","theSenshi:MoonsReflection","theSenshi:ChibiMoonsLove+1","theSenshi:TuxedoSmokingBomber","theSenshi:MoonCosmicPowerMakeUp","theSenshi:SailorNeptuneAssists","theSenshi:MercurysCunning","theSenshi:JupitersPower","Writhe","Zap","theSenshi:SailorStarHealerAssists","Discovery","infinitespire:NeuralNetwork+1","theSenshi:MoonTiaraMagic","infinitespire:Oblivion+1","Coolheaded","theSenshi:UranusStrength+1","theSenshi:SailorStarFighterAssists+1","theSenshi:MoonKick+1","infinitespire:Punishment","Glacier","theSenshi:GlimpseOfThePast","hubris:Wrath"],"relics":["theSenshi:TransformationBroochRelic","Membership Card","conspire:DeflatedDodgeball","The Courier","infinitespire:CursedDice","theSenshi:TiaraRelic","Odd Mushroom","hubris:BundleOfHerbs","infinitespire:EmpoweringShard","conspire:TopHat","CeramicFish","ReplayTheSpireMod:SealedPack","MutagenicStrength","Boot","hubris:DisguiseKit","Dream Catcher","Akabeko","conspire:Boomerang","infinitespire:Bottled Soul","Replay:Ancient Bell","Omamori","theSenshi:FeatherClipsRelic","Calipers"],"acts_visited":["Exordium","TheCity","TheBeyond"],"potions_floor_usage":[],"damage_taken":[{"damage":4.0,"enemies":"infinitespire:Voidling","floor":1.0,"turns":3.0},{"damage":0.0,"enemies":"Cultist","floor":2.0,"turns":3.0},{"damage":0.0,"enemies":"conspire:RoseBush","floor":3.0,"turns":2.0},{"damage":8.0,"enemies":"Exordium Wildlife","floor":4.0,"turns":5.0},{"damage":6.0,"enemies":"Lagavulin","floor":6.0,"turns":7.0},{"damage":0.0,"enemies":"3 Louse","floor":8.0,"turns":4.0},{"damage":20.0,"enemies":"Gremlin Nob","floor":10.0,"turns":5.0},{"damage":0.0,"enemies":"The Mushroom Lair","floor":11.0,"turns":6.0},{"damage":24.0,"enemies":"Lagavulin","floor":14.0,"turns":11.0},{"damage":39.0,"enemies":"The Guardian","floor":16.0,"turns":19.0},{"damage":12.0,"enemies":"Spheric Guardian","floor":18.0,"turns":5.0},{"damage":0.0,"enemies":"Chosen","floor":20.0,"turns":7.0},{"damage":26.0,"enemies":"Centurion and Healer","floor":24.0,"turns":5.0},{"damage":13.0,"enemies":"Sentry and Sphere","floor":27.0,"turns":6.0},{"damage":38.0,"enemies":"Slavers","floor":29.0,"turns":8.0},{"damage":12.0,"enemies":"Snake Plant","floor":30.0,"turns":3.0},{"damage":20.0,"enemies":"Nightmare","floor":31.0,"turns":7.0},{"damage":57,"enemies":"Champ","floor":33,"turns":8},{"damage":13,"enemies":"3 Darklings","floor":35,"turns":2}],"seed_played":"335130293353788459","potions_obtained":[{"floor":1.0,"key":"SkillPotion"},{"floor":4.0,"key":"blueLaboratory:CorrosionFlask"},{"floor":8.0,"key":"Energy Potion"},{"floor":10.0,"key":"Block Potion"},{"floor":11.0,"key":"FairyPotion"},{"floor":18.0,"key":"blueLaboratory:BubblePotion"},{"floor":29.0,"key":"Explosive Potion"}],"is_trial":false,"path_per_floor":["M","M","M","M","$","E","R","M","T","E","?","R","$","E","R","B",null,"M","?","M","AVR","T","R","M","R","T","M","R","E","M","NM","R","B",null,"M"],"character_chosen":"THE_SENSHI","items_purchased":["Membership Card","conspire:DeflatedDodgeball","hubris:BundleOfHerbs","theSenshi:ChibiMoonsLove+1","theSenshi:TuxedoSmokingBomber","theSenshi:MoonCosmicPowerMakeUp","infinitespire:EmpoweringShard","theSenshi:SailorNeptuneAssists"],"campfire_rested":2,"item_purchase_floors":[5,5,13,13,13,13,13,13],"current_hp_per_floor":[75,75,75,67,41,35,57,57,57,37,37,59,59,50,50,58,75,63,63,75,75,75,75,69,69,69,61,61,43,53,38,38,1,75,62,62],"gold":544,"neow_bonus":"HUNDRED_GOLD","is_daily":false,"chose_seed":false,"campfire_upgraded":3,"win_rate":0.0,"timestamp":1610924638,"path_taken":["M","M","M","?","?","E","R","M","T","E","?","R","$","E","R","BOSS","M","?","M","AVR","?","R","M","R","T","M","R","E","M","NM","R","BOSS","M"],"items_purchased_type":["Relic","Relic","Relic","Card","Card","Card","Relic","Card"],"build_version":"2020-12-22","purchased_purges":0,"victory":false,"max_hp_per_floor":[75,75,75,75,75,75,75,75,75,75,75,75,75,75,75,75,75,75,75,75,75,75,75,75,75,75,75,75,75,75,75,75,75,75,75,75],"relic_stats":{"Dream Catcher":0,"counters":[19,115],"CeramicFish":144,"Boot":[4],"obtain_stats":[{"hubris:DisguiseKit":22,"Calipers":34,"infinitespire:CursedDice":9,"CeramicFish":15,"The Courier":6,"ReplayTheSpireMod:SealedPack":17,"conspire:Boomerang":31,"Replay:Ancient Bell":34,"Omamori":34,"theSenshi:FeatherClipsRelic":34,"Odd Mushroom":11,"Boot":21,"theSenshi:TiaraRelic":10,"conspire:TopHat":14,"Akabeko":29,"Dream Catcher":26,"theSenshi:TransformationBroochRelic":0,"infinitespire:Bottled Soul":32,"MutagenicStrength":19,"hubris:BundleOfHerbs":13,"infinitespire:EmpoweringShard":13,"Membership Card":5,"conspire:DeflatedDodgeball":5},{"hubris:DisguiseKit":12,"Calipers":18,"infinitespire:CursedDice":6,"CeramicFish":9,"The Courier":5,"ReplayTheSpireMod:SealedPack":10,"conspire:Boomerang":17,"Replay:Ancient Bell":18,"Omamori":18,"theSenshi:FeatherClipsRelic":18,"Odd Mushroom":8,"Boot":12,"theSenshi:TiaraRelic":7,"conspire:TopHat":9,"Akabeko":15,"Dream Catcher":13,"theSenshi:TransformationBroochRelic":0,"infinitespire:Bottled Soul":17,"MutagenicStrength":11,"hubris:BundleOfHerbs":8,"infinitespire:EmpoweringShard":8,"Membership Card":4,"conspire:DeflatedDodgeball":4},{"hubris:DisguiseKit":77,"Calipers":114,"infinitespire:CursedDice":24,"CeramicFish":46,"The Courier":20,"ReplayTheSpireMod:SealedPack":65,"conspire:Boomerang":106,"Replay:Ancient Bell":114,"Omamori":114,"theSenshi:FeatherClipsRelic":114,"Odd Mushroom":35,"Boot":77,"theSenshi:TiaraRelic":29,"conspire:TopHat":46,"Akabeko":96,"Dream Catcher":82,"theSenshi:TransformationBroochRelic":0,"infinitespire:Bottled Soul":106,"MutagenicStrength":70,"hubris:BundleOfHerbs":35,"infinitespire:EmpoweringShard":35,"Membership Card":13,"conspire:DeflatedDodgeball":13}]},"card_choices":[{"not_picked":["theSenshi:SailorMercuryAssists","theSenshi:LunasBite"],"picked":"theSenshi:MoonPunch","floor":1.0},{"not_picked":["theSenshi:InTheNickOfTime","theSenshi:OdangoHead"],"picked":"theSenshi:SailorVenusAssists","floor":2.0},{"not_picked":["theSenshi:Sidestep","theSenshi:LateForSchool"],"picked":"theSenshi:SailorMercuryAssists","floor":3.0},{"not_picked":["theSenshi:EncouragingSpeech","theSenshi:SailorMercuryAssists"],"picked":"theSenshi:Sidestep","floor":4.0},{"not_picked":["theSenshi:TuxedoSmokingBomber","theSenshi:DramaticEntrance"],"picked":"theSenshi:InTheNickOfTime","floor":6.0},{"not_picked":["theSenshi:SailorMercuryAssists","theSenshi:YouCanTalk"],"picked":"theSenshi:MoonCosmicPowerMakeUp","floor":8.0},{"not_picked":["theSenshi:NeptunesGrace","theSenshi:MoonsReflection"],"picked":"theSenshi:SailorMercuryAssists","floor":10.0},{"not_picked":["theSenshi:InTheNameOfTheMoon","theSenshi:DramaticEntrance"],"picked":"theSenshi:MoonsReflection","floor":11.0},{"not_picked":["theSenshi:TuxedoSmokingBomber","theSenshi:LunasBite"],"picked":"theSenshi:MercurysCunning","floor":14.0},{"not_picked":["theSenshi:StudyParty","theSenshi:SailorCosmosAssists"],"picked":"theSenshi:JupitersPower","floor":16.0},{"not_picked":["Dualcast","Luminous:Switch_Luminous"],"picked":"Zap","floor":17.0},{"not_picked":["theSenshi:InTheNameOfTheMoon","theSenshi:SailorPlutoAssists"],"picked":"theSenshi:SailorStarHealerAssists","floor":17.0},{"not_picked":["Purity","Replay:Sssssssssshield"],"picked":"Discovery","floor":17.0},{"not_picked":["ReplayTheSpireMod:Echoes of Time","infinitespire:SealOfDarkness+"],"picked":"infinitespire:NeuralNetwork","floor":17.0},{"not_picked":["theSenshi:SailorPlanetPower+1","theSenshi:MercurysCunning"],"picked":"theSenshi:MoonTiaraMagic","floor":18.0},{"not_picked":["theSenshi:LateForSchool","theSenshi:MercurysCunning","theSenshi:SailorVenusAssists"],"picked":"SKIP","floor":20.0},{"not_picked":["theSenshi:InTheNickOfTime+1","theSenshi:TuxedoSmokingBomber","theSenshi:LunasBite"],"picked":"Coolheaded","floor":24.0},{"not_picked":["theSenshi:SailorStarFighterAssists","theSenshi:TallSilhouette","Darkness"],"picked":"theSenshi:UranusStrength","floor":27.0},{"not_picked":["theSenshi:GatheringStrength","theSenshi:SilverMoonCrystalPowerKiss","Rebound"],"picked":"theSenshi:SailorStarFighterAssists+1","floor":29.0},{"not_picked":["theSenshi:SchoolBag+1","theSenshi:MoonPrincessHalation","Sweeping Beam"],"picked":"theSenshi:MoonKick+1","floor":30.0},{"not_picked":["Replay:Fractal Strike","infinitespire:Execution"],"picked":"infinitespire:Punishment","floor":31.0},{"not_picked":["theSenshi:Sidestep","theSenshi:LunaWiseMentor+1","theSenshi:GatheringStrength"],"picked":"Glacier","floor":31.0},{"not_picked":["theSenshi:SilverMoonCrystalPowerKiss","theSenshi:FatedKiss","hubris:DoWhile"],"picked":"theSenshi:GlimpseOfThePast","floor":33},{"not_picked":["ReplayTheSpireMod:Splinters","hubris:Sloth","Sickly"],"picked":"CurseOfTheBell","floor":34},{"not_picked":["Shame","Writhe","Replay:Sluggish"],"picked":"Normality","floor":34},{"not_picked":["Spreading Infection","Voices","Gensokyo:ImpossibleRequest"],"picked":"hubris:Wrath","floor":34}],"player_experience":630055,"relics_obtained":[{"floor":6.0,"key":"The Courier"},{"floor":9.0,"key":"infinitespire:CursedDice"},{"floor":10.0,"key":"theSenshi:TiaraRelic"},{"floor":11.0,"key":"Odd Mushroom"},{"floor":14.0,"key":"conspire:TopHat"},{"floor":15.0,"key":"CeramicFish"},{"floor":22.0,"key":"hubris:DisguiseKit"},{"floor":26.0,"key":"Dream Catcher"},{"floor":29.0,"key":"Akabeko"},{"floor":31.0,"key":"conspire:Boomerang"},{"floor":32.0,"key":"infinitespire:Bottled Soul"}],"event_choices":[{"damage_healed":0.0,"max_hp_gain":0.0,"max_hp_loss":0.0,"gold_gain":0.0,"event_name":"Mushrooms","player_choice":"Fought Mushrooms","floor":11.0,"gold_loss":0.0,"damage_taken":0.0},{"damage_healed":0.0,"max_hp_gain":0.0,"max_hp_loss":0.0,"gold_gain":0.0,"event_name":"Drug Dealer","player_choice":"Inject Mutagens","floor":19.0,"gold_loss":0.0,"damage_taken":0.0,"relics_obtained":["MutagenicStrength"]}],"is_beta":false,"boss_relics":[{"not_picked":["Empty Cage","theSenshi:MoonKaleidoScopeRelic"],"picked":"ReplayTheSpireMod:SealedPack"},{"not_picked":["theSenshi:EternalSailorFukuRelic","conspire:SpecialSausage"],"picked":"Replay:Ancient Bell"},{"not_picked":["Replay:Rubber Ducky","Runesmith:AutoHammer"],"picked":"Omamori"},{"not_picked":["hubris:MobiusCoin","hubris:TinFlute"],"picked":"theSenshi:FeatherClipsRelic"},{"not_picked":["infinitespire:Lychee Nut","Bird Faced Urn"],"picked":"Calipers"}],"items_purged_floors":[],"is_endless":true,"potions_floor_spawned":[1,4,8,10,11,18,29,31,33],"killed_by":"3 Darklings","ascension_level":1}}