{"host":"bg8va46pgqgvtzim","time":1610854746,"event":{"mods":["BaseMod","Minty Spire (QoL Compilation)","Quick Restart","StSLib","SuperFastMode","¡¾ÒÅÎï¿¨ÅÆ¡¿REMEMod"],"gold_per_floor":[117,131,145,145,197,197,225,225,271,301,321,331,331,366,366,463,463,478,489,489,502,502,529,529,581,581,612,612,632,645,502,502,601,601,619,629,646,660,670,695,695,721,721,731,759,759,264,264,264,294,294],"floor_reached":50,"language":"ZHS","playtime":1096,"items_purged":["Strike_P","Strike_P"],"score":779,"play_id":"494eeda1-6043-4207-96f3-8b6920da06a6","local_time":"20210117113906","is_ascension_mode":true,"campfire_choices":[{"data":"Eruption","floor":6.0,"key":"SMITH"},{"data":"Bludgeon","floor":8.0,"key":"SMITH"},{"data":"Prostrate","floor":13.0,"key":"SMITH"},{"data":"TalkToTheHand","floor":15.0,"key":"SMITH"},{"data":"Pray","floor":24.0,"key":"SMITH"},{"floor":32.0,"key":"REST"},{"floor":41.0,"key":"REST"},{"floor":46.0,"key":"REST"},{"floor":49,"key":"RECALL"}],"circlet_count":0,"master_deck":["Strike_P+1","Defend_P+1","Defend_P","Defend_P+1","Eruption+1","Vigilance","Bludgeon+1","Vengeance","Perseverance","MasterReality","Adaptation+1","Prostrate+1","TalkToTheHand+1","DeusExMachina+1","CrushJoints+1","TalkToTheHand","Pray+1","Clumsy","Tantrum","Collect","Pray","Pray","LessonLearned+1","MentalFortress+1","Wallop+1","Study+1","InnerPeace+1","Adaptation+1","Meditate","Clumsy","FlurryOfBlows"],"relics":["PureWater","REME_ComplimentaryCards","Omamori","Mercury Hourglass","Tiny Chest","REME_LimitBreaker","Letter Opener","Cursed Key","Bronze Scales","PreservedInsect","Anchor","Enchiridion","VioletLotus","MealTicket","War Paint","TeardropLocket","Oddly Smooth Stone","Shuriken","Damaru"],"acts_visited":["Exordium","TheCity","TheBeyond"],"potions_floor_usage":[50],"damage_taken":[{"damage":6.0,"enemies":"Jaw Worm","floor":1.0,"turns":3.0},{"damage":0.0,"enemies":"Small Slimes","floor":2.0,"turns":2.0},{"damage":0.0,"enemies":"Cultist","floor":3.0,"turns":2.0},{"damage":0.0,"enemies":"Lagavulin","floor":7.0,"turns":3.0},{"damage":0.0,"enemies":"Gremlin Nob","floor":10.0,"turns":2.0},{"damage":0.0,"enemies":"Exordium Wildlife","floor":11.0,"turns":2.0},{"damage":0.0,"enemies":"Large Slime","floor":12.0,"turns":3.0},{"damage":1.0,"enemies":"3 Sentries","floor":14.0,"turns":5.0},{"damage":30.0,"enemies":"Slime Boss","floor":16.0,"turns":4.0},{"damage":0.0,"enemies":"Spheric Guardian","floor":18.0,"turns":2.0},{"damage":10.0,"enemies":"Chosen","floor":19.0,"turns":2.0},{"damage":10.0,"enemies":"Centurion and Healer","floor":21.0,"turns":4.0},{"damage":0.0,"enemies":"REME_1_Revenger","floor":23.0,"turns":2.0},{"damage":18.0,"enemies":"Book of Stabbing","floor":27.0,"turns":3.0},{"damage":0.0,"enemies":"Snecko","floor":29.0,"turns":2.0},{"damage":0.0,"enemies":"Shelled Parasite and Fungi","floor":30.0,"turns":3.0},{"damage":15.0,"enemies":"Collector","floor":33.0,"turns":5.0},{"damage":15.0,"enemies":"Orb Walker","floor":35.0,"turns":6.0},{"damage":0.0,"enemies":"3 Shapes","floor":36.0,"turns":3.0},{"damage":11.0,"enemies":"Sphere and 2 Shapes","floor":37.0,"turns":6.0},{"damage":11.0,"enemies":"Jaw Worm Horde","floor":38.0,"turns":5.0},{"damage":4.0,"enemies":"Writhing Mass","floor":39.0,"turns":7.0},{"damage":8.0,"enemies":"Giant Head","floor":40.0,"turns":7.0},{"damage":17.0,"enemies":"Reptomancer","floor":42.0,"turns":7.0},{"damage":3.0,"enemies":"Maw","floor":44.0,"turns":4.0},{"damage":0.0,"enemies":"Giant Head","floor":45.0,"turns":4.0},{"damage":52,"enemies":"Awakened One","floor":50,"turns":3}],"seed_played":"5946731787832529426","potions_obtained":[{"floor":2.0,"key":"EssenceOfSteel"},{"floor":7.0,"key":"BottledMiracle"},{"floor":14.0,"key":"BlessingOfTheForge"},{"floor":16.0,"key":"Swift Potion"},{"floor":27.0,"key":"LiquidBronze"},{"floor":29.0,"key":"GamblersBrew"},{"floor":35.0,"key":"Weak Potion"},{"floor":36.0,"key":"PowerPotion"},{"floor":37.0,"key":"Weak Potion"},{"floor":45.0,"key":"REME_GoldPotion"}],"is_trial":false,"path_per_floor":["M","M","M","?","T","R","E","R","T","E","M","M","R","E","R","B",null,"M","M","?","M","?","E","R","T","T","E","?","M","M","$","R","B",null,"M","M","M","M","M","E","R","E","T","M","E","R","$","T","R","B"],"character_chosen":"WATCHER","items_purchased":["Pray","Shuriken","Damaru"],"campfire_rested":3,"item_purchase_floors":[31,47,47],"current_hp_per_floor":[59,59,59,59,59,59,59,59,59,59,59,59,59,58,58,28,65,65,55,55,45,45,45,45,45,45,27,11,11,11,11,30,15,65,50,50,39,28,24,16,35,18,18,15,15,34,49,49,49,0,0],"gold":294,"neow_bonus":"REMOVE_TWO","is_daily":false,"chose_seed":false,"campfire_upgraded":5,"win_rate":0.0,"timestamp":1610854746,"path_taken":["M","M","M","?","?","R","E","R","T","E","M","M","R","E","R","BOSS","M","M","?","?","?","E","R","?","T","E","?","?","M","$","R","BOSS","M","M","M","?","M","E","R","E","T","M","E","R","$","?","R","BOSS"],"items_purchased_type":["Card","Relic","Relic"],"build_version":"2020-12-22","purchased_purges":2,"victory":false,"max_hp_per_floor":[65,65,65,65,65,65,65,65,65,65,65,65,65,65,65,65,65,65,65,65,65,65,65,65,65,65,65,65,65,65,65,65,65,65,65,65,65,65,65,65,65,65,65,65,65,65,65,65,65,65,65],"card_choices":[{"not_picked":["Perseverance","SignatureMove"],"picked":"Vengeance","floor":1.0},{"not_picked":["Nirvana","Crescendo"],"picked":"Perseverance","floor":2.0},{"not_picked":["Worship","REME_MusicOfDeath","WindmillStrike"],"picked":"SKIP","floor":3.0},{"not_picked":["ClearTheMind","REME_Repentance"],"picked":"MasterReality","floor":7.0},{"not_picked":["CrushJoints","WindmillStrike"],"picked":"Adaptation","floor":10.0},{"not_picked":["PathToVictory","REME_MusicOfDeath","Weave"],"picked":"SKIP","floor":11.0},{"not_picked":["Fasting2","LikeWater"],"picked":"Prostrate","floor":12.0},{"not_picked":["Protect","Worship"],"picked":"TalkToTheHand","floor":14.0},{"not_picked":["Devotion","Alpha"],"picked":"DeusExMachina","floor":16.0},{"not_picked":["JustLucky","ClearTheMind"],"picked":"CrushJoints+1","floor":18.0},{"not_picked":["ThirdEye","CrushJoints+1"],"picked":"TalkToTheHand","floor":19.0},{"not_picked":["Wish","EmptyBody","PathToVictory+1"],"picked":"SKIP","floor":21.0},{"not_picked":["Fasting2","FlyingSleeves+1"],"picked":"Pray","floor":23.0},{"not_picked":["JustLucky","Crescendo+1"],"picked":"Tantrum","floor":27.0},{"not_picked":["SandsOfTime","Protect"],"picked":"Collect","floor":29.0},{"not_picked":["EmptyFist","WheelKick"],"picked":"Pray","floor":30.0},{"not_picked":["ConjureBlade","Scrawl"],"picked":"LessonLearned","floor":33.0},{"not_picked":["ClearTheMind+1","FollowUp"],"picked":"MentalFortress","floor":35.0},{"not_picked":["DeceiveReality","Worship","JustLucky"],"picked":"SKIP","floor":36.0},{"not_picked":["CarveReality","FearNoEvil+1"],"picked":"Wallop+1","floor":37.0},{"not_picked":["Crescendo+1","Evaluate+1"],"picked":"Study","floor":38.0},{"not_picked":["SignatureMove","Crescendo"],"picked":"InnerPeace+1","floor":39.0},{"not_picked":["ThirdEye","Protect"],"picked":"Adaptation+1","floor":40.0},{"not_picked":["Establishment","Halt"],"picked":"Meditate","floor":42.0},{"not_picked":["FlyingSleeves","CutThroughFate"],"picked":"FlurryOfBlows","floor":44.0},{"not_picked":["Protect+1","REME_Repentance","FlyingSleeves"],"picked":"SKIP","floor":45.0}],"player_experience":2265848,"relics_obtained":[{"floor":5.0,"key":"Omamori"},{"floor":7.0,"key":"Mercury Hourglass"},{"floor":9.0,"key":"Tiny Chest"},{"floor":10.0,"key":"REME_LimitBreaker"},{"floor":14.0,"key":"Letter Opener"},{"floor":23.0,"key":"Bronze Scales"},{"floor":26.0,"key":"PreservedInsect"},{"floor":27.0,"key":"Anchor"},{"floor":28.0,"key":"Enchiridion"},{"floor":40.0,"key":"MealTicket"},{"floor":42.0,"key":"War Paint"},{"floor":43.0,"key":"TeardropLocket"},{"floor":45.0,"key":"Oddly Smooth Stone"}],"event_choices":[{"damage_healed":0.0,"max_hp_gain":0.0,"max_hp_loss":0.0,"gold_gain":0.0,"event_name":"Liars Game","player_choice":"Ignored","floor":4.0,"gold_loss":0.0,"damage_taken":0.0},{"damage_healed":0.0,"max_hp_gain":0.0,"max_hp_loss":0.0,"gold_gain":0.0,"event_name":"Wheel of Change","player_choice":"Cursed","floor":20.0,"gold_loss":0.0,"damage_taken":0.0,"cards_obtained":["Decay"]},{"damage_healed":0.0,"max_hp_gain":0.0,"max_hp_loss":0.0,"gold_gain":0.0,"event_name":"Ghosts","player_choice":"Ignored","floor":22.0,"gold_loss":0.0,"damage_taken":0.0},{"damage_healed":0.0,"max_hp_gain":0.0,"max_hp_loss":0.0,"gold_gain":0.0,"event_name":"Cursed Tome","player_choice":"Obtained Book","floor":28.0,"gold_loss":0.0,"damage_taken":16.0}],"is_beta":false,"boss_relics":[{"not_picked":["Snecko Eye","Runic Pyramid"],"picked":"Cursed Key"},{"not_picked":["Sozu","REME_LowDesire"],"picked":"VioletLotus"}],"items_purged_floors":[31,47],"is_endless":false,"potions_floor_spawned":[2,7,14,16,18,27,29,35,36,37,45],"killed_by":"Awakened One","ascension_level":1}}