{"host":"z34yzn8hj4ic20ef","time":1610866289,"event":{"mods":["AchievementEnabler","BaseMod","Downfall","Minty Spire (QoL Compilation)","StSLib","SuperFastMode"],"gold_per_floor":[99,114,125,144,56,75,99,99,99,118,145,161,161,71,82,82,82],"floor_reached":16,"language":"ENG","playtime":4598,"items_purged":["Writhe"],"score":104,"play_id":"d3f2c1a8-a713-4c55-95eb-18656d581a9f","local_time":"20210117155129","is_ascension_mode":false,"campfire_choices":[{"data":"bronze:Goto","floor":1,"key":"SMITH"},{"data":"bronze:CloningBeam","floor":8,"key":"SMITH"},{"data":"bronze:DelayedSlice","floor":13,"key":"SMITH"}],"circlet_count":0,"master_deck":["bronze:Strike","bronze:Strike","bronze:Strike","bronze:Strike","bronze:Defend","bronze:Defend+1","bronze:Defend+1","bronze:Defend","bronze:Replicate+1","bronze:Goto+1","bronze:NullPointer+1","bronze:WhirlingStrike","bronze:Assembly","bronze:BronzeOrb","bronze:CloningBeam+1","bronze:DelayedSlice+1","bronze:Virus","bronze:Fortify","bronze:SpaghettiCode","bronze:Frontload"],"relics":["bronze:BronzeCore","War Paint","Pen Nib"],"acts_visited":["Exordium"],"potions_floor_usage":[16,16,16],"damage_taken":[{"damage":0,"enemies":"Small Slimes","floor":2,"turns":3},{"damage":0,"enemies":"Cultist","floor":3,"turns":3},{"damage":0,"enemies":"2 Louse","floor":4,"turns":2},{"damage":0,"enemies":"downfall:FleeingMerchant","floor":5,"turns":4},{"damage":0,"enemies":"Exordium Wildlife","floor":6,"turns":2},{"damage":0,"enemies":"Lots of Slimes","floor":10,"turns":4},{"damage":48,"enemies":"3 Sentries","floor":11,"turns":13},{"damage":0,"enemies":"2 Fungi Beasts","floor":12,"turns":2},{"damage":0,"enemies":"downfall:FleeingMerchant","floor":14,"turns":4},{"damage":0,"enemies":"Blue Slaver","floor":15,"turns":1},{"damage":29,"enemies":"IC_STATUS_ARCHETYPE","floor":16,"turns":8}],"seed_played":"-4149845698636724742","potions_obtained":[{"floor":3,"key":"FearPotion"},{"floor":4,"key":"BlessingOfTheForge"},{"floor":10,"key":"Explosive Potion"}],"is_trial":false,"path_per_floor":["R","M","M","M","$","M","T","R","?","M","E","M","R","$","M","B"],"character_chosen":"THE_AUTOMATON","items_purchased":["bronze:BronzeOrb"],"campfire_rested":0,"item_purchase_floors":[5],"current_hp_per_floor":[77,77,77,77,77,77,77,77,77,77,29,29,29,29,29,0,0],"gold":82,"neow_bonus":"TEN_PERCENT_HP_BONUS","is_daily":false,"chose_seed":false,"campfire_upgraded":3,"win_rate":0.0,"timestamp":1610866289,"path_taken":["R","M","M","M","$","M","T","R","?","?","E","M","R","$","M","BOSS"],"items_purchased_type":["Card"],"build_version":"2020-12-22","purchased_purges":1,"victory":false,"max_hp_per_floor":[77,77,77,77,77,77,77,77,77,77,77,77,77,77,77,77,77],"card_choices":[{"not_picked":["bronze:Invalidate","bronze:DigitalCarnage"],"picked":"bronze:NullPointer","floor":2},{"not_picked":["bronze:BitShift","bronze:DelayedGuard","bronze:BugBarrage"],"picked":"SKIP","floor":3},{"not_picked":["bronze:Turbo","bronze:Repulsor"],"picked":"bronze:WhirlingStrike","floor":4},{"not_picked":["bronze:ForceShield","bronze:Return"],"picked":"bronze:Assembly","floor":5},{"not_picked":["bronze:NullPointer","bronze:ForceShield"],"picked":"bronze:CloningBeam","floor":6},{"not_picked":["bronze:CutThrough","bronze:Return"],"picked":"bronze:DelayedSlice","floor":10},{"not_picked":["bronze:DelayedSlice","bronze:Deprecate"],"picked":"bronze:Virus","floor":11},{"not_picked":["bronze:GetLatest","bronze:CloningBeam"],"picked":"bronze:Fortify","floor":12},{"not_picked":["bronze:Mutator","bronze:Return"],"picked":"bronze:SpaghettiCode","floor":14},{"not_picked":["bronze:BugBarrage","bronze:Safeguard"],"picked":"bronze:Frontload","floor":15}],"player_experience":871215,"relics_obtained":[{"floor":7,"key":"War Paint"},{"floor":11,"key":"Pen Nib"}],"event_choices":[],"is_beta":false,"boss_relics":[],"items_purged_floors":[14],"is_endless":false,"potions_floor_spawned":[3,4,10],"killed_by":"IC_STATUS_ARCHETYPE","ascension_level":0}}