{"host":"87e8r31j2s2gs0rw","time":1610882402,"event":{"mods":["BaseMod","BetterRewards","Colored Powertips","Downfall","Minty Spire (QoL Compilation)","Shop Mod","StSLib","The Bug Knight"],"gold_per_floor":[113,124,140,158,168,195,195,50,50,50,125,125,125,136,136,231,231,250,266,176,186,200,235,85,110,182,195,213,228,98,123,123,221,221,240,290,290,302,302,302,317,417,440,440,440,440],"floor_reached":45,"language":"ENG","playtime":25283,"items_purged":[],"score":532,"play_id":"0fe9904c-38d8-49be-a7c8-2b57c5fcf355","local_time":"20210117122002","is_ascension_mode":false,"campfire_choices":[{"data":"HollowMod:FocusHealStart","floor":7.0,"key":"SMITH"},{"floor":12.0,"key":"REST"},{"data":"HollowMod:PureNailStrike","floor":15.0,"key":"SMITH"},{"floor":32.0,"key":"REST"},{"data":"HollowMod:SlysStrikes","floor":40,"key":"SMITH"},{"floor":44,"key":"REST"}],"circlet_count":0,"master_deck":["HollowMod:NailStrikeStart","HollowMod:NailStrikeStart","HollowMod:NailStrikeStart","HollowMod:NailStrikeStart","HollowMod:QuickDashStart","HollowMod:QuickDashStart","HollowMod:FocusHealStart+1","HollowMod:PogoStrike","HollowMod:NewLittleFool","HollowMod:PureNailStrike+1","HollowMod:GrimmsGift","HollowMod:LifebloodCocoon","HollowMod:PerfectDash","HollowMod:DoubleDash","Iron Wave","HollowMod:GreatSlash+1","HollowMod:AwokenDreamNail","HollowMod:MonarchWings","HollowMod:FastStrike+1","HollowMod:HeavyBlow","HollowMod:CycloneSlash","HollowMod:SharpenedShadows","HollowMod:TaintedHusks","HollowMod:MantisMark","HollowMod:SoulStrike+1","HollowMod:SoulStrike+1","HollowMod:SlysStrikes+1","HollowMod:Hiveblood","HollowMod:TaintedHusks+1","HollowMod:BaldurShell+1","Metamorphosis","HollowMod:InfectionAssault+1","Madness","Madness","HollowMod:SoulSplash+1","Doubt"],"relics":["HollowMod:VesselMask","Lantern","HandDrill","Bottled Lightning","Philosopher\u0027s Stone","Ornamental Fan","Lee\u0027s Waffle","Darkstone Periapt","Mercury Hourglass","MerchantsRug","HollowMod:GreatKnightMask","Cursed Key","Torii","HollowMod:KingsBrand"],"acts_visited":["Exordium","TheCity","TheBeyond"],"potions_floor_usage":[41,41],"damage_taken":[{"damage":0.0,"enemies":"2 Louse","floor":1.0,"turns":2.0},{"damage":1.0,"enemies":"Cultist","floor":2.0,"turns":3.0},{"damage":0.0,"enemies":"Small Slimes","floor":3.0,"turns":2.0},{"damage":15.0,"enemies":"Looter","floor":4.0,"turns":3.0},{"damage":2.0,"enemies":"Exordium Wildlife","floor":5.0,"turns":4.0},{"damage":34.0,"enemies":"Lagavulin","floor":6.0,"turns":9.0},{"damage":0.0,"enemies":"2 Fungi Beasts","floor":14.0,"turns":4.0},{"damage":55.0,"enemies":"HollowMod:FalseKnight","floor":16.0,"turns":8.0},{"damage":29.0,"enemies":"Chosen","floor":18.0,"turns":5.0},{"damage":18.0,"enemies":"3 Byrds","floor":19.0,"turns":6.0},{"damage":1.0,"enemies":"Cultist and Chosen","floor":21.0,"turns":4.0},{"damage":6.0,"enemies":"Snecko","floor":22.0,"turns":4.0},{"damage":59.0,"enemies":"Slavers","floor":23.0,"turns":7.0},{"damage":22.0,"enemies":"HollowMod:Nosk","floor":25.0,"turns":8.0},{"damage":22.0,"enemies":"Snake Plant","floor":27.0,"turns":3.0},{"damage":11.0,"enemies":"Cultist and Chosen","floor":28.0,"turns":3.0},{"damage":2.0,"enemies":"Snecko","floor":29.0,"turns":3.0},{"damage":0.0,"enemies":"HollowMod:Zote","floor":31.0,"turns":2.0},{"damage":27.0,"enemies":"Collector","floor":33.0,"turns":6.0},{"damage":22.0,"enemies":"Orb Walker","floor":35.0,"turns":4.0},{"damage":23.0,"enemies":"Mind Bloom Boss Battle","floor":36.0,"turns":5.0},{"damage":18,"enemies":"3 Shapes","floor":38,"turns":3},{"damage":58,"enemies":"Writhing Mass","floor":41,"turns":4},{"damage":53,"enemies":"Sphere and 2 Shapes","floor":45,"turns":4}],"seed_played":"-5783883233992121105","potions_obtained":[{"floor":2.0,"key":"Fruit Juice"},{"floor":4.0,"key":"LiquidMemories"},{"floor":5.0,"key":"EntropicBrew"},{"floor":16.0,"key":"SteroidPotion"},{"floor":18.0,"key":"CultistPotion"},{"floor":22.0,"key":"SkillPotion"},{"floor":27.0,"key":"Block Potion"},{"floor":28.0,"key":"Slimebound:ThreeZeroPotion"},{"floor":35.0,"key":"SkillPotion"}],"is_trial":false,"path_per_floor":["M","M","M","M","M","E","R","$","T","$","?","R","?","M","R","B",null,"M","M","?","M","M","E","$","E","T","M","M","M","$","?","R","B",null,"M","?","?","M","?","R","M","?","T","R","M"],"character_chosen":"THE_BUGKNIGHT","items_purchased":["HandDrill","Lee\u0027s Waffle","MerchantsRug"],"campfire_rested":3,"item_purchase_floors":[8,24,30],"current_hp_per_floor":[82,81,81,66,75,47,47,47,47,47,36,62,62,72,72,32,87,64,56,56,61,61,12,94,72,72,56,51,55,55,61,89,62,94,81,78,78,66,54,54,7,7,13,43,0,0],"gold":440,"neow_bonus":"TEN_PERCENT_HP_BONUS","is_daily":false,"chose_seed":false,"campfire_upgraded":3,"win_rate":0.0,"timestamp":1610882402,"path_taken":["M","M","M","M","M","E","R","$","T","$","?","R","?","M","R","BOSS","M","?","?","M","M","E","$","E","T","M","?","M","?","?","R","BOSS","M","?","?","M","?","R","?","?","T","R","M"],"items_purchased_type":["Relic","Relic","Relic"],"build_version":"2020-12-22","purchased_purges":0,"victory":false,"max_hp_per_floor":[82,82,82,82,87,87,87,87,87,87,87,87,87,87,87,87,87,87,87,87,87,87,87,94,94,94,94,94,94,94,94,94,94,94,94,94,94,94,94,94,94,94,100,100,100,100],"card_choices":[{"not_picked":["HollowMod:CornifersMapStart","HollowMod:SiblingsSouls"],"picked":"HollowMod:NewLittleFool","floor":1.0},{"not_picked":["HollowMod:MawleksShell","HollowMod:CornifersMapStart"],"picked":"HollowMod:PureNailStrike","floor":2.0},{"not_picked":["HollowMod:SoulEater","HollowMod:SharpenedShadows"],"picked":"HollowMod:GrimmsGift","floor":3.0},{"not_picked":["HollowMod:SoulVessel","HollowMod:NewJinnsSoul"],"picked":"HollowMod:LifebloodCocoon","floor":4.0},{"not_picked":["HollowMod:CornifersMapStart","HollowMod:DoubleDash"],"picked":"HollowMod:PerfectDash","floor":5.0},{"not_picked":["HollowMod:FallenFury","HollowMod:WraithStrike"],"picked":"HollowMod:DoubleDash","floor":6.0},{"not_picked":["HollowMod:SiblingsSouls","HollowMod:theNailsmith"],"picked":"HollowMod:GreatSlash","floor":14.0},{"not_picked":["HollowMod:NewInfectedGuardian","HollowMod:VoidDash"],"picked":"HollowMod:AwokenDreamNail","floor":16.0},{"not_picked":["HollowMod:ShadowDash","HollowMod:GoodIntentions"],"picked":"HollowMod:MonarchWings","floor":18.0},{"not_picked":["HollowMod:SharpenedNail","HollowMod:ShadowDash"],"picked":"HollowMod:FastStrike+1","floor":19.0},{"not_picked":["HollowMod:SoulEater","HollowMod:NewLittleFool"],"picked":"HollowMod:HeavyBlow","floor":21.0},{"not_picked":["HollowMod:SoulShaman","HollowMod:WraithStrike"],"picked":"HollowMod:CycloneSlash","floor":22.0},{"not_picked":["HollowMod:DungDefenderAura","HollowMod:QuirrelsAssistance"],"picked":"HollowMod:SharpenedShadows","floor":23.0},{"not_picked":["HollowMod:ChannelNail","HollowMod:SoulMaster"],"picked":"HollowMod:TaintedHusks","floor":25.0},{"not_picked":["HollowMod:MawleksShell","HollowMod:MonarchWings"],"picked":"HollowMod:MantisMark","floor":27.0},{"not_picked":["HollowMod:InfectedCysts","HollowMod:CycloneSlash"],"picked":"HollowMod:SoulStrike+1","floor":28.0},{"not_picked":["HollowMod:NewJinnsSoul+1","HollowMod:RecoilStrike"],"picked":"HollowMod:SoulStrike+1","floor":29.0},{"not_picked":["HollowMod:HowlingWraiths","HollowMod:InfectedAttack"],"picked":"HollowMod:SlysStrikes","floor":31.0},{"not_picked":["HollowMod:SlysStrikes","HollowMod:theNailsmith"],"picked":"HollowMod:Hiveblood","floor":33.0},{"not_picked":["HollowMod:HeavyBlow","HollowMod:NewJinnsSoul"],"picked":"HollowMod:TaintedHusks+1","floor":35.0},{"not_picked":["HollowMod:SiblingsShadow+1","HollowMod:HowlingWraiths+1"],"picked":"HollowMod:BaldurShell+1","floor":36},{"not_picked":["Purity","Finesse"],"picked":"Metamorphosis","floor":37},{"not_picked":["HollowMod:LifebloodCocoon","HollowMod:DescendingDark+1"],"picked":"HollowMod:InfectionAssault+1","floor":38},{"not_picked":["HollowMod:InfectedAttack","HollowMod:SharpenedNail+1"],"picked":"HollowMod:SoulSplash+1","floor":41}],"player_experience":98936,"relics_obtained":[{"floor":6.0,"key":"Lantern"},{"floor":9.0,"key":"Bottled Lightning"},{"floor":23.0,"key":"Ornamental Fan"},{"floor":25.0,"key":"Darkstone Periapt"},{"floor":26.0,"key":"Mercury Hourglass"},{"floor":31.0,"key":"HollowMod:GreatKnightMask"},{"floor":36,"key":"Torii"},{"floor":43,"key":"HollowMod:KingsBrand"}],"event_choices":[{"damage_healed":0.0,"max_hp_gain":0.0,"max_hp_loss":0.0,"gold_gain":75.0,"event_name":"World of Goop","player_choice":"Gather Gold","floor":11.0,"gold_loss":0.0,"damage_taken":11.0},{"cards_removed":["HollowMod:QuickDashStart"],"damage_healed":0.0,"max_hp_gain":0.0,"max_hp_loss":0.0,"gold_gain":0.0,"event_name":"NoteForYourself","player_choice":"Took Card","floor":13.0,"gold_loss":0.0,"damage_taken":0.0,"cards_obtained":["Iron Wave"]},{"cards_removed":["HollowMod:QuickDashStart"],"damage_healed":0.0,"max_hp_gain":0.0,"max_hp_loss":0.0,"gold_gain":0.0,"event_name":"Designer","player_choice":"Upgrade and Remove","floor":20.0,"gold_loss":90.0,"damage_taken":0.0,"cards_upgraded":["HollowMod:GreatSlash"]},{"damage_healed":0.0,"max_hp_gain":0.0,"max_hp_loss":0.0,"gold_gain":0.0,"event_name":"MindBloom","player_choice":"Fight","floor":36.0,"gold_loss":0.0,"damage_taken":0.0},{"damage_healed":0,"gold_gain":0,"player_choice":"Memory 1","damage_taken":0,"max_hp_gain":0,"max_hp_loss":0,"event_name":"SensoryStone","floor":37,"gold_loss":0},{"damage_healed":0,"gold_gain":0,"player_choice":"Embrace Madness","damage_taken":12,"max_hp_gain":0,"max_hp_loss":0,"event_name":"Winding Halls","floor":39,"gold_loss":0,"cards_obtained":["Madness","Madness"]},{"damage_healed":0,"gold_gain":100,"player_choice":"Pray","damage_taken":0,"max_hp_gain":0,"max_hp_loss":0,"event_name":"Golden Shrine","floor":42,"gold_loss":0}],"is_beta":false,"boss_relics":[{"not_picked":["SlaversCollar","Empty Cage"],"picked":"Philosopher\u0027s Stone"},{"not_picked":["Runic Dome","Snecko Eye"],"picked":"Cursed Key"}],"items_purged_floors":[],"is_endless":false,"potions_floor_spawned":[2,4,5,16,18,22,27,28,35],"killed_by":"Sphere and 2 Shapes","ascension_level":0}}