{"host":"61xbmbtf5zrn7rzc","time":1610865205,"event":{"mods":["BaseMod","Challenge The Spire","Hubris","Infinite Spire","Minty Spire (QoL Compilation)","Replay The Spire","StSLib","SuperFastMode"],"gold_per_floor":[110,110,35,110,130,130,157,127,195,230,248,248,282,292,292,387,387,399,478,394,394],"floor_reached":20,"language":"ENG","playtime":538,"items_purged":["Strike_B"],"score":237,"play_id":"23a1700f-0049-441c-8a40-c111639cfe18","local_time":"20210117013325","is_ascension_mode":true,"campfire_choices":[{"data":"Dualcast","floor":6,"key":"SMITH"},{"data":"Storm","floor":12,"key":"SMITH"},{"floor":15,"key":"REST"}],"circlet_count":0,"master_deck":["Strike_B","Strike_B","Strike_B","Defend_B","Defend_B","Defend_B","Defend_B","Zap+1","Dualcast+1","Storm+1","Heatsinks","Static Discharge","Go for the Eyes","Rainbow","Capacitor+1"],"relics":["Cracked Core","NeowsBlessing","hubris:CrystalStatue","hubris:DeckOfHolding","Anchor","Potion Belt","SlaversCollar","Replay:Bandana"],"acts_visited":["Exordium","TheCity"],"potions_floor_usage":[10,10,10,13,16,16],"damage_taken":[{"damage":0,"enemies":"2 Louse","floor":1,"turns":1},{"damage":0,"enemies":"Cultist","floor":5,"turns":1},{"damage":0,"enemies":"Lagavulin","floor":7,"turns":1},{"damage":17,"enemies":"3 Sentries","floor":10,"turns":10},{"damage":7,"enemies":"Small Slimes","floor":11,"turns":3},{"damage":21,"enemies":"Lagavulin","floor":13,"turns":4},{"damage":3,"enemies":"Looter","floor":14,"turns":3},{"damage":36,"enemies":"Hexaghost","floor":16,"turns":9},{"damage":10,"enemies":"3 Byrds","floor":18,"turns":3},{"damage":37,"enemies":"2 Thieves","floor":20,"turns":3}],"seed_played":"-2596822724065542533","potions_obtained":[{"floor":7,"key":"Block Potion"},{"floor":8,"key":"DistilledChaos"},{"floor":8,"key":"SteroidPotion"},{"floor":11,"key":"FocusPotion"},{"floor":13,"key":"GamblersBrew"},{"floor":14,"key":"Venom Potion"},{"floor":16,"key":"SteroidPotion"},{"floor":19,"key":"Toxic Potion"},{"floor":19,"key":"SkillPotion"}],"is_trial":false,"path_per_floor":["M","?","$","?","M","R","E","?","T","E","M","R","E","M","R","B",null,"M","?","M"],"character_chosen":"DEFECT","items_purchased":[],"campfire_rested":1,"item_purchase_floors":[],"current_hp_per_floor":[75,75,75,64,64,64,64,64,64,47,40,40,19,16,38,2,75,65,35,0,0],"gold":394,"neow_bonus":"THREE_ENEMY_KILL","is_daily":false,"chose_seed":false,"campfire_upgraded":2,"win_rate":0.0,"timestamp":1610865205,"path_taken":["M","?","?","?","M","R","E","?","T","E","?","R","E","M","R","BOSS","M","?","M"],"items_purchased_type":[],"build_version":"2020-12-22","purchased_purges":1,"victory":false,"max_hp_per_floor":[75,75,75,75,75,75,75,75,75,75,75,75,75,75,75,75,75,75,75,75,75],"card_choices":[{"not_picked":["Scrape","Double Energy","Defragment"],"picked":"SKIP","floor":1},{"not_picked":["Loop","Chill"],"picked":"Storm","floor":5},{"not_picked":["Go for the Eyes","Stack"],"picked":"Heatsinks","floor":7},{"not_picked":["Amplify","Leap"],"picked":"Static Discharge","floor":10},{"not_picked":["Ball Lightning","Turbo"],"picked":"Go for the Eyes","floor":11},{"not_picked":["Gash","Reprogram","Redo"],"picked":"SKIP","floor":13},{"not_picked":["Reinforced Body","Go for the Eyes","Rip and Tear"],"picked":"SKIP","floor":14},{"not_picked":["Biased Cognition","hubris:SpecializedCircuitry"],"picked":"Rainbow","floor":16},{"not_picked":["Rebound","Cold Snap+1","Gash"],"picked":"SKIP","floor":18},{"not_picked":["Steam+1","Rip and Tear"],"picked":"Capacitor+1","floor":19}],"player_experience":126314,"relics_obtained":[{"floor":7,"key":"hubris:CrystalStatue"},{"floor":9,"key":"hubris:DeckOfHolding"},{"floor":10,"key":"Anchor"},{"floor":13,"key":"Potion Belt"},{"floor":19,"key":"Replay:Bandana"}],"event_choices":[{"damage_healed":0,"gold_gain":0,"player_choice":"Upgraded","damage_taken":0,"max_hp_gain":0,"max_hp_loss":0,"event_name":"Upgrade Shrine","floor":2,"gold_loss":0,"cards_upgraded":["Zap"]},{"damage_healed":0,"gold_gain":75,"player_choice":"Gather Gold","damage_taken":11,"max_hp_gain":0,"max_hp_loss":0,"event_name":"World of Goop","floor":4,"gold_loss":0},{"damage_healed":0,"gold_gain":0,"player_choice":"Bought 2 Potions","damage_taken":0,"max_hp_gain":0,"max_hp_loss":0,"event_name":"The Woman in Blue","floor":8,"gold_loss":0}],"is_beta":false,"boss_relics":[{"not_picked":["Runic Pyramid","FrozenCore"],"picked":"SlaversCollar"}],"items_purged_floors":[3],"is_endless":false,"potions_floor_spawned":[7,11,13,14,16],"killed_by":"2 Thieves","ascension_level":2}}