{"host":"zekcc3vicrep0och","time":1610916115,"event":{"mods":["AchievementEnabler","BaseMod","Colored Map","Colored Powertips","Displayed Cursed Tome","Highlight Path","Minty Spire (QoL Compilation)","Quick Restart","Relic Stats","StSLib","The Cursed"],"gold_per_floor":[112,125,140,140,140,172,172,172,172],"floor_reached":8,"language":"ENG","playtime":239,"items_purged":[],"score":106,"play_id":"8357b9d4-a857-488d-a2cc-fd34ef9871cd","local_time":"20210117234155","is_ascension_mode":true,"campfire_choices":[{"floor":7.0,"key":"REST"}],"circlet_count":0,"master_deck":["AscendersBane","Strike_B","Strike_B","Strike_B","Defend_B","Defend_B","Defend_B","Defend_B","Zap","Dualcast","Amplify","Hologram","Doom and Gloom","Beam Cell","Rebound"],"relics":["Cracked Core","Thread and Needle"],"acts_visited":["Exordium"],"potions_floor_usage":[8],"damage_taken":[{"damage":4.0,"enemies":"Jaw Worm","floor":1.0,"turns":4.0},{"damage":2.0,"enemies":"2 Louse","floor":2.0,"turns":2.0},{"damage":1.0,"enemies":"Cultist","floor":3.0,"turns":3.0},{"damage":32.0,"enemies":"Lagavulin","floor":6.0,"turns":6.0},{"damage":94,"enemies":"Gremlin Nob","floor":8,"turns":6}],"seed_played":"1977019052461097447","potions_obtained":[{"floor":1.0,"key":"Energy Potion"},{"floor":3.0,"key":"EntropicBrew"}],"is_trial":false,"path_per_floor":["M","M","M","?","?","E","R","E"],"character_chosen":"DEFECT","items_purchased":[],"campfire_rested":1,"item_purchase_floors":[],"current_hp_per_floor":[60,58,57,57,57,34,55,0,0],"gold":172,"neow_bonus":"ONE_RANDOM_RARE_CARD","is_daily":false,"chose_seed":false,"campfire_upgraded":0,"win_rate":0.0,"timestamp":1610916115,"path_taken":["M","M","M","?","?","E","R","E"],"items_purchased_type":[],"build_version":"2020-12-22","purchased_purges":0,"victory":false,"max_hp_per_floor":[71,71,71,71,71,71,71,71,71],"relic_stats":{"counters":[5,21],"obtain_stats":[{"Thread and Needle":6,"Cracked Core":0},{"Thread and Needle":4,"Cracked Core":0},{"Thread and Needle":15,"Cracked Core":0}]},"card_choices":[{"not_picked":["Darkness","Aggregate"],"picked":"Hologram","floor":1.0},{"not_picked":["Undo","Streamline"],"picked":"Doom and Gloom","floor":2.0},{"not_picked":["Reprogram","Rebound"],"picked":"Beam Cell","floor":3.0},{"not_picked":["Thunder Strike","Streamline"],"picked":"Rebound","floor":6.0}],"player_experience":539199,"relics_obtained":[{"floor":6.0,"key":"Thread and Needle"}],"event_choices":[{"damage_healed":0.0,"max_hp_gain":0.0,"max_hp_loss":0.0,"gold_gain":0.0,"event_name":"Liars Game","player_choice":"Ignored","floor":4.0,"gold_loss":0.0,"damage_taken":0.0},{"cards_removed":["Strike_B"],"damage_healed":0.0,"max_hp_gain":0.0,"max_hp_loss":0.0,"gold_gain":0.0,"event_name":"Purifier","player_choice":"Purged","floor":5.0,"gold_loss":0.0,"damage_taken":0.0}],"is_beta":false,"boss_relics":[],"items_purged_floors":[],"is_endless":false,"potions_floor_spawned":[1,3],"killed_by":"Gremlin Nob","ascension_level":18}}