{"host":"sav7uxregyirlf69","time":1610894046,"event":{"mods":["AchievementEnabler","BaseMod","Colored Map","DeckTracker","Keyboard Shortcuts","Minty Spire (QoL Compilation)","READ ME - Guardian Mod","StSLib","SuperFastMode"],"gold_per_floor":[119,139,64,64,64,91,91,115,115,115,145,145,157,157,157,228,228,238,238,238,14,14,14,14,14],"floor_reached":24,"language":"KOR","playtime":334,"items_purged":["Strike_G"],"score":450,"play_id":"a518bd07-18c0-4aef-b1c9-d9b634e6d85d","local_time":"20210117233406","is_ascension_mode":true,"campfire_choices":[{"data":"Neutralize","floor":10,"key":"SMITH"},{"data":"Phantasmal Killer","floor":12,"key":"SMITH"},{"data":"Cloak And Dagger","floor":15,"key":"SMITH"},{"floor":23,"key":"REST"}],"circlet_count":0,"master_deck":["AscendersBane","Strike_G","Strike_G","Defend_G","Defend_G","Defend_G+1","Defend_G","Defend_G","Survivor","Neutralize+1","Cloak And Dagger+1","Blade Dance+1","Finisher","Phantasmal Killer+1","Malaise","CurseOfTheBell","Tactician","Well Laid Plans","Terror"],"relics":["Ring of the Snake","NeowsBlessing","Turnip","War Paint","Bird Faced Urn","InkBottle","CultistMask","Calling Bell","Strawberry","The Courier","Shovel","Chemical X"],"acts_visited":["Exordium","TheCity"],"potions_floor_usage":[11,16],"damage_taken":[{"damage":0,"enemies":"2 Louse","floor":1,"turns":1},{"damage":0,"enemies":"Small Slimes","floor":2,"turns":1},{"damage":0,"enemies":"Gremlin Nob","floor":6,"turns":1},{"damage":8,"enemies":"Lagavulin","floor":11,"turns":7},{"damage":0,"enemies":"Cultist","floor":13,"turns":3},{"damage":7,"enemies":"The Guardian","floor":16,"turns":8},{"damage":17,"enemies":"Shell Parasite","floor":18,"turns":6},{"damage":16,"enemies":"2 Thieves","floor":22,"turns":5},{"damage":42,"enemies":"Gremlin Leader","floor":24,"turns":4}],"seed_played":"-5013703474697786114","potions_obtained":[{"floor":2,"key":"AttackPotion"},{"floor":6,"key":"Poison Potion"},{"floor":22,"key":"FearPotion"}],"is_trial":false,"path_per_floor":["M","M","?","?","$","E","?","T","T","R","E","R","M","?","R","B",null,"M","?","?","$","M","R","E"],"character_chosen":"THE_SILENT","items_purchased":["Well Laid Plans","Chemical X"],"campfire_rested":1,"item_purchase_floors":[21,21],"current_hp_per_floor":[59,59,59,59,59,59,59,59,59,59,51,51,51,51,51,44,68,51,51,30,30,16,39,0,0],"gold":14,"neow_bonus":"THREE_ENEMY_KILL","is_daily":false,"chose_seed":false,"campfire_upgraded":3,"win_rate":0.0,"timestamp":1610894046,"path_taken":["M","M","?","?","$","E","?","?","T","R","E","R","M","?","R","BOSS","M","?","?","$","M","R","E"],"items_purchased_type":["Card","Relic"],"build_version":"2020-12-22","purchased_purges":1,"victory":false,"max_hp_per_floor":[66,66,66,66,66,66,66,66,66,66,66,66,66,66,66,66,73,73,73,78,78,78,78,78,78],"card_choices":[{"not_picked":["Leg Sweep","Calculated Gamble"],"picked":"Cloak And Dagger","floor":1},{"not_picked":["Deflect","Predator"],"picked":"Blade Dance","floor":2},{"not_picked":["Caltrops","Skewer","Slice"],"picked":"SKIP","floor":6},{"not_picked":["PiercingWail","Escape Plan"],"picked":"Phantasmal Killer","floor":11},{"not_picked":["Deflect","Expertise","Deadly Poison"],"picked":"SKIP","floor":13},{"not_picked":["Tools of the Trade","Die Die Die"],"picked":"Malaise","floor":16},{"not_picked":["Setup","Deflect"],"picked":"Tactician","floor":18},{"not_picked":["Quick Slash","Cloak And Dagger"],"picked":"Terror","floor":22}],"player_experience":1303368,"relics_obtained":[{"floor":6,"key":"Turnip"},{"floor":8,"key":"War Paint"},{"floor":9,"key":"Bird Faced Urn"},{"floor":11,"key":"InkBottle"},{"floor":17,"key":"Strawberry"},{"floor":17,"key":"The Courier"},{"floor":17,"key":"Shovel"}],"event_choices":[{"cards_removed":["Strike_G"],"damage_healed":0,"gold_gain":0,"player_choice":"Card Removal","damage_taken":0,"max_hp_gain":0,"max_hp_loss":0,"event_name":"The Cleric","floor":3,"gold_loss":75},{"damage_healed":0,"gold_gain":0,"cards_transformed":["Strike_G"],"player_choice":"Change","damage_taken":0,"max_hp_gain":0,"max_hp_loss":0,"event_name":"Living Wall","floor":4,"gold_loss":0,"cards_obtained":["Finisher"]},{"damage_healed":0,"gold_gain":0,"player_choice":"Ignored","damage_taken":0,"max_hp_gain":0,"max_hp_loss":0,"event_name":"Liars Game","floor":7,"gold_loss":0},{"damage_healed":0,"gold_gain":0,"player_choice":"Trade","damage_taken":0,"relics_obtained":["CultistMask"],"max_hp_gain":0,"max_hp_loss":0,"event_name":"FaceTrader","floor":14,"gold_loss":0},{"damage_healed":0,"gold_gain":0,"player_choice":"Ignored","damage_taken":0,"max_hp_gain":0,"max_hp_loss":0,"event_name":"Vampires","floor":19,"gold_loss":0},{"damage_healed":0,"gold_gain":0,"player_choice":"Shed Blood","damage_taken":26,"max_hp_gain":5,"max_hp_loss":0,"event_name":"Forgotten Altar","floor":20,"gold_loss":0}],"is_beta":false,"boss_relics":[{"not_picked":["Busted Crown","HoveringKite"],"picked":"Calling Bell"}],"items_purged_floors":[21],"is_endless":false,"potions_floor_spawned":[2,6,22],"killed_by":"Gremlin Leader","ascension_level":20}}