{"host":"xm0tf1maiknh0fp9","time":1610917768,"event":{"mods":["BaseMod","Colored Map","Colored Powertips","Googly Eyes","Minty Spire (QoL Compilation)","Replay The Spire","StSLib"],"gold_per_floor":[116,41,41,53,64,64,34,34,34,34,34,34,44,58,58,158,158,172,72,147,158,174,174,174,174],"floor_reached":24,"language":"ENG","playtime":996,"items_purged":["Strike_G","Languid"],"score":251,"play_id":"bde639d4-9fee-47cf-85e1-cd8d35341ee0","local_time":"20210117160928","is_ascension_mode":true,"campfire_choices":[{"data":"Survivor","floor":6,"key":"SMITH"},{"data":"Neutralize","floor":8,"key":"SMITH"},{"data":"Defend_G","floor":10,"key":"SMITH"},{"floor":15,"key":"REST"},{"floor":23,"key":"REST"}],"circlet_count":0,"master_deck":["Strike_G","Strike_G","Strike_G","Defend_G","Defend_G","Defend_G","Defend_G","Defend_G+1","Survivor+1","Neutralize+1","Noxious Fumes"],"relics":["Ring of the Snake","NeowsBlessing","StoneCalendar","Ring of Panic","ReplayTheSpireMod:Ring of Addiction","Toy Ornithopter","Potion Belt","Runic Pyramid"],"acts_visited":["Exordium","TheCity"],"potions_floor_usage":[13,13,16,16,16,22],"damage_taken":[{"damage":0,"enemies":"Cultist","floor":1,"turns":1},{"damage":0,"enemies":"2 Louse","floor":4,"turns":1},{"damage":0,"enemies":"Small Slimes","floor":5,"turns":1},{"damage":8,"enemies":"Looter","floor":7,"turns":4},{"damage":17,"enemies":"Gremlin Gang","floor":13,"turns":7},{"damage":3,"enemies":"Blue Slaver","floor":14,"turns":7},{"damage":57,"enemies":"Fading Forest","floor":16,"turns":11},{"damage":27,"enemies":"Spheric Guardian","floor":18,"turns":7},{"damage":3,"enemies":"Shell Parasite","floor":21,"turns":7},{"damage":24,"enemies":"Centurion and Healer","floor":22,"turns":7},{"damage":24,"enemies":"Book of Stabbing","floor":24,"turns":7}],"seed_played":"-1421148808016522790","potions_obtained":[{"floor":5,"key":"Swift Potion"},{"floor":11,"key":"SpeedPotion"},{"floor":11,"key":"Energy Potion"},{"floor":11,"key":"LiquidBronze"},{"floor":13,"key":"SkillPotion"},{"floor":21,"key":"PowerPotion"},{"floor":22,"key":"Strength Potion"}],"is_trial":false,"path_per_floor":["M","$","?","M","M","R","M","R","T","R","?","?","M","M","R_BF","B",null,"M","$","?","M","M","R","E"],"character_chosen":"THE_SILENT","items_purchased":[],"campfire_rested":2,"item_purchase_floors":[],"current_hp_per_floor":[63,63,63,63,63,63,55,55,55,55,55,70,58,55,70,27,59,32,32,26,23,4,24,0,0],"gold":174,"neow_bonus":"THREE_ENEMY_KILL","is_daily":false,"chose_seed":false,"campfire_upgraded":3,"win_rate":0.0,"timestamp":1610917768,"path_taken":["M","?","?","?","M","R","M","R","T","R","?","?","M","?","R_BF","BOSS","M","$","?","?","M","R","E"],"items_purchased_type":[],"build_version":"2020-12-22","purchased_purges":2,"victory":false,"max_hp_per_floor":[70,70,70,70,70,70,70,70,70,70,70,70,70,70,70,70,70,70,70,68,68,68,68,68,68],"card_choices":[{"not_picked":["Quick Slash","Blur","PiercingWail"],"picked":"SKIP","floor":1},{"not_picked":["Dagger Spray","Blade Dance","Noxious Fumes"],"picked":"SKIP","floor":4},{"not_picked":["Skewer","Accuracy","Underhanded Strike"],"picked":"SKIP","floor":5},{"not_picked":["All Out Attack","Quick Slash","Escape Plan"],"picked":"SKIP","floor":7},{"not_picked":["Blur","Backflip","Acrobatics"],"picked":"SKIP","floor":13},{"not_picked":["Bane","Acrobatics"],"picked":"Noxious Fumes","floor":14},{"not_picked":["Deflect+1","Slice+1","Noxious Fumes"],"picked":"SKIP","floor":18},{"not_picked":["Flechettes","Slice+1","Dagger Spray+1"],"picked":"SKIP","floor":21},{"not_picked":["Sucker Punch","Underhanded Strike+1","Caltrops"],"picked":"SKIP","floor":22}],"player_experience":138303,"relics_obtained":[{"floor":9,"key":"StoneCalendar"},{"floor":11,"key":"Ring of Panic"},{"floor":11,"key":"ReplayTheSpireMod:Ring of Addiction"},{"floor":11,"key":"Toy Ornithopter"},{"floor":11,"key":"Potion Belt"}],"event_choices":[{"cards_removed":["Strike_G"],"damage_healed":0,"gold_gain":0,"player_choice":"Purged","damage_taken":0,"max_hp_gain":0,"max_hp_loss":0,"event_name":"Purifier","floor":3,"gold_loss":0},{"damage_healed":15,"gold_gain":0,"player_choice":"Full Heal","damage_taken":0,"max_hp_gain":0,"max_hp_loss":0,"event_name":"Wheel of Change","floor":12,"gold_loss":0},{"damage_healed":0,"gold_gain":75,"player_choice":"Touch","damage_taken":6,"max_hp_gain":0,"max_hp_loss":0,"event_name":"FaceTrader","floor":20,"gold_loss":0}],"is_beta":false,"boss_relics":[{"not_picked":["Replay:Bronze Core","SacredBark"],"picked":"Runic Pyramid"}],"items_purged_floors":[2,19],"is_endless":false,"potions_floor_spawned":[5,13,21,22],"killed_by":"Book of Stabbing","ascension_level":7}}