{"host":"cwd5s03r1oaxs6mx","time":1610888401,"event":{"mods":["Act Like it!","BaseMod","Better Third Choice","BetterRewards","CapriCore","Card Filter","Colored Map","Custom Start","DeckTracker","Friendly Minions","Hubris","Infinite Spire","Marisa£¨Ùöéë¡¡Øª×âÞÞ£©","Minty Spire (QoL Compilation)","Quick Restart","Relic Stats","Shop Mod","Spicy Shops","StSLib","SuperFastMode"],"gold_per_floor":[109,128,28,28,28,28,28,28],"floor_reached":7,"language":"KOR","playtime":176,"items_purged":["Strike_B","Strike_B"],"score":78,"play_id":"6b187fde-2fa3-4571-a35b-6cc6a8cc706c","local_time":"20210117220001","is_ascension_mode":true,"campfire_choices":[{"data":"Apotheosis","floor":6,"key":"SMITH"}],"circlet_count":0,"master_deck":["AscendersBane","Strike_B","Strike_B","Defend_B","Defend_B","Defend_B","Defend_B","Zap","Dualcast","Apotheosis+1","Defragment","Ball Lightning"],"relics":["Cracked Core","Runic Capacitor","Smiling Mask"],"acts_visited":["Exordium"],"potions_floor_usage":[],"damage_taken":[{"damage":10,"enemies":"Small Slimes","floor":1,"turns":3},{"damage":14,"enemies":"Jaw Worm","floor":2,"turns":4},{"damage":20,"enemies":"3 Sentries","floor":7,"turns":5}],"seed_played":"-6429310013545867089","potions_obtained":[{"floor":1,"key":"BlessingOfTheForge"}],"is_trial":false,"path_per_floor":["M","M","$","?","?","R","E"],"character_chosen":"DEFECT","items_purchased":["Apotheosis","Runic Capacitor","Defragment","Ball Lightning"],"campfire_rested":0,"item_purchase_floors":[0,0,0,0],"current_hp_per_floor":[54,40,40,40,22,22,2,2],"gold":28,"neow_bonus":"","is_daily":false,"chose_seed":false,"campfire_upgraded":1,"win_rate":0.0,"timestamp":1610888401,"path_taken":["M","M","$","?","?","R","E"],"items_purchased_type":["Card","Relic","Card","Card"],"build_version":"2020-12-22","purchased_purges":2,"victory":false,"max_hp_per_floor":[71,71,71,71,71,71,71,71],"relic_stats":{"counters":[6,24],"Smiling Mask":0,"obtain_stats":[{"infinitespire:DarkRift":5,"Shuriken":0,"Oddly Smooth Stone":0,"infinitespire:Cubic Diamond":5,"Runic Capacitor":0,"Cracked Core":0,"Boot":0,"Smiling Mask":5,"hubris:TinFlute":6},{"infinitespire:DarkRift":2,"Shuriken":0,"Oddly Smooth Stone":0,"infinitespire:Cubic Diamond":2,"Runic Capacitor":3,"Cracked Core":0,"Boot":0,"Smiling Mask":5,"hubris:TinFlute":3},{"infinitespire:DarkRift":5,"Shuriken":0,"Oddly Smooth Stone":0,"infinitespire:Cubic Diamond":5,"Runic Capacitor":12,"Cracked Core":0,"Boot":0,"Smiling Mask":19,"hubris:TinFlute":12}]},"card_choices":[{"not_picked":["Compile Driver","Aggregate","Stack"],"picked":"SKIP","floor":1},{"not_picked":["Coolheaded","Double Energy","Ball Lightning"],"picked":"SKIP","floor":2}],"player_experience":1058742,"relics_obtained":[],"event_choices":[{"damage_healed":0,"gold_gain":0,"player_choice":"Ignored","damage_taken":28,"max_hp_gain":0,"max_hp_loss":0,"event_name":"betterThird:BetterSerpent","floor":4,"gold_loss":0},{"damage_healed":0,"gold_gain":0,"player_choice":"Relic ","damage_taken":18,"max_hp_gain":0,"max_hp_loss":0,"event_name":"betterThird:BetterScrap","floor":5,"gold_loss":0,"cards_obtained":["Vengeance"]}],"is_beta":false,"boss_relics":[],"items_purged_floors":[0,3],"is_endless":false,"potions_floor_spawned":[1],"killed_by":"3 Sentries","ascension_level":20}}