{"host":"6bsan6hkua32tfq7","time":1610904518,"event":{"mods":["BaseMod","Better Third Choice","Colored Map","Highlight Path","Minty Spire (QoL Compilation)","StSLib"],"gold_per_floor":[118,43,0,0,15,46,11,11,37,50,50,50,50,79,79,79,79],"floor_reached":16,"language":"ENG","playtime":401,"items_purged":["Defend_G"],"score":312,"play_id":"c881d24d-a320-4f53-8a32-9fbae3497c90","local_time":"20210117182838","is_ascension_mode":true,"campfire_choices":[{"data":"Crippling Poison","floor":8,"key":"SMITH"},{"data":"Catalyst","floor":11,"key":"SMITH"},{"data":"Footwork","floor":13,"key":"SMITH"},{"data":"Neutralize","floor":15,"key":"SMITH"}],"circlet_count":0,"master_deck":["AscendersBane","Strike_G","Strike_G","Strike_G","Strike_G","Defend_G","Defend_G","Defend_G","Defend_G","Survivor","Neutralize+1","Crippling Poison+1","Footwork+1","Catalyst+1","PiercingWail"],"relics":["Ring of the Snake","NeowsBlessing","betterThird:SlimedRelic","Snake Skull","Bag of Preparation","Gambling Chip"],"acts_visited":["Exordium"],"potions_floor_usage":[16],"damage_taken":[{"damage":0,"enemies":"Jaw Worm","floor":1,"turns":1},{"damage":0,"enemies":"Small Slimes","floor":5,"turns":1},{"damage":0,"enemies":"3 Sentries","floor":6,"turns":1},{"damage":3,"enemies":"Cultist","floor":10,"turns":4},{"damage":0,"enemies":"Lagavulin","floor":14,"turns":7},{"damage":81,"enemies":"Slime Boss","floor":16,"turns":19}],"seed_played":"4970043276705637899","potions_obtained":[{"floor":1,"key":"Strength Potion"},{"floor":4,"key":"GhostInAJar"},{"floor":6,"key":"FairyPotion"}],"is_trial":false,"path_per_floor":["M","$","?","?","M","E","?","R","T","M","R","?","R","E","R","B"],"character_chosen":"THE_SILENT","items_purchased":[],"campfire_rested":0,"item_purchase_floors":[],"current_hp_per_floor":[59,59,48,48,48,48,64,64,64,61,61,54,54,54,54,0,0],"gold":79,"neow_bonus":"THREE_ENEMY_KILL","is_daily":false,"chose_seed":false,"campfire_upgraded":4,"win_rate":0.0,"timestamp":1610904518,"path_taken":["M","$","?","?","?","E","?","R","T","M","R","?","R","E","R","BOSS"],"items_purchased_type":[],"build_version":"2020-12-22","purchased_purges":1,"victory":false,"max_hp_per_floor":[66,66,66,66,66,66,66,66,66,66,66,66,66,66,66,66,66],"card_choices":[{"not_picked":["Choke","All Out Attack"],"picked":"Crippling Poison","floor":1},{"not_picked":["Dagger Throw","Dagger Spray"],"picked":"Footwork","floor":5},{"not_picked":["Heel Hook","PiercingWail","Tactician"],"picked":"SKIP","floor":6},{"not_picked":["Predator","Cloak And Dagger"],"picked":"Catalyst","floor":10},{"not_picked":["Heel Hook","Riddle With Holes"],"picked":"PiercingWail","floor":14}],"player_experience":5288435,"relics_obtained":[{"floor":6,"key":"Snake Skull"},{"floor":9,"key":"Bag of Preparation"},{"floor":14,"key":"Gambling Chip"}],"event_choices":[{"damage_healed":0,"gold_gain":0,"player_choice":"Slimed","damage_taken":11,"max_hp_gain":0,"max_hp_loss":0,"event_name":"betterThird:BetterGoop","floor":3,"gold_loss":43},{"damage_healed":0,"gold_gain":0,"player_choice":"Got Potions","damage_taken":0,"max_hp_gain":0,"max_hp_loss":0,"event_name":"Lab","floor":4,"gold_loss":0},{"damage_healed":16,"gold_gain":0,"player_choice":"Healed","damage_taken":0,"max_hp_gain":0,"max_hp_loss":0,"event_name":"The Cleric","floor":7,"gold_loss":35},{"cards_removed":["Strike_G"],"damage_healed":0,"gold_gain":0,"player_choice":"Card Removal","damage_taken":7,"max_hp_gain":0,"max_hp_loss":0,"event_name":"Golden Wing","floor":12,"gold_loss":0}],"is_beta":false,"boss_relics":[],"items_purged_floors":[2],"is_endless":false,"potions_floor_spawned":[1,6,14],"killed_by":"Slime Boss","ascension_level":20}}