{"host":"2se5dq1do2gp0x9k","time":1610919998,"event":{"mods":["AchievementEnabler","BaseMod","Block Reminder","Colored Map","Colored Powertips","Minty Spire (QoL Compilation)","Relic Stats","StSLib","SuperFastMode"],"gold_per_floor":[129,182,238,14,14,45,45,93,93,109,109,122,122,34,34,107,107,144,63,63,63],"floor_reached":20,"language":"ENG","playtime":506,"items_purged":[],"score":364,"play_id":"0de252aa-cf45-4ce8-ba0d-7b11a550ed17","local_time":"20210117134638","is_ascension_mode":true,"campfire_choices":[{"floor":7,"key":"REST"},{"data":"Pommel Strike","floor":11,"key":"SMITH"},{"data":"Inflame","floor":13,"key":"SMITH"},{"data":"Bash","floor":15,"key":"SMITH"}],"circlet_count":0,"master_deck":["AscendersBane","Bash+1","HandOfGreed","Anger+1","Rage","Pommel Strike+1","Heavy Blade","Battle Trance","Inflame+1","Second Wind","Headbutt","Corruption","Berserk","True Grit","Reaper","Rage","True Grit","Evolve","Searing Blow","Pommel Strike","Thunderclap","Dark Embrace","Shrug It Off"],"relics":["Burning Blood","Red Skull","The Courier","Art of War","Shuriken","Pandora\u0027s Box"],"acts_visited":["Exordium","TheCity"],"potions_floor_usage":[6,16],"damage_taken":[{"damage":18.0,"enemies":"Cultist","floor":1.0,"turns":5.0},{"damage":2.0,"enemies":"Small Slimes","floor":2.0,"turns":3.0},{"damage":8.0,"enemies":"2 Louse","floor":3.0,"turns":5.0},{"damage":8,"enemies":"Gremlin Nob","floor":6,"turns":3},{"damage":15,"enemies":"Lagavulin","floor":8,"turns":5},{"damage":1,"enemies":"Exordium Thugs","floor":10,"turns":3},{"damage":0,"enemies":"3 Louse","floor":12,"turns":1},{"damage":18,"enemies":"Hexaghost","floor":16,"turns":6},{"damage":49,"enemies":"2 Thieves","floor":18,"turns":4},{"damage":21,"enemies":"Masked Bandits","floor":20,"turns":2}],"seed_played":"1920999026941301182","potions_obtained":[{"floor":2.0,"key":"PowerPotion"},{"floor":10,"key":"GamblersBrew"},{"floor":12,"key":"Block Potion"},{"floor":16,"key":"Energy Potion"}],"is_trial":false,"path_per_floor":["M","M","M","$","?","E","R","E","T","M","R","M","R","$","R","B",null,"M","$","?"],"character_chosen":"IRONCLAD","items_purchased":["Red Skull","Strength Potion","Second Wind","Headbutt","Dark Embrace","Shrug It Off"],"campfire_rested":1,"item_purchase_floors":[4,4,14,14,19,19],"current_hp_per_floor":[38,42,40,40,17,15,37,28,28,33,33,39,39,39,39,27,63,20,20,0,0],"gold":63,"neow_bonus":"RANDOM_COLORLESS_2","is_daily":false,"chose_seed":false,"campfire_upgraded":3,"win_rate":0.0,"timestamp":1610919998,"path_taken":["M","M","M","$","?","E","R","E","T","M","R","M","R","$","R","BOSS","M","$","?"],"items_purchased_type":["Relic","Potion","Card","Card","Card","Card"],"build_version":"2020-12-22","purchased_purges":0,"victory":false,"max_hp_per_floor":[75,75,75,75,75,75,75,75,75,75,75,75,75,75,75,75,75,75,75,75,75],"relic_stats":{"counters":[10,37],"Shuriken":[4],"Pandora\u0027s Box":["Berserk","True Grit","Reaper","Rage","True Grit","Evolve","Searing Blow","Pommel Strike","Thunderclap"],"Art of War":[0],"obtain_stats":[{"Shuriken":9,"Pandora\u0027s Box":17,"The Courier":6,"Art of War":8,"Burning Blood":0,"Red Skull":4},{"Shuriken":5,"Pandora\u0027s Box":8,"The Courier":4,"Art of War":5,"Burning Blood":0,"Red Skull":3},{"Shuriken":21,"Pandora\u0027s Box":31,"The Courier":16,"Art of War":21,"Burning Blood":0,"Red Skull":13}],"Burning Blood":54},"card_choices":[{"not_picked":["Sadistic Nature","Chrysalis"],"picked":"HandOfGreed","floor":0.0},{"not_picked":["True Grit","Wild Strike"],"picked":"Anger","floor":1.0},{"not_picked":["Body Slam","Immolate"],"picked":"Rage","floor":2.0},{"not_picked":["Blood for Blood","Armaments"],"picked":"Pommel Strike","floor":3.0},{"not_picked":["Rupture","Immolate"],"picked":"Heavy Blade","floor":6},{"not_picked":["Flame Barrier","Iron Wave"],"picked":"Battle Trance","floor":8},{"not_picked":["Sentinel","Hemokinesis","Battle Trance"],"picked":"SKIP","floor":10},{"not_picked":["Entrench","Cleave"],"picked":"Inflame","floor":12},{"not_picked":["Immolate","Barricade"],"picked":"Corruption","floor":16},{"not_picked":["Headbutt","Sever Soul","Thunderclap"],"picked":"SKIP","floor":18}],"player_experience":3895411,"relics_obtained":[{"floor":6,"key":"The Courier"},{"floor":8,"key":"Art of War"},{"floor":9,"key":"Shuriken"}],"event_choices":[{"damage_healed":0.0,"max_hp_gain":0.0,"max_hp_loss":0.0,"gold_gain":0.0,"event_name":"Shining Light","player_choice":"Entered Light","floor":5.0,"gold_loss":0.0,"damage_taken":23.0,"cards_upgraded":["Strike_R","Anger"]},{"damage_healed":0,"gold_gain":0,"player_choice":"Fought Bandits","damage_taken":0,"max_hp_gain":0,"max_hp_loss":0,"event_name":"Masked Bandits","floor":20,"gold_loss":0}],"is_beta":false,"boss_relics":[{"not_picked":["Coffee Dripper","Black Star"],"picked":"Pandora\u0027s Box"}],"items_purged_floors":[],"is_endless":false,"potions_floor_spawned":[2,10,12,16],"killed_by":"Masked Bandits","ascension_level":20}}