{"host":"5icjlaq41ghjcr7h","time":1610858532,"event":{"mods":["AchievementEnabler","BaseMod","Colored Map","Minty Spire (QoL Compilation)","SuperFastMode","everything is the same but u backflip on backflip"],"gold_per_floor":[117,117,65,15,15,42,42,69,69,88,103,103,133,146,146,244,244,263,263,263,279,279,279,279,279],"floor_reached":24,"language":"KOR","playtime":501,"items_purged":[],"score":301,"play_id":"4067f184-b44b-4b25-8a7f-72fa3b608911","local_time":"20210117134212","is_ascension_mode":true,"campfire_choices":[{"floor":12,"key":"RECALL"},{"data":"Rainbow","floor":15,"key":"SMITH"},{"floor":23,"key":"REST"}],"circlet_count":0,"master_deck":["Strike_B","Strike_B","Defend_B","Defend_B","Zap","Dualcast","Cold Snap","Conserve Battery","Cold Snap","Conserve Battery","Core Surge","Rainbow+1","Chill","Seek","Ball Lightning+1","Ball Lightning+1"],"relics":["Cracked Core","NeowsBlessing","Bird Faced Urn","Smiling Mask","Cables","Empty Cage"],"acts_visited":["Exordium","TheCity"],"potions_floor_usage":[8,8,13,16],"damage_taken":[{"damage":0,"enemies":"Cultist","floor":1,"turns":1},{"damage":0,"enemies":"3 Sentries","floor":6,"turns":1},{"damage":0,"enemies":"Gremlin Nob","floor":8,"turns":1},{"damage":8,"enemies":"Small Slimes","floor":10,"turns":3},{"damage":10,"enemies":"Jaw Worm","floor":11,"turns":4},{"damage":11,"enemies":"3 Sentries","floor":13,"turns":10},{"damage":9,"enemies":"Large Slime","floor":14,"turns":5},{"damage":9,"enemies":"Hexaghost","floor":16,"turns":12},{"damage":41,"enemies":"3 Byrds","floor":18,"turns":5},{"damage":11,"enemies":"Spheric Guardian","floor":21,"turns":4},{"damage":33,"enemies":"Book of Stabbing","floor":24,"turns":4}],"seed_played":"-7885913196610999713","potions_obtained":[{"floor":1,"key":"DistilledChaos"},{"floor":7,"key":"Strength Potion"},{"floor":7,"key":"PowerPotion"},{"floor":14,"key":"EssenceOfDarkness"},{"floor":16,"key":"Swift Potion"}],"is_trial":false,"path_per_floor":["M","?","$","?","$","E","?","E","T","M","M","R","E","M","R","B",null,"M","?","?","M","?","R","E"],"character_chosen":"DEFECT","items_purchased":["Conserve Battery"],"campfire_rested":1,"item_purchase_floors":[3],"current_hp_per_floor":[75,75,75,75,75,75,75,75,75,67,57,57,46,37,37,28,75,34,34,20,9,9,33,0,0],"gold":279,"neow_bonus":"THREE_ENEMY_KILL","is_daily":false,"chose_seed":false,"campfire_upgraded":1,"win_rate":0.0,"timestamp":1610858532,"path_taken":["M","?","$","?","?","E","?","E","T","M","M","R","E","M","R","BOSS","M","?","?","M","?","R","E"],"items_purchased_type":["Card"],"build_version":"2020-12-22","purchased_purges":0,"victory":false,"max_hp_per_floor":[75,75,75,75,75,75,75,75,75,75,75,75,75,75,75,75,75,75,75,80,80,80,80,80,80],"card_choices":[{"not_picked":["Heatsinks","Coolheaded"],"picked":"Cold Snap","floor":1},{"not_picked":["Stack","Go for the Eyes","Reprogram"],"picked":"SKIP","floor":6},{"not_picked":["Darkness","Gash"],"picked":"Cold Snap","floor":8},{"not_picked":["Compile Driver","Reinforced Body"],"picked":"Conserve Battery","floor":10},{"not_picked":["Leap","Chill"],"picked":"Core Surge","floor":11},{"not_picked":["Go for the Eyes","Gash"],"picked":"Rainbow","floor":13},{"not_picked":["Stack","Hello World"],"picked":"Chill","floor":14},{"not_picked":["Amplify","Hyperbeam"],"picked":"Seek","floor":16},{"not_picked":["Go for the Eyes","Turbo"],"picked":"Ball Lightning+1","floor":18},{"not_picked":["FTL","Skim+1"],"picked":"Ball Lightning+1","floor":21}],"player_experience":133551,"relics_obtained":[{"floor":6,"key":"Bird Faced Urn"},{"floor":8,"key":"Smiling Mask"},{"floor":13,"key":"Cables"}],"event_choices":[{"damage_healed":0,"gold_gain":0,"player_choice":"Ignored","damage_taken":0,"max_hp_gain":0,"max_hp_loss":0,"event_name":"Shining Light","floor":2,"gold_loss":0},{"cards_removed":["Strike_B"],"damage_healed":0,"gold_gain":0,"player_choice":"Card Removal","damage_taken":0,"max_hp_gain":0,"max_hp_loss":0,"event_name":"The Cleric","floor":4,"gold_loss":50},{"damage_healed":0,"gold_gain":0,"player_choice":"Got Potions","damage_taken":0,"max_hp_gain":0,"max_hp_loss":0,"event_name":"Lab","floor":7,"gold_loss":0},{"damage_healed":0,"gold_gain":0,"player_choice":"Ignored","damage_taken":0,"max_hp_gain":0,"max_hp_loss":0,"event_name":"Vampires","floor":19,"gold_loss":0},{"damage_healed":0,"gold_gain":0,"player_choice":"Shed Blood","damage_taken":19,"max_hp_gain":5,"max_hp_loss":0,"event_name":"Forgotten Altar","floor":20,"gold_loss":0},{"cards_removed":["Defend_B"],"damage_healed":0,"gold_gain":0,"player_choice":"Elegance","damage_taken":0,"max_hp_gain":0,"max_hp_loss":0,"event_name":"Back to Basics","floor":22,"gold_loss":0}],"is_beta":false,"boss_relics":[{"not_picked":["Snecko Eye","Fusion Hammer"],"picked":"Empty Cage"}],"items_purged_floors":[],"is_endless":false,"potions_floor_spawned":[1,14,16],"killed_by":"Book of Stabbing","ascension_level":3}}