{"host":"1z4hbl9vfqrhg136","time":1610841965,"event":{"mods":["BaseMod","Minty Spire (QoL Compilation)"],"gold_per_floor":[110,110,120,139,159,159,194,194,247,265,265,285,311,325,325,398,398,418,333,361,373,396,408,446,458,494,522,562,574,611,623,635,647,647],"floor_reached":33,"language":"ENG","playtime":2896,"items_purged":[],"score":634,"play_id":"9df05a58-1a0a-4846-af34-57fbe7ffa893","local_time":"20210117000605","is_ascension_mode":true,"campfire_choices":[{"data":"Carnage","floor":6.0,"key":"SMITH"},{"floor":11.0,"key":"REST"},{"data":"Bash","floor":15.0,"key":"SMITH"},{"data":"Whirlwind","floor":23.0,"key":"SMITH"},{"floor":25.0,"key":"REST"},{"data":"Flame Barrier","floor":29.0,"key":"SMITH"},{"floor":32,"key":"REST"}],"circlet_count":0,"master_deck":["AscendersBane","Strike_R","Strike_R","Strike_R","Strike_R","Strike_R","Defend_R+1","Defend_R","Defend_R+1","Defend_R","Bash+1","Pommel Strike","Uppercut","Carnage+1","Flame Barrier+1","Impervious+1","Burning Pact+1","Headbutt","Feel No Pain","Iron Wave","Offering+1","Whirlwind+1","Disarm+1","Power Through+1","Dual Wield+1","True Grit+1","Havoc+1","Writhe"],"relics":["Burning Blood","Champion Belt","Toxic Egg 2","Boot","Smiling Mask","Mark of Pain","MawBank","StrikeDummy","Nunchaku","Ice Cream","Question Card","War Paint"],"acts_visited":["Exordium","TheCity"],"potions_floor_usage":[30,33],"damage_taken":[{"damage":9.0,"enemies":"2 Louse","floor":1.0,"turns":3.0},{"damage":7.0,"enemies":"Small Slimes","floor":3.0,"turns":3.0},{"damage":4.0,"enemies":"Jaw Worm","floor":4.0,"turns":3.0},{"damage":6.0,"enemies":"Red Slaver","floor":5.0,"turns":3.0},{"damage":26.0,"enemies":"Gremlin Nob","floor":7.0,"turns":4.0},{"damage":11.0,"enemies":"3 Louse","floor":10.0,"turns":4.0},{"damage":17.0,"enemies":"Gremlin Gang","floor":12.0,"turns":6.0},{"damage":3.0,"enemies":"Lagavulin","floor":13.0,"turns":6.0},{"damage":10.0,"enemies":"Blue Slaver","floor":14.0,"turns":3.0},{"damage":29.0,"enemies":"Slime Boss","floor":16.0,"turns":12.0},{"damage":10.0,"enemies":"Shell Parasite","floor":18.0,"turns":4.0},{"damage":7.0,"enemies":"Spheric Guardian","floor":20.0,"turns":3.0},{"damage":18.0,"enemies":"3 Cultists","floor":22.0,"turns":4.0},{"damage":31.0,"enemies":"Book of Stabbing","floor":24.0,"turns":6.0},{"damage":6.0,"enemies":"Centurion and Healer","floor":27.0,"turns":4.0},{"damage":20.0,"enemies":"Slavers","floor":28.0,"turns":6.0},{"damage":9,"enemies":"Book of Stabbing","floor":30,"turns":5},{"damage":56,"enemies":"Champ","floor":33,"turns":16}],"seed_played":"-7306892921265724521","potions_obtained":[{"floor":3.0,"key":"Weak Potion"},{"floor":7.0,"key":"Weak Potion"},{"floor":12.0,"key":"Explosive Potion"},{"floor":14.0,"key":"AttackPotion"},{"floor":20.0,"key":"Dexterity Potion"},{"floor":22.0,"key":"PowerPotion"},{"floor":27.0,"key":"Energy Potion"},{"floor":28.0,"key":"Dexterity Potion"}],"is_trial":false,"path_per_floor":["M","?","M","M","M","R","E","?","T","M","R","M","E","M","R","B",null,"M","?","M","$","M","R","E","R","T","M","E","R","E","?","R","B"],"character_chosen":"IRONCLAD","items_purchased":[],"campfire_rested":3,"item_purchase_floors":[],"current_hp_per_floor":[47,47,46,48,48,48,28,28,28,23,45,34,37,33,33,10,59,55,55,54,54,42,42,17,39,39,39,25,25,22,22,44,0,0],"gold":647,"neow_bonus":"ONE_RARE_RELIC","is_daily":false,"chose_seed":false,"campfire_upgraded":4,"win_rate":0.0,"timestamp":1610841965,"path_taken":["M","?","M","M","M","R","E","?","T","M","R","M","E","M","R","BOSS","M","?","M","$","M","R","E","R","T","M","E","R","E","?","R","BOSS"],"items_purchased_type":[],"build_version":"2020-12-22","purchased_purges":0,"victory":false,"max_hp_per_floor":[75,75,75,75,75,75,75,75,75,75,75,75,75,75,75,75,75,75,75,75,75,75,75,75,75,75,75,75,75,75,75,75,75,75],"card_choices":[{"not_picked":["Twin Strike","Sword Boomerang"],"picked":"Pommel Strike","floor":1.0},{"not_picked":["Wild Strike","Iron Wave"],"picked":"Uppercut","floor":3.0},{"not_picked":["Clothesline","Entrench"],"picked":"Carnage","floor":4.0},{"not_picked":["Anger","Iron Wave"],"picked":"Flame Barrier","floor":5.0},{"not_picked":["Twin Strike","Infernal Blade+1"],"picked":"Impervious+1","floor":7.0},{"not_picked":["Anger","Sword Boomerang"],"picked":"Burning Pact+1","floor":10.0},{"not_picked":["Twin Strike","Clothesline"],"picked":"Headbutt","floor":12.0},{"not_picked":["Searing Blow","Body Slam"],"picked":"Feel No Pain","floor":13.0},{"not_picked":["Heavy Blade","Twin Strike"],"picked":"Iron Wave","floor":14.0},{"not_picked":["Impervious+1","Limit Break+1"],"picked":"Offering+1","floor":16.0},{"not_picked":["Armaments+1","Iron Wave"],"picked":"Whirlwind","floor":18.0},{"not_picked":["Twin Strike","Body Slam"],"picked":"Disarm+1","floor":20.0},{"not_picked":["Anger","Havoc+1"],"picked":"Power Through+1","floor":22.0},{"not_picked":["Anger","Heavy Blade"],"picked":"Dual Wield+1","floor":24.0},{"not_picked":["Thunderclap+1","Wild Strike"],"picked":"True Grit+1","floor":27.0},{"not_picked":["Sever Soul","Headbutt"],"picked":"Havoc+1","floor":28.0},{"not_picked":["Flex+1","Infernal Blade+1","Juggernaut"],"picked":"SKIP","floor":30}],"player_experience":1886141,"relics_obtained":[{"floor":7.0,"key":"Toxic Egg 2"},{"floor":9.0,"key":"Boot"},{"floor":13.0,"key":"Smiling Mask"},{"floor":24.0,"key":"StrikeDummy"},{"floor":26.0,"key":"Nunchaku"},{"floor":28.0,"key":"Ice Cream"},{"floor":30,"key":"Question Card"}],"event_choices":[{"damage_healed":0.0,"max_hp_gain":0.0,"max_hp_loss":0.0,"gold_gain":0.0,"event_name":"Liars Game","player_choice":"Ignored","floor":2.0,"gold_loss":0.0,"damage_taken":0.0},{"damage_healed":0.0,"max_hp_gain":0.0,"max_hp_loss":0.0,"gold_gain":0.0,"event_name":"Shining Light","player_choice":"Ignored","floor":8.0,"gold_loss":0.0,"damage_taken":0.0},{"damage_healed":0.0,"max_hp_gain":0.0,"max_hp_loss":0.0,"gold_gain":0.0,"event_name":"Addict","player_choice":"Obtained Relic","floor":19.0,"gold_loss":85.0,"damage_taken":0.0,"relics_obtained":["MawBank"]},{"damage_healed":0,"gold_gain":0,"player_choice":"Opened","damage_taken":0,"relics_obtained":["War Paint"],"max_hp_gain":0,"max_hp_loss":0,"event_name":"The Mausoleum","floor":31,"gold_loss":0,"cards_obtained":["Writhe"]}],"is_beta":false,"boss_relics":[{"not_picked":["Tiny House","SacredBark"],"picked":"Mark of Pain"}],"items_purged_floors":[],"is_endless":false,"potions_floor_spawned":[3,7,12,14,20,22,27,28],"killed_by":"Champ","ascension_level":20}}