{"host":"f5y45f7z7ziu0smp","time":1610857225,"event":{"mods":["AchievementEnabler","BaseMod","Marisa£¨Ùöéë¡¡Øª×âÞÞ£©","Minty Spire (QoL Compilation)","Permanent Neow","Starting Relic: Pandora\u0027s Box","SuperFastMode","¡¼?Úª?ø«¡½REMEMod"],"gold_per_floor":[169,344,344,356,167,195,195,220,220,246,259,27,62,81,81,183,183,199,215,130,69,85,118,118,150,221,221,232,232,232,248,248,345,345,359,359,375,277,290,290,290,301,353,8,8,43,43,74,74,74],"floor_reached":51,"language":"KOR","playtime":2109,"items_purged":["Dualcast"],"score":1195,"play_id":"c5a1d830-9d99-4e1c-9573-245666e1b5a2","local_time":"20210117132025","is_ascension_mode":true,"campfire_choices":[{"data":"Capacitor","floor":7,"key":"SMITH"},{"data":"Zap","floor":15,"key":"SMITH"},{"data":"Heatsinks","floor":27,"key":"SMITH"},{"data":"Adrenaline","floor":32,"key":"SMITH"},{"data":"Turbo","floor":40,"key":"SMITH"},{"data":"Storm","floor":45,"key":"SMITH"},{"floor":49,"key":"RECALL"}],"circlet_count":0,"master_deck":["Zap+1","Turbo+1","Sweeping Beam+1","Storm+1","Cold Snap+1","Redo+1","Leap+1","Conserve Battery+1","Adrenaline+1","Heatsinks+1","Beam Cell+1","Gash+1","Capacitor+1","Steam Power+1","Compile Driver+1","REME_Whirling+1","Gash+1","Capacitor+1","Reboot+1","REME_Shoggoth+1","REME_ForAll+1","Gash+1","Hello World+1","Force Field+1","Gash+1","REME_Whirling+1","Gash+1","Go for the Eyes+1","Biased Cognition+1","Storm+1","REME_Shoggoth+1","Gash+1","Master of Strategy+1","Secret Technique+1","Double Energy+1"],"relics":["REME_ComplimentaryCards","Tiny House","Spirit Poop","Membership Card","Bird Faced Urn","Matryoshka","Kunai","Thread and Needle","PreservedInsect","Gremlin Horn","Smiling Mask","SlaversCollar","Eternal Feather","White Beast Statue","Akabeko","Strawberry","REME_HourglassOfDeath","MutagenicStrength","Philosopher\u0027s Stone","Potion Belt","Anchor","Blue Candle","Torii","Mark of the Bloom","Gambling Chip"],"acts_visited":["Exordium","TheCity","TheBeyond"],"potions_floor_usage":[8,25,50,50,50],"damage_taken":[{"damage":1,"enemies":"Cultist","floor":1,"turns":3},{"damage":12,"enemies":"Small Slimes","floor":4,"turns":2},{"damage":24,"enemies":"Gremlin Nob","floor":6,"turns":4},{"damage":23,"enemies":"3 Sentries","floor":8,"turns":4},{"damage":22,"enemies":"Gremlin Nob","floor":10,"turns":4},{"damage":0,"enemies":"Jaw Worm","floor":11,"turns":3},{"damage":20,"enemies":"3 Sentries","floor":13,"turns":3},{"damage":0,"enemies":"Large Slime","floor":14,"turns":4},{"damage":0,"enemies":"Slime Boss","floor":16,"turns":2},{"damage":6,"enemies":"Chosen","floor":18,"turns":3},{"damage":0,"enemies":"3 Byrds","floor":19,"turns":2},{"damage":36,"enemies":"Snecko","floor":22,"turns":5},{"damage":27,"enemies":"Gremlin Leader","floor":23,"turns":2},{"damage":4,"enemies":"REME_1_Revenger","floor":25,"turns":3},{"damage":8,"enemies":"Shelled Parasite and Fungi","floor":28,"turns":3},{"damage":11,"enemies":"Chosen and Byrds","floor":31,"turns":2},{"damage":0,"enemies":"Automaton","floor":33,"turns":3},{"damage":8,"enemies":"Orb Walker","floor":35,"turns":2},{"damage":26,"enemies":"3 Shapes","floor":37,"turns":2},{"damage":30,"enemies":"Sphere and 2 Shapes","floor":39,"turns":1},{"damage":0,"enemies":"3 Darklings","floor":42,"turns":1},{"damage":0,"enemies":"Nemesis","floor":46,"turns":1},{"damage":0,"enemies":"Reptomancer","floor":48,"turns":2},{"damage":0,"enemies":"Donu and Deca","floor":50,"turns":2}],"seed_played":"-2029688047393711869","potions_obtained":[{"floor":0,"key":"Fire Potion"},{"floor":18,"key":"Explosive Potion"},{"floor":23,"key":"FocusPotion"},{"floor":25,"key":"Energy Potion"},{"floor":28,"key":"Energy Potion"},{"floor":46,"key":"AttackPotion"},{"floor":48,"key":"Explosive Potion"}],"is_trial":false,"path_per_floor":["M","?","?","M","$","E","R","E","T","E","M","$","E","M","R","B",null,"M","M","?","$","M","E","?","E","T","R","M","?","?","M","R","B",null,"M","?","M","$","M","R","?","M","T","$","R","E","?","E","R","B",null],"character_chosen":"DEFECT","items_purchased":["Membership Card","Capacitor","Gash","Gremlin Horn","Capacitor","Reboot","Gash","Hello World","Master of Strategy","Anchor","Secret Technique","Blue Candle"],"campfire_rested":0,"item_purchase_floors":[5,5,12,12,12,12,21,21,38,44,44,44],"current_hp_per_floor":[80,80,80,68,68,51,51,43,43,36,42,42,39,47,47,64,80,80,80,80,80,57,45,45,60,67,82,87,87,87,76,87,87,87,79,79,59,59,40,61,61,65,65,65,83,87,87,87,87,87],"gold":74,"neow_bonus":"BOSS_RELIC","is_daily":false,"chose_seed":false,"campfire_upgraded":6,"win_rate":0.0,"timestamp":1610857225,"path_taken":["M","?","?","M","$","E","R","E","T","E","?","$","E","M","R","BOSS","M","M","?","$","M","E","?","E","T","R","M","?","?","M","R","BOSS","M","?","?","$","M","R","?","M","T","$","R","E","?","E","R","BOSS"],"items_purchased_type":["Relic","Card","Card","Relic","Card","Card","Card","Card","Card","Relic","Card","Relic"],"build_version":"2020-12-22","purchased_purges":1,"victory":true,"max_hp_per_floor":[80,80,80,80,80,80,80,80,80,80,80,80,80,80,80,80,80,80,80,80,80,80,80,80,80,87,87,87,87,87,87,87,87,87,87,87,87,87,87,87,87,87,87,87,87,87,87,87,87,87],"card_choices":[{"not_picked":["Leap","Rebound"],"picked":"Heatsinks","floor":0},{"not_picked":["REME_Compress","Leap"],"picked":"Beam Cell","floor":1},{"not_picked":["Hello World","Redo"],"picked":"Gash","floor":4},{"not_picked":["Leap","Hologram"],"picked":"Steam Power","floor":6},{"not_picked":["Redo","Streamline"],"picked":"Compile Driver","floor":8},{"not_picked":["Recycle","Blizzard","REME_Compress"],"picked":"SKIP","floor":10},{"not_picked":["Cold Snap","Compile Driver"],"picked":"REME_Whirling","floor":11},{"not_picked":["Steam Power","Turbo"],"picked":"REME_Shoggoth","floor":13},{"not_picked":["Self Repair","Streamline","Rip and Tear"],"picked":"SKIP","floor":14},{"not_picked":["Rainbow","Fission"],"picked":"REME_ForAll","floor":16},{"not_picked":["Stack","Self Repair","Coolheaded"],"picked":"SKIP","floor":18},{"not_picked":["Barrage+1","Scrape","Rebound+1"],"picked":"SKIP","floor":19},{"not_picked":["Recycle","Reprogram","Steam Power"],"picked":"SKIP","floor":22},{"not_picked":["Rebound","Conserve Battery"],"picked":"Force Field+1","floor":23},{"not_picked":["Leap","Compile Driver+1"],"picked":"Gash","floor":25},{"not_picked":["Reprogram","Darkness"],"picked":"REME_Whirling","floor":28},{"not_picked":["Loop","Blizzard"],"picked":"Go for the Eyes","floor":31},{"not_picked":["Rainbow","Creative AI"],"picked":"Biased Cognition","floor":33},{"not_picked":["Conserve Battery","Streamline+1"],"picked":"Storm","floor":35},{"not_picked":["Force Field","Fusion+1"],"picked":"Gash","floor":37},{"not_picked":["Force Field","Barrage+1","Streamline"],"picked":"SKIP","floor":39},{"not_picked":["Redo","Barrage","Genetic Algorithm+1"],"picked":"SKIP","floor":42},{"not_picked":["Redo+1","REME_Compress+1","Conserve Battery"],"picked":"SKIP","floor":46},{"not_picked":["Reboot","Leap+1"],"picked":"Double Energy+1","floor":48}],"player_experience":124877,"relics_obtained":[{"floor":6,"key":"Bird Faced Urn"},{"floor":8,"key":"Matryoshka"},{"floor":9,"key":"Kunai"},{"floor":9,"key":"Thread and Needle"},{"floor":10,"key":"PreservedInsect"},{"floor":13,"key":"Smiling Mask"},{"floor":23,"key":"White Beast Statue"},{"floor":25,"key":"Akabeko"},{"floor":26,"key":"Strawberry"},{"floor":26,"key":"REME_HourglassOfDeath"},{"floor":43,"key":"Potion Belt"},{"floor":46,"key":"Torii"},{"floor":48,"key":"Gambling Chip"}],"event_choices":[{"damage_healed":0,"gold_gain":175,"player_choice":"AGREE","damage_taken":0,"max_hp_gain":0,"max_hp_loss":0,"event_name":"Liars Game","floor":2,"gold_loss":0,"cards_obtained":["Doubt"]},{"cards_removed":["Doubt"],"damage_healed":0,"gold_gain":0,"player_choice":"Offered Curse","damage_taken":0,"relics_obtained":["Spirit Poop"],"max_hp_gain":0,"max_hp_loss":0,"event_name":"Bonfire Elementals","floor":3,"gold_loss":0},{"damage_healed":0,"gold_gain":0,"player_choice":"Obtained Relic","damage_taken":0,"relics_obtained":["Eternal Feather"],"max_hp_gain":0,"max_hp_loss":0,"event_name":"Addict","floor":20,"gold_loss":85},{"damage_healed":0,"gold_gain":0,"player_choice":"Ignored","damage_taken":0,"max_hp_gain":0,"max_hp_loss":0,"event_name":"Beggar","floor":24,"gold_loss":0},{"damage_healed":0,"gold_gain":0,"player_choice":"Inject Mutagens","damage_taken":0,"relics_obtained":["MutagenicStrength"],"max_hp_gain":0,"max_hp_loss":0,"event_name":"Drug Dealer","floor":29,"gold_loss":0},{"damage_healed":0,"gold_gain":0,"player_choice":"Read","damage_taken":0,"max_hp_gain":0,"max_hp_loss":0,"event_name":"The Library","floor":30,"gold_loss":0,"cards_obtained":["Gash"]},{"damage_healed":0,"gold_gain":0,"player_choice":"1 cards matched","damage_taken":0,"max_hp_gain":0,"max_hp_loss":0,"event_name":"Match and Keep!","floor":36,"gold_loss":0,"cards_obtained":["REME_Shoggoth"]},{"cards_removed":["Self Repair"],"damage_healed":0,"gold_gain":0,"player_choice":"Removed Power","damage_taken":0,"max_hp_gain":0,"max_hp_loss":0,"event_name":"Falling","floor":41,"gold_loss":0},{"damage_healed":0,"gold_gain":0,"player_choice":"Upgrade","damage_taken":0,"relics_obtained":["Mark of the Bloom"],"max_hp_gain":0,"max_hp_loss":0,"event_name":"MindBloom","floor":47,"gold_loss":0,"cards_upgraded":["Sweeping Beam","Cold Snap","Redo","Leap","Conserve Battery","Beam Cell","Gash","Steam Power","Compile Driver","REME_Whirling","Gash","Capacitor","Reboot","REME_Shoggoth","REME_ForAll","Gash","Hello World","Gash","REME_Whirling","Gash","Go for the Eyes","Biased Cognition","REME_Shoggoth","Gash","Master of Strategy","Secret Technique"]}],"is_beta":false,"boss_relics":[{"not_picked":["Velvet Choker","Busted Crown"],"picked":"SlaversCollar"},{"not_picked":["REME_DuelDisc","REME_DemonsWealth"],"picked":"Philosopher\u0027s Stone"}],"items_purged_floors":[44],"is_endless":false,"potions_floor_spawned":[4,8,10,16,18,23,25,28,31,33,35,37,39,42,46,48],"ascension_level":1}}