{"host":"8lgo2trwv2o0qyml","time":1610898386,"event":{"mods":["BaseMod","Colored Map","Colored Powertips","DeckTracker","Highlight Path","Hubris","Infinite Spire","Minty Spire (QoL Compilation)","Quick Restart","Random Character Button","Relic Sorter","Replay The Spire","StSLib","SuperFastMode","Synergy Search"],"gold_per_floor":[115,42,42,54,54,84,97,97,168,168,182,182,210,210,210,309,409,420,435,635,649,649,679,690,690,690,718,718,489,502,502,502,600,600,610,663,679,692,692,692,706,735,761,761,761,774,824,855,855,855,855,855,462,497,497,497],"floor_reached":55,"playtime":3958,"items_purged":["Writhe"],"score":848,"play_id":"10a8ffe6-1038-4a3e-8697-079d8e11f2b0","local_time":"20210117104626","is_ascension_mode":false,"campfire_choices":[{"data":"Reaper","floor":8,"key":"SMITH"},{"data":"Survivor","floor":10,"key":"SMITH"},{"data":"Fire Breathing","floor":12,"key":"SMITH"},{"data":"Rage","floor":15,"key":"SMITH"},{"floor":25,"key":"REST"},{"floor":28,"key":"RECALL"},{"floor":32,"key":"REST"},{"floor":40,"key":"REST"},{"floor":45,"key":"REST"},{"floor":52,"key":"REST"}],"circlet_count":0,"master_deck":["Strike_R","Defend_R","Defend_R","Shrug It Off","Rage+1","Havoc","Survivor+1","Neutralize","Reaper+1","Wild Strike+1","Fire Breathing+1","Rage+1","Feed+1","CurseOfTheBell","Armaments+1","Flex","Inflame","Sentinel+1","Iron Wave","Flex","Demon Form","Battle Trance+1","Headbutt","hubris:ReadiedAction+1","Defy Death+1","Armaments+1","Wild Strike+1","Reckless Charge+1","Warcry+1","Combust+1","Headbutt+1","Body Slam+1","hubris:ReadiedAction+1","Havoc+1"],"relics":["Burning Blood","BranchBurnRelic","infinitespire:Joker Card","infinitespire:EmpoweringShard","Iron Hammer","Replay:Bottled Snecko","hubris:Towel","Replay:Grab Bag","Replay:Wanted Poster","Fusion Hammer","SacredBark","Calling Bell","Orichalcum","Replay:Towering Pillar of Hats","Replay:Bottled Steam","Vajra","infinitespire:Bottled Soul","Replay:Wax Seal","ReplayTheSpireMod:CursedCoin","Magic Flower","Replay:Drink Me","Prayer Wheel","Empty Cage","Medical Kit","infinitespire:PuzzleCube","Blue Candle","Replay:Baseball","Quantum Egg","hubris:ChampionShield"],"acts_visited":["Exordium","TheCity","TheBeyond","TheEnding"],"potions_floor_usage":[6,6,13,21,23,24,47,50,54],"damage_taken":[{"damage":5,"enemies":"Small Slimes","floor":1,"turns":4},{"damage":0,"enemies":"2 Louse","floor":4,"turns":2},{"damage":31,"enemies":"Lagavulin","floor":6,"turns":12},{"damage":0,"enemies":"Jaw Worm","floor":7,"turns":4},{"damage":2,"enemies":"Exordium Thugs","floor":11,"turns":5},{"damage":9,"enemies":"3 Sentries","floor":13,"turns":5},{"damage":45,"enemies":"Hexaghost","floor":16,"turns":12},{"damage":18,"enemies":"3 Byrds","floor":18,"turns":5},{"damage":3,"enemies":"Shell Parasite","floor":19,"turns":7},{"damage":4,"enemies":"Shelled Parasite and Fungi","floor":21,"turns":4},{"damage":39,"enemies":"Gremlin Leader","floor":23,"turns":12},{"damage":14,"enemies":"Sentry and Sphere","floor":24,"turns":6},{"damage":52,"enemies":"Slavers","floor":27,"turns":7},{"damage":22,"enemies":"3 Cultists","floor":30,"turns":6},{"damage":109,"enemies":"hubris:MusketHawk","floor":33,"turns":14},{"damage":38,"enemies":"3 Darklings","floor":35,"turns":5},{"damage":2,"enemies":"2 Orb Walkers","floor":36,"turns":3},{"damage":4,"enemies":"Orb Walker","floor":37,"turns":2},{"damage":25,"enemies":"Transient","floor":38,"turns":5},{"damage":10,"enemies":"Sphere and 2 Shapes","floor":41,"turns":6},{"damage":0,"enemies":"Giant Head","floor":42,"turns":7},{"damage":3,"enemies":"Jaw Worm Horde","floor":46,"turns":5},{"damage":3,"enemies":"Mind Bloom Boss Battle","floor":47,"turns":5},{"damage":41,"enemies":"Nightmare","floor":48,"turns":10},{"damage":30,"enemies":"hubris:GrandSnecko","floor":50,"turns":9},{"damage":38,"enemies":"Shield and Spear","floor":54,"turns":4},{"damage":119,"enemies":"The Heart","floor":55,"turns":6}],"seed_played":"2074334952347418182","potions_obtained":[{"floor":1,"key":"Flashbang"},{"floor":4,"key":"AttackPotion"},{"floor":11,"key":"PowerPotion"},{"floor":18,"key":"EssenceOfSteel"},{"floor":19,"key":"Cursed Concoction"},{"floor":23,"key":"Strength Potion"},{"floor":36,"key":"Weak Potion"},{"floor":38,"key":"Death Potion"},{"floor":42,"key":"Doom Potion"},{"floor":46,"key":"Fruit Juice"}],"is_trial":false,"path_per_floor":["M","$","?","M","?","E","M","R","T","R","M","R","E","?","R","B",null,"M","M","?","M","?","E","M","R","T","E","R","$","M","$","R","B",null,"M","?","M","M","AVR","R","M","E","T","?","R","M","?","NM","R_BF","B",null,"R","$","E","B"],"character_chosen":"IRONCLAD","items_purchased":["Rage","ReplayTheSpireMod:CursedCoin","Magic Flower","Replay:Baseball","Quantum Egg"],"campfire_rested":5,"item_purchase_floors":[2,29,29,53,53],"current_hp_per_floor":[57,57,57,63,63,38,49,49,49,49,65,65,68,68,68,35,80,68,77,77,88,88,72,68,92,92,92,92,92,79,79,92,29,69,69,69,69,69,69,69,73,77,77,77,77,81,91,73,91,77,91,91,91,74,0,0],"gold":497,"neow_bonus":"ONE_RARE_RELIC","is_daily":false,"chose_seed":false,"campfire_upgraded":4,"win_rate":0.0,"timestamp":1610898386,"path_taken":["M","$","?","M","?","E","M","R","T","R","M","R","E","?","R","BOSS","M","M","?","?","?","E","M","R","T","E","R","$","M","?","R","BOSS","M","?","M","M","AVR","R","M","E","T","?","R","?","?","NM","R_BF","BOSS","R","$","E","BOSS"],"items_purchased_type":["Card","Relic","Relic","Relic","Relic"],"build_version":"2020-12-22","purchased_purges":1,"victory":false,"max_hp_per_floor":[80,80,80,80,80,80,80,80,80,80,80,80,80,80,80,80,80,80,84,84,88,88,88,92,92,92,92,92,92,92,92,92,92,69,69,69,69,69,69,69,73,77,77,77,77,81,91,91,91,91,91,91,91,91,91,91],"card_choices":[{"not_picked":["Clothesline","Sword Boomerang"],"picked":"Shrug It Off","floor":1},{"not_picked":["Power Through","True Grit"],"picked":"Havoc","floor":4},{"not_picked":["ReplayReversal","Burning Pact"],"picked":"Reaper","floor":6},{"not_picked":["Body Slam","Flex"],"picked":"Wild Strike","floor":7},{"not_picked":["True Grit","Pummel"],"picked":"Fire Breathing","floor":11},{"not_picked":["ReplayTheSpireMod:Strike From Hell","Wild Strike"],"picked":"Rage","floor":13},{"not_picked":["Bludgeon","Reaper"],"picked":"Feed","floor":16},{"not_picked":["Life Link","hubris:ReadiedAction"],"picked":"Armaments+1","floor":18},{"not_picked":["Clash","Clothesline","Brutality"],"picked":"SKIP","floor":19},{"not_picked":["Thunderclap","infinitespire:OneForAll"],"picked":"Flex","floor":21},{"not_picked":["Thunderclap","Clash"],"picked":"Inflame","floor":23},{"not_picked":["Replay:Undeath\u0027s Touch+1","Seeing Red"],"picked":"Sentinel+1","floor":24},{"not_picked":["Run Through","Second Wind"],"picked":"Iron Wave","floor":27},{"not_picked":["Armaments","Sword Boomerang"],"picked":"Flex","floor":30},{"not_picked":["Corruption","Double Tap"],"picked":"Demon Form","floor":33},{"not_picked":["hubris:ReadiedAction","Flex"],"picked":"Battle Trance+1","floor":35},{"not_picked":["Armaments","Anger"],"picked":"Headbutt","floor":36},{"not_picked":["Iron Wave","Havoc"],"picked":"hubris:ReadiedAction+1","floor":37},{"not_picked":["Carnage+1","Anger"],"picked":"Defy Death+1","floor":37},{"not_picked":["Run Through","Fiend Fire"],"picked":"Armaments+1","floor":38},{"not_picked":["Iron Wave","True Grit+1"],"picked":"Wild Strike+1","floor":38},{"not_picked":["Offering","Shrug It Off+1"],"picked":"Reckless Charge+1","floor":41},{"not_picked":["Clothesline","Clash"],"picked":"Warcry+1","floor":41},{"not_picked":["Brutality","Clothesline"],"picked":"Combust+1","floor":42},{"not_picked":["Bloodletting","Clash+1"],"picked":"Headbutt+1","floor":46},{"not_picked":["ReplayTheSpireMod:Strike From Hell","Brutality"],"picked":"Body Slam+1","floor":46},{"not_picked":["Flex","Bludgeon"],"picked":"hubris:ReadiedAction+1","floor":47},{"not_picked":["Dual Wield","Uppercut"],"picked":"Havoc+1","floor":48},{"not_picked":["ReplayTheSpireMod:Limb From Limb+1","Clothesline+1","hubris:ReadiedAction+1"],"picked":"SKIP","floor":54}],"player_experience":81927,"relics_obtained":[{"floor":6,"key":"infinitespire:EmpoweringShard"},{"floor":9,"key":"Iron Hammer"},{"floor":13,"key":"Replay:Bottled Snecko"},{"floor":17,"key":"Orichalcum"},{"floor":17,"key":"Replay:Towering Pillar of Hats"},{"floor":17,"key":"Replay:Bottled Steam"},{"floor":23,"key":"Vajra"},{"floor":26,"key":"infinitespire:Bottled Soul"},{"floor":27,"key":"Replay:Wax Seal"},{"floor":36,"key":"Prayer Wheel"},{"floor":42,"key":"infinitespire:PuzzleCube"},{"floor":47,"key":"Dead Branch"},{"floor":48,"key":"Blue Candle"},{"floor":54,"key":"hubris:ChampionShield"}],"event_choices":[{"damage_healed":0,"gold_gain":250,"player_choice":"Bet on Owner","damage_taken":0,"max_hp_gain":0,"max_hp_loss":0,"event_name":"The Joust","floor":20,"gold_loss":50},{"damage_healed":0,"gold_gain":0,"player_choice":"Upgraded","damage_taken":0,"max_hp_gain":0,"max_hp_loss":0,"event_name":"Upgrade Shrine","floor":22,"gold_loss":0,"cards_upgraded":["Feed"]},{"damage_healed":0,"gold_gain":0,"player_choice":"Fight","damage_taken":0,"max_hp_gain":0,"max_hp_loss":0,"event_name":"Mysterious Sphere","floor":36,"gold_loss":0},{"cards_removed":["Defend_R"],"damage_healed":0,"gold_gain":0,"player_choice":"Purged","damage_taken":0,"max_hp_gain":0,"max_hp_loss":0,"event_name":"Purifier","floor":44,"gold_loss":0},{"damage_healed":0,"gold_gain":0,"player_choice":"Fight","damage_taken":0,"max_hp_gain":0,"max_hp_loss":0,"event_name":"MindBloom","floor":47,"gold_loss":0}],"is_beta":false,"boss_relics":[{"not_picked":["Ectoplasm","hubris:BlackHole"],"picked":"Replay:Grab Bag"},{"not_picked":["hubris:GrandSneckoEye","Runic Dome"],"picked":"Replay:Wanted Poster"},{"not_picked":["ReplayTheSpireMod:Onyx Gauntlets","hubris:CrackedHourglass"],"picked":"Fusion Hammer"},{"not_picked":["ReplayTheSpireMod:SealedPack","Runic Cube"],"picked":"SacredBark"},{"not_picked":["hubris:HollowSoul","hubris:ScarierMask"],"picked":"Calling Bell"},{"not_picked":["Ring of Chaos","Painkiller Herb"],"picked":"Replay:Drink Me"}],"items_purged_floors":[29],"is_endless":false,"potions_floor_spawned":[1,4,11,18,19,23,36,38,42,46],"killed_by":"The Heart","ascension_level":0}}