{"host":"gkh5j5k5w4qf7k7n","time":1610850721,"event":{"mods":["2.2 Compatiblity","AchievementEnabler","Arknights The Spire","BaseMod","Colored Map","Colored Powertips","GifTheSpireLib","Hermit","Keyboard Shortcuts","Minty Spire (QoL Compilation)","Quick Restart","StSLib","SuperFastMode","The Druid","The Problem Sleuth","TheBandit","¡¼?Úª?ø«¡½REMEMod"],"gold_per_floor":[116,41,60,135,145,180,1,28,28,46,46,46,56,56,56,56,56,56],"floor_reached":16,"language":"KOR","playtime":578,"items_purged":["theSleuth:Defend","theSleuth:Strike"],"score":223,"play_id":"91f1e104-47e8-467e-877b-4999bb8bc017","local_time":"20210117113201","is_ascension_mode":true,"campfire_choices":[{"data":"theSleuth:FudgeDeck","floor":12.0,"key":"SMITH"},{"data":"theSleuth:FudgeDeck","floor":15.0,"key":"SMITH"}],"circlet_count":0,"master_deck":["AscendersBane","theSleuth:Strike","theSleuth:Strike","theSleuth:Strike","theSleuth:Defend","theSleuth:Defend","theSleuth:KeyHandgun","theSleuth:TakeInventory+1","theSleuth:Diplomacy","theSleuth:HeroBust","DeusExMachina","theSleuth:FudgeDeck+1","theSleuth:Joust","theSleuth:BiteHardly","theSleuth:FudgeDeck+1","theSleuth:BenStillerBust","Decay"],"relics":["theSleuth:Typewriter","REME_ComplimentaryCards","Boot","Kunai","Lantern"],"acts_visited":["Exordium"],"potions_floor_usage":[],"damage_taken":[{"damage":2.0,"enemies":"Cultist","floor":1.0,"turns":5.0},{"damage":7.0,"enemies":"Small Slimes","floor":3.0,"turns":5.0},{"damage":7.0,"enemies":"Jaw Worm","floor":5.0,"turns":3.0},{"damage":34.0,"enemies":"3 Sentries","floor":6.0,"turns":15.0},{"damage":0.0,"enemies":"Lagavulin","floor":8.0,"turns":10.0},{"damage":0.0,"enemies":"Exordium Wildlife","floor":10.0,"turns":4.0},{"damage":7.0,"enemies":"Gremlin Gang","floor":13.0,"turns":4.0},{"damage":20,"enemies":"The Guardian","floor":16,"turns":2}],"seed_played":"-8430664781956662984","potions_obtained":[{"floor":5.0,"key":"Fruit Juice"},{"floor":6.0,"key":"Fruit Juice"},{"floor":8.0,"key":"Energy Potion"}],"is_trial":false,"path_per_floor":["M","$","M","?","M","E","$","E","T","M","?","R","M","?","R","B"],"character_chosen":"THE_sleuth","items_purchased":["theSleuth:FudgeDeck"],"campfire_rested":0,"item_purchase_floors":[7],"current_hp_per_floor":[64,64,57,50,48,14,14,19,19,19,19,19,12,12,12,0,0,0],"gold":56,"neow_bonus":"ONE_RANDOM_RARE_CARD","is_daily":false,"chose_seed":false,"campfire_upgraded":2,"win_rate":0.0,"timestamp":1610850721,"path_taken":["M","$","M","?","M","E","$","E","T","M","?","R","M","?","R","BOSS"],"items_purchased_type":["Card"],"build_version":"2020-12-22","purchased_purges":2,"victory":false,"max_hp_per_floor":[73,73,73,73,78,78,78,83,83,83,83,83,83,83,83,83,83,83],"card_choices":[{"not_picked":["theSleuth:BenStillerBust","theSleuth:Appropriate"],"picked":"theSleuth:FudgeDeck","floor":1.0},{"not_picked":["theSleuth:CharismaBlast","theSleuth:Ogle"],"picked":"theSleuth:Joust","floor":3.0},{"not_picked":["theSleuth:HeartStab","theSleuth:TruffleTrouble"],"picked":"theSleuth:BiteHardly","floor":5.0},{"not_picked":["theSleuth:Ignore","theSleuth:VictoryPose","theSleuth:DiamondArmor"],"picked":"SKIP","floor":6.0},{"not_picked":["theSleuth:KeyringTommygun","theSleuth:Taze","theSleuth:FlaskOfWhiskey"],"picked":"SKIP","floor":8.0},{"not_picked":["theSleuth:Unscale","theSleuth:WilsonBust"],"picked":"theSleuth:BenStillerBust","floor":10.0},{"not_picked":["theSleuth:DiamondArmor","theSleuth:TruffleShuffle","theSleuth:Leer"],"picked":"SKIP","floor":13.0}],"player_experience":814536,"relics_obtained":[{"floor":6.0,"key":"Boot"},{"floor":8.0,"key":"Kunai"},{"floor":9.0,"key":"Lantern"}],"event_choices":[{"damage_healed":0.0,"max_hp_gain":0.0,"max_hp_loss":0.0,"gold_gain":75.0,"event_name":"FaceTrader","player_choice":"Touch","floor":4.0,"gold_loss":0.0,"damage_taken":7.0},{"damage_healed":0.0,"max_hp_gain":0.0,"max_hp_loss":0.0,"gold_gain":0.0,"event_name":"Upgrade Shrine","player_choice":"Upgraded","floor":11.0,"gold_loss":0.0,"damage_taken":0.0,"cards_upgraded":["theSleuth:TakeInventory"]},{"damage_healed":0.0,"max_hp_gain":0.0,"max_hp_loss":0.0,"gold_gain":0.0,"event_name":"Wheel of Change","player_choice":"Cursed","floor":14.0,"gold_loss":0.0,"damage_taken":0.0,"cards_obtained":["Decay"]}],"is_beta":false,"boss_relics":[],"items_purged_floors":[2,7],"is_endless":false,"potions_floor_spawned":[5,6,8],"killed_by":"The Guardian","ascension_level":13}}