{"host":"3a1ypf1irl30q4k8","time":1610915872,"event":{"mods":["AchievementEnabler","BaseMod","Bestiary","Colored Map","Minty Spire (QoL Compilation)","Relic Stats"],"gold_per_floor":[114,133,144,160,178,207,222,253,279,279,306,271,271,284,284,284,284],"floor_reached":16,"language":"ENG","playtime":750,"items_purged":[],"score":143,"play_id":"6c7778d8-8782-44d3-a4aa-a0ab17be5ae4","local_time":"20210117203752","is_ascension_mode":true,"campfire_choices":[{"data":"Bash","floor":10,"key":"SMITH"},{"data":"Carnage","floor":13,"key":"SMITH"},{"data":"Fiend Fire","floor":15,"key":"SMITH"}],"circlet_count":0,"master_deck":["Strike_R","Strike_R","Strike_R","Strike_R","Strike_R","Defend_R","Defend_R","Defend_R","Defend_R","Bash+1","Fiend Fire+1","Iron Wave+1","Carnage+1","Ghostly Armor","Whirlwind","Immolate+1","Metallicize","Cleave","Armaments","Battle Trance","True Grit"],"relics":["Burning Blood","MealTicket","Whetstone","Omamori"],"acts_visited":["Exordium"],"potions_floor_usage":[4,4,11],"damage_taken":[{"damage":12,"enemies":"Small Slimes","floor":1,"turns":4},{"damage":7,"enemies":"Jaw Worm","floor":2,"turns":3},{"damage":0,"enemies":"2 Louse","floor":3,"turns":2},{"damage":26,"enemies":"Exordium Thugs","floor":4,"turns":3},{"damage":16,"enemies":"Large Slime","floor":5,"turns":5},{"damage":16,"enemies":"Gremlin Nob","floor":6,"turns":3},{"damage":3,"enemies":"Blue Slaver","floor":7,"turns":3},{"damage":10,"enemies":"3 Sentries","floor":8,"turns":3},{"damage":16,"enemies":"Gremlin Nob","floor":11,"turns":3},{"damage":1,"enemies":"Looter","floor":14,"turns":3},{"damage":47,"enemies":"The Guardian","floor":16,"turns":11}],"seed_played":"8975065122367935250","potions_obtained":[{"floor":1,"key":"Explosive Potion"},{"floor":3,"key":"AttackPotion"},{"floor":4,"key":"BlessingOfTheForge"},{"floor":8,"key":"Explosive Potion"}],"is_trial":false,"path_per_floor":["M","M","M","M","M","E","M","E","T","R","E","?","R","M","R","B"],"character_chosen":"IRONCLAD","items_purchased":[],"campfire_rested":0,"item_purchase_floors":[],"current_hp_per_floor":[66,65,71,51,41,31,34,30,30,30,20,38,38,43,43,0,0],"gold":284,"neow_bonus":"THREE_RARE_CARDS","is_daily":false,"chose_seed":false,"campfire_upgraded":3,"win_rate":0.0,"timestamp":1610915872,"path_taken":["M","M","M","M","M","E","M","E","T","R","E","?","R","M","R","BOSS"],"items_purchased_type":[],"build_version":"2020-12-22","purchased_purges":0,"victory":false,"max_hp_per_floor":[72,72,72,72,72,72,72,72,72,72,72,72,72,72,72,72,72],"relic_stats":{"counters":[11,43],"MealTicket":0,"Whetstone":["Immolate","Iron Wave"],"obtain_stats":[{"MealTicket":6,"Omamori":11,"Whetstone":8,"Burning Blood":0},{"MealTicket":6,"Omamori":9,"Whetstone":8,"Burning Blood":0},{"MealTicket":20,"Omamori":29,"Whetstone":26,"Burning Blood":0}],"Burning Blood":60},"card_choices":[{"not_picked":["Reaper","Barricade"],"picked":"Fiend Fire","floor":0},{"not_picked":["Pummel","Body Slam"],"picked":"Iron Wave","floor":1},{"not_picked":["Rage","Heavy Blade"],"picked":"Carnage","floor":2},{"not_picked":["Clash","Twin Strike"],"picked":"Ghostly Armor","floor":3},{"not_picked":["Flex","Searing Blow"],"picked":"Whirlwind","floor":4},{"not_picked":["Havoc","Shrug It Off"],"picked":"Immolate","floor":5},{"not_picked":["Perfected Strike","Clash"],"picked":"Metallicize","floor":6},{"not_picked":["Carnage","Flex"],"picked":"Cleave","floor":7},{"not_picked":["Perfected Strike","Carnage"],"picked":"Armaments","floor":8},{"not_picked":["Warcry","Limit Break"],"picked":"Battle Trance","floor":11},{"not_picked":["Metallicize","Feel No Pain"],"picked":"True Grit","floor":14}],"player_experience":1100694,"relics_obtained":[{"floor":6,"key":"MealTicket"},{"floor":8,"key":"Whetstone"},{"floor":11,"key":"Omamori"}],"event_choices":[{"damage_healed":18,"gold_gain":0,"player_choice":"Healed","damage_taken":0,"max_hp_gain":0,"max_hp_loss":0,"event_name":"The Cleric","floor":12,"gold_loss":35}],"is_beta":false,"boss_relics":[],"items_purged_floors":[],"is_endless":false,"potions_floor_spawned":[1,3,4,8],"killed_by":"The Guardian","ascension_level":3}}