{"host":"2se5dq1do2gp0x9k","time":1610854716,"event":{"mods":["AchievementEnabler","BaseMod","Block Reminder","Colored Map","Colored Powertips","Minty Spire (QoL Compilation)","Relic Stats","StSLib","SuperFastMode"],"gold_per_floor":[109,124,20,20,20,20,20,64,118,118,118,118,132,146,146,245,245,268,268,268,268,268],"floor_reached":21,"language":"ENG","playtime":556,"items_purged":["Strike_B"],"score":400,"play_id":"311450d3-db89-4ead-86a5-fdf99bbcb6d1","local_time":"20210116193836","is_ascension_mode":true,"campfire_choices":[{"data":"Zap","floor":7,"key":"SMITH"},{"data":"Coolheaded","floor":10,"key":"SMITH"},{"data":"Conserve Battery","floor":12,"key":"SMITH"},{"floor":15,"key":"REST"}],"circlet_count":0,"master_deck":["AscendersBane","Strike_B","Strike_B","Defend_B","Defend_B","Defend_B","Defend_B","Zap+1","Dualcast","Gash","Beam Cell+1","Conserve Battery+1","Coolheaded+1","Redo","Steam","Gash","Buffer","Go for the Eyes","Ghostly","Ghostly","Ghostly"],"relics":["FrozenCore","NeowsBlessing","Golden Idol","Ancient Tea Set","Dream Catcher"],"acts_visited":["Exordium","TheCity"],"potions_floor_usage":[],"damage_taken":[{"damage":0,"enemies":"Small Slimes","floor":1,"turns":1},{"damage":0,"enemies":"2 Louse","floor":2,"turns":1},{"damage":0,"enemies":"Lagavulin","floor":8,"turns":1},{"damage":7,"enemies":"Jaw Worm","floor":13,"turns":2},{"damage":34,"enemies":"Large Slime","floor":14,"turns":8},{"damage":37,"enemies":"The Guardian","floor":16,"turns":12},{"damage":16,"enemies":"Chosen","floor":18,"turns":10},{"damage":6,"enemies":"3 Byrds","floor":21,"turns":5}],"seed_played":"-8013542191051020980","potions_obtained":[{"floor":2,"key":"PotionOfCapacity"},{"floor":13,"key":"PotionOfCapacity"},{"floor":14,"key":"FearPotion"}],"is_trial":false,"path_per_floor":["M","M","$","?","$","?","R","E","T","R","?","R","M","M","R","B",null,"M","?","?","M"],"character_chosen":"DEFECT","items_purchased":["Conserve Battery"],"campfire_rested":1,"item_purchase_floors":[3],"current_hp_per_floor":[64,64,64,64,64,64,64,64,64,64,64,64,57,23,42,5,49,33,32,32,26,26],"gold":268,"neow_bonus":"THREE_ENEMY_KILL","is_daily":false,"chose_seed":false,"campfire_upgraded":3,"win_rate":0.0,"timestamp":1610854716,"path_taken":["M","M","$","?","$","?","R","E","T","R","?","R","M","M","R","BOSS","M","?","?","M"],"items_purchased_type":["Card"],"build_version":"2020-12-22","purchased_purges":1,"victory":false,"max_hp_per_floor":[71,71,71,64,64,64,64,64,64,64,64,64,64,64,64,64,64,64,32,32,32,32],"relic_stats":{"Dream Catcher":1,"counters":[8,40],"Golden Idol":40,"obtain_stats":[{"Dream Catcher":9,"NeowsBlessing":0,"Golden Idol":4,"Cracked Core":0,"Ancient Tea Set":8,"FrozenCore":17},{"Dream Catcher":3,"NeowsBlessing":0,"Golden Idol":2,"Cracked Core":0,"Ancient Tea Set":3,"FrozenCore":6},{"Dream Catcher":3,"NeowsBlessing":0,"Golden Idol":2,"Cracked Core":0,"Ancient Tea Set":3,"FrozenCore":25}],"FrozenCore":[4]},"card_choices":[{"not_picked":["Stack","Recycle"],"picked":"Gash","floor":1},{"not_picked":["Recycle","Skim"],"picked":"Beam Cell","floor":2},{"not_picked":["Double Energy","Streamline"],"picked":"Coolheaded","floor":8},{"not_picked":["Sweeping Beam","Cold Snap"],"picked":"Redo","floor":13},{"not_picked":["Force Field","Streamline"],"picked":"Steam","floor":14},{"not_picked":["Aggregate","Defragment"],"picked":"Gash","floor":15},{"not_picked":["Hyperbeam","Thunder Strike"],"picked":"Buffer","floor":16},{"not_picked":["Compile Driver","Barrage"],"picked":"Go for the Eyes","floor":18}],"player_experience":3875779,"relics_obtained":[{"floor":8,"key":"Ancient Tea Set"},{"floor":9,"key":"Dream Catcher"}],"event_choices":[{"damage_healed":0,"gold_gain":0,"player_choice":"Lose Max HP","damage_taken":0,"relics_obtained":["Golden Idol"],"max_hp_gain":0,"max_hp_loss":7,"event_name":"Golden Idol","floor":4,"gold_loss":0},{"damage_healed":0,"gold_gain":0,"player_choice":"Grow","damage_taken":0,"max_hp_gain":0,"max_hp_loss":0,"event_name":"Living Wall","floor":6,"gold_loss":0,"cards_upgraded":["Beam Cell"]},{"damage_healed":0,"gold_gain":0,"player_choice":"Ignored","damage_taken":0,"max_hp_gain":0,"max_hp_loss":0,"event_name":"Liars Game","floor":11,"gold_loss":0},{"damage_healed":0,"gold_gain":0,"player_choice":"Became a Ghost","damage_taken":0,"max_hp_gain":0,"max_hp_loss":32,"event_name":"Ghosts","floor":19,"gold_loss":0,"cards_obtained":["Ghostly","Ghostly","Ghostly"]},{"cards_removed":["Strike_B"],"damage_healed":0,"gold_gain":0,"player_choice":"Elegance","damage_taken":0,"max_hp_gain":0,"max_hp_loss":0,"event_name":"Back to Basics","floor":20,"gold_loss":0}],"is_beta":false,"boss_relics":[{"not_picked":["Busted Crown","Nuclear Battery"],"picked":"FrozenCore"}],"items_purged_floors":[3],"is_endless":false,"potions_floor_spawned":[2,13,14],"killed_by":"3 Byrds","ascension_level":20}}