{"host":"gp9wjf2ye6pu5sn4","time":1610871470,"event":{"mods":["BaseMod","Downfall","Minty Spire (QoL Compilation)","StSLib"],"gold_per_floor":[99,99,37,47,47,66,66,86,86,86,86,86,102,120,130,130,130,130],"floor_reached":16,"language":"ZHS","playtime":873,"items_purged":[],"score":92,"play_id":"182087d0-f873-4237-86f0-86fdeb0e6471","local_time":"20210117161750","is_ascension_mode":false,"campfire_choices":[{"floor":1,"key":"RECALL"},{"floor":9,"key":"REST"},{"data":"Guardian:TwinSlam","floor":12,"key":"SMITH"}],"circlet_count":0,"master_deck":["Guardian:Strike_Guardian","Guardian:Strike_Guardian","Guardian:Strike_Guardian","Guardian:Strike_Guardian","Guardian:Defend_Guardian","Guardian:Defend_Guardian","Guardian:Defend_Guardian","Guardian:CurlUp","Guardian:TwinSlam+1","Guardian:WalkerClaw","Guardian:TemporalShield","Guardian:TemporalShield","Guardian:TemporalStrike","Guardian:Reroute","Guardian:Suspension","Guardian:Incinerate"],"relics":["Guardian:ModeShifter","Guardian:PickAxe","The Courier"],"acts_visited":["Exordium"],"potions_floor_usage":[],"damage_taken":[{"damage":5,"enemies":"downfall:FleeingMerchant","floor":3,"turns":4},{"damage":8,"enemies":"2 Louse","floor":4,"turns":3},{"damage":18,"enemies":"2 Louse","floor":5,"turns":5},{"damage":0,"enemies":"Cultist","floor":6,"turns":5},{"damage":8,"enemies":"Jaw Worm","floor":8,"turns":5},{"damage":8,"enemies":"Large Slime","floor":13,"turns":7},{"damage":24,"enemies":"Gremlin Gang","floor":14,"turns":5},{"damage":7,"enemies":"Exordium Wildlife","floor":15,"turns":8},{"damage":36,"enemies":"IC_STATUS_ARCHETYPE","floor":16,"turns":8}],"seed_played":"5801699812724813485","potions_obtained":[{"floor":14,"key":"Fire Potion"}],"is_trial":false,"path_per_floor":["R","?","$","M","?","M","T","M","R","?","?","R","M","M","M","B"],"character_chosen":"GUARDIAN","items_purchased":["Guardian:TemporalShield"],"campfire_rested":1,"item_purchase_floors":[3],"current_hp_per_floor":[88,88,83,75,57,57,57,49,75,75,75,75,67,43,36,0,0,0],"gold":130,"neow_bonus":"TEN_PERCENT_HP_BONUS","is_daily":false,"chose_seed":false,"campfire_upgraded":1,"win_rate":0.0,"timestamp":1610871470,"path_taken":["R","?","$","?","?","M","T","M","R","?","?","R","M","M","M","BOSS"],"items_purchased_type":["Card"],"build_version":"2020-12-22","purchased_purges":0,"victory":false,"max_hp_per_floor":[88,88,88,88,88,88,88,88,88,88,88,88,88,88,88,88,88,88],"card_choices":[{"not_picked":["Guardian:Gem_Fragmented","Guardian:Gem_Yellow"],"picked":"Guardian:WalkerClaw","floor":3},{"not_picked":["Guardian:Gem_Green","Guardian:PiercingHide"],"picked":"Guardian:TemporalShield","floor":4},{"not_picked":["Guardian:WalkerClaw","Guardian:VentSteam"],"picked":"Guardian:TemporalStrike","floor":6},{"not_picked":["Guardian:Gem_Purple","Guardian:Gem_Green"],"picked":"Guardian:Reroute","floor":8},{"not_picked":["Guardian:Gem_Yellow","Guardian:Gem_Fragmented"],"picked":"Guardian:Suspension","floor":13},{"not_picked":["Guardian:TemporalStrike","Guardian:Gem_Lightblue"],"picked":"Guardian:Incinerate","floor":14},{"not_picked":["Guardian:Planning","Guardian:Suspension","Guardian:Gem_Lightblue"],"picked":"SKIP","floor":15}],"player_experience":180600,"relics_obtained":[{"floor":7,"key":"The Courier"}],"event_choices":[{"damage_healed":0,"gold_gain":0,"player_choice":"Ignored","damage_taken":0,"max_hp_gain":0,"max_hp_loss":0,"event_name":"NoteForYourself","floor":11,"gold_loss":0}],"is_beta":false,"boss_relics":[],"items_purged_floors":[],"is_endless":false,"potions_floor_spawned":[5,14],"killed_by":"IC_STATUS_ARCHETYPE","ascension_level":0}}