{"host":"7z347kdhnquy3q4q","time":1610848927,"event":{"mods":["Act Like it!","Aspiration","BaseMod","Hubris","Minty Spire (QoL Compilation)","MostiFishMod","Permanent Neow","Potionbrewer","Replay The Spire","Robot Space Explorer","Spicy Shops","StSLib","Wandering Minibosses"],"gold_per_floor":[119,138,40,40,40,40,68,68,119,119,132,120,2,21,21,98,98,98,98],"floor_reached":18,"language":"ENG","playtime":663,"items_purged":[],"score":320,"play_id":"041c0658-7dc0-4331-a80a-ef5691c3454f","local_time":"20210116200207","is_ascension_mode":true,"campfire_choices":[{"data":"Static Discharge","floor":6.0,"key":"SMITH"},{"floor":15.0,"key":"REST"}],"circlet_count":0,"master_deck":["AscendersBane","Strike_B","Strike_B","Strike_B","Strike_B","Defend_B","Defend_B","Defend_B","Defend_B","Zap","Dualcast","Lockon","Sweeping Beam","Static Discharge","Static Discharge+1","MostiFishMod:Culaccino","ReplayTheSpireMod:System Scan","Buffer","Crystallizer","White Noise","FIFO Queue","MostiFishMod:DawningShadow"],"relics":["DaveBox","ChiXiaoBlade","aspiration:Nostalgia","Ring of the Snake","SynthV:TestCard","hubris:Towel","DaCapo","Smiling Mask","OneHitWonderSystem"],"acts_visited":["Exordium","TheCity"],"potions_floor_usage":[],"damage_taken":[{"damage":1.0,"enemies":"Cultist","floor":1.0,"turns":3.0},{"damage":2.0,"enemies":"Jaw Worm","floor":2.0,"turns":3.0},{"damage":10.0,"enemies":"3 Sentries","floor":7.0,"turns":5.0},{"damage":0.0,"enemies":"2 Louse","floor":11.0,"turns":2.0},{"damage":5.0,"enemies":"Large Slime","floor":12.0,"turns":6.0},{"damage":13.0,"enemies":"Gremlin Gang","floor":14.0,"turns":3.0},{"damage":38.0,"enemies":"Hexaghost","floor":16.0,"turns":4.0},{"damage":0,"enemies":"Shell Parasite","floor":18,"turns":1}],"seed_played":"-840414659348372323","potions_obtained":[{"floor":1.0,"key":"ColorlessPotion"},{"floor":7.0,"key":"potionbrewer:EndurancePotion"},{"floor":10.0,"key":"LifebloodPotion"},{"floor":12.0,"key":"potionbrewer:NoxiousPotion"},{"floor":16.0,"key":"SmokeBomb"}],"is_trial":false,"path_per_floor":["M","M","$","$","?","R","E","$","T","?","M","M","$","M","R","B",null,"M"],"character_chosen":"DEFECT","items_purchased":["Static Discharge","Crystallizer","White Noise"],"campfire_rested":1,"item_purchase_floors":[3,13,13],"current_hp_per_floor":[63,61,61,61,61,61,51,51,51,51,51,46,46,33,54,16,1,1,1],"gold":98,"neow_bonus":"NOSTALGIA","is_daily":false,"chose_seed":false,"campfire_upgraded":1,"win_rate":0.0,"timestamp":1610848927,"path_taken":["M","M","?","$","?","R","E","?","T","?","M","M","$","?","R","BOSS","M"],"items_purchased_type":["Card","Card","Card"],"build_version":"2020-12-22","purchased_purges":0,"victory":false,"max_hp_per_floor":[71,71,71,71,71,71,71,71,71,71,71,71,71,71,71,71,1,1,1],"card_choices":[{"not_picked":["Fusion","Chaos"],"picked":"Lockon","floor":1.0},{"not_picked":["Gash","BasicCrystalCard","Beam Cell","Leap"],"picked":"Sweeping Beam","floor":2.0},{"not_picked":["ReplayTheSpireMod:Repulse","Ball Lightning","Beam Cell","BasicCrystalCard"],"picked":"MostiFishMod:Culaccino","floor":7.0},{"not_picked":["Steam","Go for the Eyes","Rebound","Darkness"],"picked":"ReplayTheSpireMod:System Scan","floor":11.0},{"not_picked":["Conserve Battery","MostiFishMod:Impulse","Cold Snap","Defragment"],"picked":"Buffer","floor":12.0},{"not_picked":["Steam Power","Stack","Hologram","MostiFishMod:PushDownKick"],"picked":"FIFO Queue","floor":14.0},{"not_picked":["MostiFishMod:ATRI","Echo Form","Fission","MostiFishMod:Distribution"],"picked":"MostiFishMod:DawningShadow","floor":16.0}],"player_experience":1929813,"relics_obtained":[{"floor":1.0,"key":"SynthV:TestCard"},{"floor":7.0,"key":"DaCapo"},{"floor":9.0,"key":"Smiling Mask"}],"event_choices":[{"damage_healed":0.0,"max_hp_gain":0.0,"max_hp_loss":0.0,"gold_gain":0.0,"event_name":"Lab","player_choice":"Got Potions","floor":10.0,"gold_loss":0.0,"damage_taken":0.0}],"is_beta":false,"boss_relics":[{"not_picked":["Runic Pyramid","HaiYi:Twilight"],"picked":"OneHitWonderSystem"}],"items_purged_floors":[],"is_endless":false,"potions_floor_spawned":[1,7,12,16],"killed_by":"Shell Parasite","ascension_level":20}}