{"host":"9h1qbmp5h1ch7u4r","time":1610907499,"event":{"mods":["BaseMod","Lobotomy","Minty Spire (QoL Compilation)","StSLib"],"gold_per_floor":[112,126,138,213,163,192,192,203,226,252,252,267,86,102,102,102,102],"floor_reached":16,"language":"ENG","playtime":817,"items_purged":[],"score":137,"play_id":"6cce68b8-3f5f-4071-8d46-ecf2b8ca3e07","local_time":"20210117131819","is_ascension_mode":false,"campfire_choices":[{"data":"Shockwave","floor":7.0,"key":"SMITH"},{"data":"Disarm","floor":15,"key":"SMITH"}],"circlet_count":0,"master_deck":["Strike_R","Strike_R","Strike_R+1","Defend_R","Defend_R","Defend_R","Defend_R","Bash","GreedKing","Scorched","Intimidate","PunishingBird","Shockwave+1","MeatLantern","HappyTeddy","Blood for Blood+1","UniverseFragment","BeautyBeast","Flex","Inflame","Disarm+1","Flame Barrier","OSAHOGD","Blood for Blood"],"relics":["Burning Blood","CogitoBucket","Toy Ornithopter","Orichalcum","Whetstone","White Beast Statue","FleshIdol"],"acts_visited":["Exordium"],"potions_floor_usage":[12,13],"damage_taken":[{"damage":3.0,"enemies":"Jaw Worm","floor":1.0,"turns":4.0},{"damage":1.0,"enemies":"2 Louse","floor":2.0,"turns":3.0},{"damage":1.0,"enemies":"Cultist","floor":3.0,"turns":3.0},{"damage":32.0,"enemies":"Gremlin Nob","floor":6.0,"turns":5.0},{"damage":24.0,"enemies":"Blue Slaver","floor":8.0,"turns":4.0},{"damage":0.0,"enemies":"3 Sentries","floor":10.0,"turns":3.0},{"damage":30,"enemies":"Exordium Thugs","floor":12,"turns":3},{"damage":4,"enemies":"Gremlin Gang","floor":14,"turns":4},{"damage":44,"enemies":"Hexaghost","floor":16,"turns":18}],"seed_played":"-4435420456266360051","potions_obtained":[{"floor":6.0,"key":"Fruit Juice"},{"floor":8.0,"key":"SpeedPotion"},{"floor":10.0,"key":"Weak Potion"},{"floor":12,"key":"Dexterity Potion"},{"floor":14,"key":"FearPotion"}],"is_trial":false,"path_per_floor":["M","M","M","?","?","E","R","M","T","E","?","M","$","M","R","B"],"character_chosen":"IRONCLAD","items_purchased":["Inflame","Disarm","Flame Barrier"],"campfire_rested":0,"item_purchase_floors":[13,13,13],"current_hp_per_floor":[80,80,80,69,69,47,47,33,33,39,39,20,30,32,32,32,32],"gold":102,"neow_bonus":"","is_daily":false,"chose_seed":false,"campfire_upgraded":2,"win_rate":0.0,"timestamp":1610907499,"path_taken":["M","M","M","?","?","E","R","M","T","E","?","?","?","M","R","BOSS"],"items_purchased_type":["Card","Card","Card"],"build_version":"2020-12-22","purchased_purges":0,"victory":false,"max_hp_per_floor":[80,80,80,80,80,80,80,80,80,80,80,80,85,85,85,85,85],"card_choices":[{"not_picked":["LittlePrince","FairyFestival"],"picked":"GreedKing","floor":1.0},{"not_picked":["Clash","Heavy Blade"],"picked":"Sever Soul","floor":1.0},{"not_picked":["BeautyBeast","CrumblingArmor"],"picked":"Scorched","floor":2.0},{"not_picked":["Demon Form","Perfected Strike"],"picked":"Intimidate","floor":2.0},{"not_picked":["Bloodbath","FairyFestival"],"picked":"PunishingBird","floor":3.0},{"not_picked":["Infernal Blade","Shrug It Off"],"picked":"Shockwave","floor":3.0},{"not_picked":["OldLady","DespairKnight"],"picked":"MeatLantern","floor":6.0},{"not_picked":["Armaments","Rampage","Shockwave"],"picked":"SKIP","floor":6.0},{"not_picked":["Wellcheers","ShyLook"],"picked":"HappyTeddy","floor":8.0},{"not_picked":["Body Slam","Anger"],"picked":"Blood for Blood","floor":8.0},{"not_picked":["FieryBird","BeautyBeast"],"picked":"UniverseFragment","floor":10.0},{"not_picked":["Power Through","Pommel Strike"],"picked":"Flame Barrier","floor":10.0},{"not_picked":["ShyLook","CrumblingArmor"],"picked":"BeautyBeast","floor":12},{"not_picked":["Bloodletting","Armaments"],"picked":"Flex","floor":12},{"not_picked":["CrumblingArmor","Bloodbath"],"picked":"OSAHOGD","floor":14},{"not_picked":["Carnage","Armaments"],"picked":"Blood for Blood","floor":14}],"player_experience":885149,"relics_obtained":[{"floor":6.0,"key":"Toy Ornithopter"},{"floor":9.0,"key":"Orichalcum"},{"floor":10.0,"key":"Whetstone"}],"event_choices":[{"damage_healed":0.0,"max_hp_gain":0.0,"max_hp_loss":0.0,"gold_gain":75.0,"event_name":"World of Goop","player_choice":"Gather Gold","floor":4.0,"gold_loss":0.0,"damage_taken":11.0},{"cards_removed":["Strike_R"],"damage_healed":0.0,"max_hp_gain":0.0,"max_hp_loss":0.0,"gold_gain":0.0,"event_name":"The Cleric","player_choice":"Card Removal","floor":5.0,"gold_loss":50.0,"damage_taken":0.0},{"cards_removed":["Flame Barrier"],"damage_healed":0.0,"max_hp_gain":0.0,"max_hp_loss":0.0,"gold_gain":0.0,"event_name":"WeMeetAgain","player_choice":"Gave Card","floor":11.0,"gold_loss":0.0,"damage_taken":0.0,"relics_obtained":["White Beast Statue"]}],"is_beta":false,"boss_relics":[],"items_purged_floors":[],"is_endless":false,"potions_floor_spawned":[6,8,10,12,14],"killed_by":"Hexaghost","ascension_level":0}}