{"host":"6a06qhlf17v5rcww","time":1610849058,"event":{"mods":["Act Like it!","Aspiration","BaseMod","Beaked The Cultist","Better Altar","Better Match","Better Note","Better Sensory Stone","Better Skull","Better Third Choice","Better Vampires","BetterRewards","Block Reminder","Colored Powertips","Downfall","Gensokyo","Infinite Spire","Minty Spire (QoL Compilation)","Pale of the Ancients","Poor People Problems","Rare Cards Sparkle","Shade Mod","StSLib","The Bug Knight","The Jungle","The Marked"],"gold_per_floor":[99,99,99,199,199,199,199,199,17,17,27,46,79,79,96,196,196,196,206,226,80,80,94,174,74,92,92,108,121,139,139,149,248,248,248,265,277,294,345,345,345,49,49,65,78,108,125,151,163,163,174,190,190,4,4,23,23,23,23,23],"floor_reached":61,"language":"ENG","playtime":12446,"items_purged":["Pride","Pain"],"score":1456,"play_id":"57e7560b-0580-4a82-80e4-9160be94d924","local_time":"20210116210418","is_ascension_mode":true,"campfire_choices":[{"floor":1.0,"key":"RECALL"},{"data":"champ:Shatter","floor":8.0,"key":"SMITH"},{"data":"champ:Improvising","floor":18.0,"key":"SMITH"},{"floor":25.0,"key":"DIG"},{"floor":27.0,"key":"REST"},{"floor":35.0,"key":"DIG"},{"floor":43.0,"key":"REST"},{"data":"beaked:AwakenedForm","floor":43.0,"key":"SMITH"},{"floor":55.0,"key":"REST"},{"data":"champ:UltimateStance","floor":55.0,"key":"SMITH"},{"data":"champ:ArenaPreparation","floor":57,"key":"SMITH"}],"circlet_count":0,"master_deck":["champ:Strike","champ:Strike","champ:Strike","champ:Strike","champ:Defend","champ:Defend","champ:Defend","champ:Defend","champ:Execute","champ:Taunt","champ:TornadoPunch","champ:Shatter+1","champ:VampiricStrike","champ:FlashCut","champ:Backstep","champ:GutPunch","champ:DefensiveShout","champ:FlashCut","champ:EnGarde","champ:Improvising+1","beaked:BraceForImpact+1","champ:CalledShot","beaked:Brace","champ:RisingSlash+1","champ:FanOfKnives","champ:SwordSigil","beaked:Ceremony","champ:Backstep","infinitespire:Starlight","infinitespire:Fortify","champ:ArenaPreparation+1","beaked:AwakenedForm+1","champ:DefensiveShout+1","beaked:TuckingFeathers+1","beaked:BounceBack+1","champ:FlashCut+1","champ:CheapShot","beaked:VigorBurst","beaked:MachineSpirit","champ:GladiatorStyle+1","champ:UltimateStance+1","beaked:WarriorEssence+1","champ:Lariat","champ:StanceDance","beaked:VigorBurst+1"],"relics":["PureWater","downfall:HeartsMalice","beaked:ShinyBauble","MealTicket","Membership Card","infinitespire:Cubic Diamond","hexamod:CandleOfCauterizing","Mummified Hand","aspiration:BeakedSkillbook","aspiration:SeaSaltIceCream","aspiration:Nostalgia","theMarked:ArtifactOfAir","Shovel","White Beast Statue","downfall:HeartBlessingRed","Oddly Smooth Stone","Gremlin Horn","Cursed Key","Slimebound:PreparedRelic","Ice Cream","HandDrill","Incense Burner","infinitespire:Magic Flask","ClockworkSouvenir","infinitespire:ShieldingShard","Mango","paleoftheancients:Timepiece","paleoftheancients:KeyRelic","CultistMask","Toolbox","paleoftheancients:SoulOfTheShrineMaiden"],"acts_visited":["Exordium","TheCity","TheBeyond","TheBeyond"],"potions_floor_usage":[60],"damage_taken":[{"damage":0.0,"enemies":"Jaw Worm","floor":2.0,"turns":1.0},{"damage":0.0,"enemies":"Small Slimes","floor":3.0,"turns":1.0},{"damage":0.0,"enemies":"Cultist","floor":5.0,"turns":1.0},{"damage":10.0,"enemies":"downfall:FleeingMerchant","floor":9.0,"turns":4.0},{"damage":10.0,"enemies":"Red Slaver","floor":11.0,"turns":3.0},{"damage":10.0,"enemies":"Exordium Wildlife","floor":12.0,"turns":2.0},{"damage":21.0,"enemies":"3 Sentries","floor":13.0,"turns":6.0},{"damage":21.0,"enemies":"Exordium Thugs","floor":15.0,"turns":4.0},{"damage":67.0,"enemies":"IC_STATUS_ARCHETYPE","floor":16.0,"turns":11.0},{"damage":19.0,"enemies":"3 Byrds","floor":19.0,"turns":4.0},{"damage":26.0,"enemies":"Snake Plant","floor":20.0,"turns":5.0},{"damage":13.0,"enemies":"downfall:FleeingMerchant","floor":21.0,"turns":4.0},{"damage":49.0,"enemies":"Centurion and Healer","floor":23.0,"turns":5.0},{"damage":10.0,"enemies":"Shelled Parasite and Fungi","floor":26.0,"turns":5.0},{"damage":5.0,"enemies":"3 Cultists","floor":28.0,"turns":4.0},{"damage":48.0,"enemies":"Chosen and Byrds","floor":29.0,"turns":7.0},{"damage":23.0,"enemies":"Centurion and Healer","floor":30.0,"turns":5.0},{"damage":22.0,"enemies":"Snake Plant","floor":32.0,"turns":4.0},{"damage":6.0,"enemies":"SI_MIRROR_ARCHETYPE","floor":33.0,"turns":8.0},{"damage":23.0,"enemies":"Orb Walker","floor":36.0,"turns":3.0},{"damage":30.0,"enemies":"3 Darklings","floor":37.0,"turns":5.0},{"damage":40.0,"enemies":"Maw","floor":38.0,"turns":8.0},{"damage":36.0,"enemies":"2 Orb Walkers","floor":39.0,"turns":4.0},{"damage":15.0,"enemies":"downfall:FleeingMerchant","floor":42.0,"turns":4.0},{"damage":0.0,"enemies":"4 Shapes","floor":44.0,"turns":3.0},{"damage":59.0,"enemies":"Transient","floor":45.0,"turns":5.0},{"damage":41.0,"enemies":"Reptomancer","floor":46.0,"turns":7.0},{"damage":39.0,"enemies":"Maw","floor":47.0,"turns":7.0},{"damage":90.0,"enemies":"Giant Head","floor":48.0,"turns":11.0},{"damage":13.0,"enemies":"Writhing Mass","floor":49.0,"turns":6.0},{"damage":68.0,"enemies":"DF_ARCHETYPE_ORBS","floor":50.0,"turns":6.0},{"damage":102.0,"enemies":"","floor":51.0,"turns":11.0},{"damage":174.0,"enemies":"","floor":52.0,"turns":10.0},{"damage":76,"enemies":"","floor":56,"turns":14},{"damage":63,"enemies":"paleoftheancients:N","floor":60,"turns":8}],"seed_played":"-7661321720537508060","potions_obtained":[{"floor":12.0,"key":"Regen Potion"},{"floor":13.0,"key":"AttackPotion"},{"floor":15.0,"key":"FearPotion"},{"floor":19.0,"key":"PowerPotion"},{"floor":20.0,"key":"Explosive Potion"},{"floor":28.0,"key":"SpeedPotion"},{"floor":29.0,"key":"sneckomod:MuddlingPotion"},{"floor":30.0,"key":"hexamod:SoulburnPotion"},{"floor":32.0,"key":"Block Potion"},{"floor":33.0,"key":"DistilledChaos"},{"floor":36.0,"key":"Ancient Potion"},{"floor":37.0,"key":"Swift Potion"},{"floor":39.0,"key":"LiquidBronze"},{"floor":45.0,"key":"LiquidMemories"},{"floor":47.0,"key":"BlessingOfTheForge"},{"floor":51.0,"key":"AttackPotion"},{"floor":52.0,"key":"FairyPotion"},{"floor":56,"key":"bronze:BurnAndBuffPotion"}],"is_trial":false,"path_per_floor":["R","M","M","?","M","?","T","R","$","?","M","M","E","T","M","B",null,"R","M","M","$","?","M","T","R","M","R","M","M","M","AVR","M","B",null,"R","M","M","M","?","AVR","T","$","R","M","M","E","M","E","M","B","M","M","?","$","R","M","R","$","?","B",null],"character_chosen":"THE_CHAMP","items_purchased":["Membership Card","champ:Backstep","aspiration:SeaSaltIceCream","beaked:VigorBurst","beaked:MachineSpirit","infinitespire:Magic Flask","ClockworkSouvenir","Toolbox","infinitespire:BlackPotion"],"campfire_rested":3,"item_purchase_floors":[9,9,21,42,42,42,42,54,54],"current_hp_per_floor":[90,90,90,90,90,90,90,90,90,90,90,90,79,79,68,26,90,90,86,70,77,77,38,38,38,28,55,50,42,29,29,19,28,90,90,87,82,82,56,56,56,86,95,95,51,61,65,70,86,109,109,46,57,72,104,114,114,114,114,114],"gold":23,"neow_bonus":"THREE_ENEMY_KILL","is_daily":false,"chose_seed":false,"campfire_upgraded":5,"win_rate":0.0,"timestamp":1610849058,"path_taken":["R","M","M","?","M","?","T","R","?","?","M","M","E","?","M","BOSS","R","M","?","?","?","M","T","R","?","R","M","M","M","AVR","M","BOSS","R","M","M","?","?","AVR","T","$","R","M","M","E","M","E","M","BOSS","M","M","?","$","R","M","R","$","?","BOSS"],"items_purchased_type":["Relic","Card","Relic","Card","Card","Relic","Relic","Relic","Potion"],"build_version":"2020-12-22","purchased_purges":2,"victory":true,"max_hp_per_floor":[90,90,90,90,90,90,90,90,90,90,90,90,90,90,90,90,90,90,90,90,90,90,90,90,90,90,90,90,90,90,90,90,90,90,90,90,90,90,90,90,90,95,95,95,95,95,95,109,109,109,109,109,109,109,109,114,114,114,114,114],"card_choices":[{"not_picked":["champ:Duel","champ:PerfectedStrike"],"picked":"champ:TornadoPunch","floor":2.0},{"not_picked":["champ:IronFortress","champ:CrookedStrike"],"picked":"champ:Shatter","floor":3.0},{"not_picked":["champ:RageSigil","champ:FlashCut"],"picked":"champ:VampiricStrike","floor":5.0},{"not_picked":["champ:GutPunch","champ:Shatter"],"picked":"champ:FlashCut","floor":9.0},{"not_picked":["champ:ShieldSlam","champ:HeartStrike"],"picked":"champ:GutPunch","floor":11.0},{"not_picked":["champ:BringItOn","champ:GutPunch"],"picked":"champ:DefensiveShout","floor":12.0},{"not_picked":["champ:GutPunch","champ:PerfectedStrike"],"picked":"champ:FlashCut","floor":13.0},{"not_picked":["champ:BladeFlurry","champ:BerserkerStyle"],"picked":"champ:EnGarde","floor":15.0},{"not_picked":["champ:SwordThrow","champ:EnchantShield"],"picked":"champ:Improvising","floor":16.0},{"not_picked":["champ:GutPunch","beaked:MimicMachine+1","champ:FocusedBerserking"],"picked":"beaked:BraceForImpact+1","floor":19.0},{"not_picked":["champ:FalseCounter","beaked:BloodRitual+1","beaked:BraceForImpact"],"picked":"champ:CalledShot","floor":20.0},{"not_picked":["beaked:SacrificialScars","champ:Backstep","champ:ShieldSlam"],"picked":"beaked:Brace","floor":21.0},{"not_picked":["beaked:MimicWarrior","champ:AdrenalArmor","beaked:Foresight"],"picked":"champ:RisingSlash+1","floor":23.0},{"not_picked":["champ:BladeFlurry","beaked:Evade","beaked:BloodRitual"],"picked":"champ:FanOfKnives","floor":26.0},{"not_picked":["beaked:Daydream+1","beaked:Poke","beaked:Tradeoff"],"picked":"champ:SwordSigil","floor":28.0},{"not_picked":["beaked:CursingBlood","beaked:SurvivalInstinct+1","beaked:KnowThyFoe"],"picked":"beaked:Ceremony","floor":29.0},{"not_picked":["beaked:Cower","champ:ShieldSigil","beaked:SurvivalInstinct"],"picked":"champ:Backstep","floor":30.0},{"not_picked":["beaked:DigDeep","champ:FalseCounter","beaked:Overexert"],"picked":"champ:ArenaPreparation","floor":32.0},{"not_picked":["champ:Devastate","champ:HoldFirm","champ:VampiricStrike"],"picked":"beaked:AwakenedForm","floor":33.0},{"not_picked":["beaked:Poke","champ:Shatter+1","beaked:Overpower+1"],"picked":"champ:DefensiveShout+1","floor":36.0},{"not_picked":["champ:PreciseThrust+1","beaked:Insight","beaked:Brace+1"],"picked":"beaked:TuckingFeathers+1","floor":37.0},{"not_picked":["champ:ShieldSlam+1","beaked:Hexing+1","champ:CrookedStrike+1"],"picked":"beaked:BounceBack+1","floor":38.0},{"not_picked":["beaked:Overexert+1","champ:DefensiveShout+1","beaked:Tweet+1"],"picked":"champ:FlashCut+1","floor":39.0},{"not_picked":["champ:FlashCut","beaked:MimicHuntress+1","beaked:Redirect"],"picked":"champ:CheapShot","floor":42.0},{"not_picked":["champ:BerserkersShout+1","champ:BringItOn","beaked:Devastation+1"],"picked":"champ:GladiatorStyle+1","floor":44.0},{"not_picked":["beaked:Tweet","beaked:Flinch+1","beaked:MimicWarrior","beaked:Poke+1"],"picked":"SKIP","floor":45.0},{"not_picked":["beaked:SacrificialAttack+1","beaked:Overpower","champ:BerserkerStyle+1"],"picked":"champ:UltimateStance","floor":46.0},{"not_picked":["beaked:Insight+1","beaked:Tweet","champ:FlashCut+1","champ:DefensiveShout+1"],"picked":"SKIP","floor":47.0},{"not_picked":["champ:GutPunch","beaked:Daydream+1","champ:BringItOn"],"picked":"beaked:WarriorEssence+1","floor":48.0},{"not_picked":["beaked:TuckingFeathers","beaked:BloodForTheGods+1","beaked:CursingBlood","champ:AdrenalArmor+1"],"picked":"SKIP","floor":49.0},{"not_picked":["beaked:RitualOfBody","champ:PreciseThrust+1","champ:EnGarde"],"picked":"champ:Lariat","floor":51.0},{"not_picked":["champ:Shatter+1","beaked:Daydream","beaked:Recite"],"picked":"champ:StanceDance","floor":52.0},{"not_picked":["beaked:Recite+1","beaked:Resilience","beaked:Foresight"],"picked":"beaked:VigorBurst+1","floor":56}],"player_experience":747971,"relics_obtained":[{"floor":6.0,"key":"beaked:ShinyBauble"},{"floor":7.0,"key":"MealTicket"},{"floor":13.0,"key":"hexamod:CandleOfCauterizing"},{"floor":14.0,"key":"Mummified Hand"},{"floor":24.0,"key":"White Beast Statue"},{"floor":25.0,"key":"Oddly Smooth Stone"},{"floor":35.0,"key":"Slimebound:PreparedRelic"},{"floor":39.0,"key":"Ice Cream"},{"floor":41.0,"key":"Incense Burner"},{"floor":46.0,"key":"infinitespire:ShieldingShard"},{"floor":48.0,"key":"Mango"},{"floor":56,"key":"paleoftheancients:SoulOfTheShrineMaiden"}],"event_choices":[{"damage_healed":0.0,"max_hp_gain":0.0,"max_hp_loss":0.0,"gold_gain":0.0,"event_name":"Addict","player_choice":"Stole Relic","floor":22.0,"gold_loss":0.0,"damage_taken":0.0,"relics_obtained":["Shovel"],"cards_obtained":["Pride"]},{"damage_healed":0.0,"max_hp_gain":0.0,"max_hp_loss":0.0,"gold_gain":0.0,"event_name":"Mysterious Sphere","player_choice":"Fight","floor":39.0,"gold_loss":0.0,"damage_taken":0.0}],"is_beta":false,"boss_relics":[{"not_picked":["aspiration:RitualDagger","bronze:MakeshiftBattery"],"picked":"aspiration:BeakedSkillbook"},{"not_picked":["Calling Bell","SlaversCollar"],"picked":"Cursed Key"}],"items_purged_floors":[31,54],"is_endless":false,"potions_floor_spawned":[12,13,15,19,20,26,28,29,30,32,33,36,37,38,39,42,44,45,46,47,48,49,51,52,56],"ascension_level":2}}