{"host":"gg","time":1610854661,"event":{"mods":["BaseMod","Colored Map","Googly Eyes","Minty Spire (QoL Compilation)","Permanent Neow","Relic Stats","The IronCluck"],"gold_per_floor":[117,267,32,32,52,87,87,107,107,142,142,152,152,182,182,182,182],"floor_reached":16,"language":"ENG","playtime":529,"items_purged":["Doubt"],"score":236,"play_id":"62915cb2-47a7-4d01-a0a3-814d1d78c345","local_time":"20210116193740","is_ascension_mode":true,"campfire_choices":[{"data":"Bash","floor":7.0,"key":"SMITH"},{"data":"Clothesline","floor":11.0,"key":"SMITH"},{"data":"Infernal Blade","floor":13.0,"key":"SMITH"},{"floor":15.0,"key":"REST"}],"circlet_count":0,"master_deck":["AscendersBane","Strike_R","Strike_R","Strike_R","Strike_R","Strike_R","Defend_R","Defend_R","Defend_R","Defend_R","Bash+1","Infernal Blade+1","Iron Wave","Clothesline+1","Ghostly Armor","Body Slam","Sword Boomerang","Fire Breathing"],"relics":["Burning Blood","Lantern","Happy Flower","Magic Flower","Turnip","Gambling Chip","Dream Catcher","Juzu Bracelet"],"acts_visited":["Exordium"],"potions_floor_usage":[],"damage_taken":[{"damage":11.0,"enemies":"Small Slimes","floor":1.0,"turns":5.0},{"damage":9.0,"enemies":"2 Louse","floor":5.0,"turns":3.0},{"damage":30.0,"enemies":"Lagavulin","floor":6.0,"turns":7.0},{"damage":4.0,"enemies":"Cultist","floor":8.0,"turns":3.0},{"damage":24.0,"enemies":"Gremlin Nob","floor":10.0,"turns":4.0},{"damage":14.0,"enemies":"2 Fungi Beasts","floor":12.0,"turns":4.0},{"damage":10.0,"enemies":"Lagavulin","floor":14.0,"turns":4.0},{"damage":0,"enemies":"Slime Boss","floor":16,"turns":1}],"seed_played":"222204576608074578","potions_obtained":[{"floor":1.0,"key":"LiquidBronze"},{"floor":5.0,"key":"GamblersBrew"}],"is_trial":false,"path_per_floor":["M","?","$","?","M","E","R","M","T","E","R","M","R","E","R","B"],"character_chosen":"IRONCLAD","items_purchased":["Happy Flower"],"campfire_rested":1,"item_purchase_floors":[3],"current_hp_per_floor":[63,63,63,63,63,42,42,47,47,32,32,27,27,26,48,48,48],"gold":182,"neow_bonus":"RANDOM_COMMON_RELIC","is_daily":false,"chose_seed":false,"campfire_upgraded":3,"win_rate":0.0,"timestamp":1610854660,"path_taken":["M","?","$","?","M","E","R","M","T","E","R","?","R","E","R","BOSS"],"items_purchased_type":["Relic"],"build_version":"2020-12-18","purchased_purges":1,"victory":false,"max_hp_per_floor":[75,75,75,75,75,75,75,75,75,75,75,75,75,75,75,75,75],"relic_stats":{"Dream Catcher":1,"Happy Flower":[8],"counters":[8,31],"Gambling Chip":[8],"Magic Flower":[18],"Turnip":[0],"Juzu Bracelet":0,"obtain_stats":[{"Lantern":0,"Dream Catcher":10,"Happy Flower":3,"Gambling Chip":9,"Magic Flower":4,"Turnip":6,"Juzu Bracelet":14,"Burning Blood":0},{"Lantern":0,"Dream Catcher":5,"Happy Flower":1,"Gambling Chip":4,"Magic Flower":1,"Turnip":3,"Juzu Bracelet":7,"Burning Blood":0},{"Lantern":0,"Dream Catcher":22,"Happy Flower":5,"Gambling Chip":18,"Magic Flower":5,"Turnip":15,"Juzu Bracelet":30,"Burning Blood":0}],"Burning Blood":60},"card_choices":[{"not_picked":["Wild Strike","Thunderclap"],"picked":"Infernal Blade","floor":1.0},{"not_picked":["Body Slam","Double Tap"],"picked":"Iron Wave","floor":5.0},{"not_picked":["Disarm","Evolve"],"picked":"Clothesline","floor":6.0},{"not_picked":["Burning Pact","Headbutt"],"picked":"Ghostly Armor","floor":8.0},{"not_picked":["True Grit","Bloodletting","Burning Pact"],"picked":"SKIP","floor":10.0},{"not_picked":["Clothesline","Limit Break"],"picked":"Body Slam","floor":12.0},{"not_picked":["True Grit","Hemokinesis"],"picked":"Sword Boomerang","floor":14.0},{"not_picked":["Thunderclap","Uppercut"],"picked":"Fire Breathing","floor":15.0}],"player_experience":1216189,"relics_obtained":[{"floor":6.0,"key":"Turnip"},{"floor":9.0,"key":"Gambling Chip"},{"floor":10.0,"key":"Dream Catcher"},{"floor":14.0,"key":"Juzu Bracelet"}],"event_choices":[{"damage_healed":0.0,"max_hp_gain":0.0,"max_hp_loss":0.0,"gold_gain":150.0,"event_name":"Liars Game","player_choice":"AGREE","floor":2.0,"gold_loss":0.0,"damage_taken":0.0,"cards_obtained":["Doubt"]},{"damage_healed":0.0,"max_hp_gain":0.0,"max_hp_loss":0.0,"gold_gain":0.0,"event_name":"WeMeetAgain","player_choice":"Gave Potion","floor":4.0,"gold_loss":0.0,"damage_taken":0.0,"relics_obtained":["Magic Flower"]}],"is_beta":true,"boss_relics":[],"items_purged_floors":[3],"is_endless":false,"potions_floor_spawned":[1,5],"killed_by":"Slime Boss","ascension_level":20}}