{"host":"u9h06qdlnp3wgzsw","time":1610876745,"event":{"mods":["BaseMod","Downfall","Hermit","Minty Spire (QoL Compilation)","Rare Cards Sparkle","Shop Mod","StSLib","The Hierophant"],"gold_per_floor":[112,42,73,103,135,135,147,147,200,8,44,44,74,103,103,195,195,203,197,0,0,0],"floor_reached":21,"language":"ENG","playtime":1124,"items_purged":[],"score":175,"play_id":"5b0c2d48-1273-42fd-9021-eab17321da86","local_time":"20210117044545","is_ascension_mode":false,"campfire_choices":[{"data":"hierophant:Rebuild","floor":6,"key":"SMITH"},{"data":"hierophant:MirrorShield","floor":15,"key":"SMITH"}],"circlet_count":0,"master_deck":["hierophant:Strike_Hierophant","hierophant:Strike_Hierophant","hierophant:Strike_Hierophant","hierophant:Punish","hierophant:Defend_Hierophant","hierophant:Defend_Hierophant","hierophant:Defend_Hierophant","hierophant:Defend_Hierophant","hierophant:ChurchCoffers","hierophant:Doubloon","hierophant:CoinFling","hierophant:Doubloon","hierophant:Rebuild+1","hierophant:Zeal","hierophant:Kindle","hierophant:MirrorShield+1","Regret","hierophant:OrnateBuckler","hierophant:Zeal","hierophant:Kindle","hierophant:Encroach"],"relics":["Runic Dome","Pen Nib","Strawberry","Ornamental Fan","SlaversCollar","Oddly Smooth Stone"],"acts_visited":["Exordium","TheCity"],"potions_floor_usage":[7,7,7,16,16,18,21],"damage_taken":[{"damage":1,"enemies":"Cultist","floor":1,"turns":3},{"damage":0,"enemies":"2 Louse","floor":3,"turns":1},{"damage":0,"enemies":"Small Slimes","floor":4,"turns":3},{"damage":0,"enemies":"Exordium Wildlife","floor":5,"turns":2},{"damage":18,"enemies":"Large Slime","floor":7,"turns":4},{"damage":0,"enemies":"3 Louse","floor":11,"turns":3},{"damage":0,"enemies":"2 Fungi Beasts","floor":13,"turns":2},{"damage":2,"enemies":"Blue Slaver","floor":14,"turns":4},{"damage":35,"enemies":"Hexaghost","floor":16,"turns":13},{"damage":7,"enemies":"Spheric Guardian","floor":18,"turns":3},{"damage":26,"enemies":"2 Thieves","floor":19,"turns":4},{"damage":49,"enemies":"Cultist and Chosen","floor":21,"turns":9}],"seed_played":"179871902413719063","potions_obtained":[{"floor":4,"key":"Ancient Potion"},{"floor":5,"key":"EntropicBrew"},{"floor":7,"key":"EssenceOfSteel"},{"floor":19,"key":"SkillPotion"}],"is_trial":false,"path_per_floor":["M","$","M","M","M","R","M","?","T","$","M","?","M","M","R","B",null,"M","M","$","M"],"character_chosen":"HIEROPHANT","items_purchased":["hierophant:CoinFling","hierophant:MirrorShield","Strawberry","hierophant:Encroach","Oddly Smooth Stone"],"campfire_rested":0,"item_purchase_floors":[2,10,10,20,20],"current_hp_per_floor":[74,74,74,74,74,74,56,49,49,56,56,56,56,54,54,34,82,75,49,49,0,0],"gold":0,"neow_bonus":"BOSS_RELIC","is_daily":false,"chose_seed":false,"campfire_upgraded":2,"win_rate":0.0,"timestamp":1610876745,"path_taken":["M","$","M","M","M","R","M","?","T","$","M","?","M","M","R","BOSS","M","M","$","M"],"items_purchased_type":["Card","Card","Relic","Card","Relic"],"build_version":"2020-12-22","purchased_purges":0,"victory":false,"max_hp_per_floor":[75,75,75,75,75,75,75,75,75,82,82,82,82,82,82,82,82,82,82,82,82,82],"card_choices":[{"not_picked":["hierophant:Zeal","hierophant:MorningPrayer"],"picked":"hierophant:Doubloon","floor":1},{"not_picked":["hierophant:Doubloon","hierophant:PassingBell"],"picked":"hierophant:Rebuild","floor":3},{"not_picked":["hierophant:Martyrdom","hierophant:Bribe"],"picked":"hierophant:Zeal","floor":4},{"not_picked":["hierophant:Remorse","hierophant:MorningPrayer"],"picked":"hierophant:Kindle","floor":5},{"not_picked":["hierophant:TollTheBells","hierophant:ThreeLashes","hierophant:PassingBell"],"picked":"SKIP","floor":7},{"not_picked":["hierophant:Exaltation","hierophant:Flagellation","hierophant:Purify"],"picked":"SKIP","floor":11},{"not_picked":["hierophant:Purify","hierophant:Embezzle"],"picked":"hierophant:OrnateBuckler","floor":13},{"not_picked":["hierophant:DisplayOfPower","hierophant:RepressedViolence"],"picked":"hierophant:Zeal","floor":14},{"not_picked":["hierophant:AuricForm","hierophant:Invocation"],"picked":"hierophant:Kindle","floor":16},{"not_picked":["hierophant:FlamingChariot+1","hierophant:Smite+1","hierophant:Doomsaying"],"picked":"SKIP","floor":18},{"not_picked":["hierophant:Bribe","hierophant:FaithHealing","hierophant:Purify+1"],"picked":"SKIP","floor":19}],"player_experience":789686,"relics_obtained":[{"floor":9,"key":"Pen Nib"}],"event_choices":[{"cards_removed":["hierophant:Strike_Hierophant"],"damage_healed":0,"gold_gain":0,"player_choice":"Card Removal","damage_taken":7,"max_hp_gain":0,"max_hp_loss":0,"event_name":"Golden Wing","floor":8,"gold_loss":0},{"damage_healed":0,"gold_gain":0,"player_choice":"Box","damage_taken":0,"relics_obtained":["Ornamental Fan"],"max_hp_gain":0,"max_hp_loss":0,"event_name":"Big Fish","floor":12,"gold_loss":0,"cards_obtained":["Regret"]}],"is_beta":false,"boss_relics":[{"not_picked":["Busted Crown","Fusion Hammer"],"picked":"SlaversCollar"}],"items_purged_floors":[],"is_endless":false,"potions_floor_spawned":[4,5,7,14,19],"killed_by":"Cultist and Chosen","ascension_level":0}}