{"host":"363c1o4m0ew2jbar","time":1610885293,"event":{"mods":["AchievementEnabler","BaseMod","Better Note","Downfall","Hubris","Minty Spire (QoL Compilation)","StSLib"],"gold_per_floor":[0,19,19,34,53,53,53,82,102,102,134,150,150,150,150],"floor_reached":13,"language":"ENG","playtime":635,"items_purged":[],"score":114,"play_id":"3cf20a45-8564-45a9-b784-50f818332899","local_time":"20210117020813","is_ascension_mode":true,"campfire_choices":[{"floor":1,"key":"RECALL"}],"circlet_count":0,"master_deck":["Slimebound:Strike_Slimebound","Slimebound:Strike_Slimebound","Slimebound:Tackle","Slimebound:Defend_Slimebound","Slimebound:Defend_Slimebound","Slimebound:Defend_Slimebound","Slimebound:Defend_Slimebound","Slimebound:Split","Slimebound:CorrosiveSpit","Mayhem","Slimebound:GrowthPunch","Slimebound:Nibble","Slimebound:SlimeSpikes","Slimebound:SpikyOuterGoop","Slimebound:Recollect","Slimebound:LevelUp","Slimebound:GrowthPunch"],"relics":["Slimebound:AbsorbEndCombat","Shovel","Slimebound:MaxSlimesRelic","Oddly Smooth Stone","hubris:TinFlute"],"acts_visited":["Exordium"],"potions_floor_usage":[11],"damage_taken":[{"damage":6,"enemies":"Jaw Worm","floor":2,"turns":5},{"damage":7,"enemies":"Cultist","floor":4,"turns":5},{"damage":4,"enemies":"Small Slimes","floor":5,"turns":3},{"damage":21,"enemies":"3 Sentries","floor":8,"turns":10},{"damage":14,"enemies":"Exordium Thugs","floor":9,"turns":5},{"damage":27,"enemies":"Gremlin Nob","floor":11,"turns":5},{"damage":4,"enemies":"Large Slime","floor":12,"turns":7},{"damage":20,"enemies":"3 Sentries","floor":13,"turns":6}],"seed_played":"-3568486913050576593","potions_obtained":[{"floor":2,"key":"Dexterity Potion"},{"floor":8,"key":"EssenceOfSteel"},{"floor":12,"key":"Slimebound:SlimedPotion"}],"is_trial":false,"path_per_floor":["R","M","?","M","M","T","T","E","M","?","E","M","E"],"character_chosen":"SLIMEBOUND","items_purchased":[],"campfire_rested":0,"item_purchase_floors":[],"current_hp_per_floor":[65,61,61,58,56,56,56,41,29,34,12,13,0,0,0],"gold":150,"neow_bonus":"RANDOM_COLORLESS_2","is_daily":false,"chose_seed":false,"campfire_upgraded":0,"win_rate":0.0,"timestamp":1610885293,"path_taken":["R","M","?","?","?","?","T","E","M","?","E","M","E"],"items_purchased_type":[],"build_version":"2020-12-22","purchased_purges":0,"victory":false,"max_hp_per_floor":[65,65,65,65,65,65,65,65,65,70,70,70,70,70,70],"card_choices":[{"not_picked":["Thinking Ahead","Secret Weapon"],"picked":"Mayhem","floor":0},{"not_picked":["Slimebound:LeechEnergy","Slimebound:ProtectTheBoss"],"picked":"Slimebound:GrowthPunch","floor":2},{"not_picked":["Slimebound:SplitBruiser","Slimebound:GoopTackle"],"picked":"Slimebound:Nibble","floor":4},{"not_picked":["Slimebound:SplitLeeching","Slimebound:Schlurp"],"picked":"Slimebound:SlimeSpikes","floor":5},{"not_picked":["Slimebound:DivideAndConquer","Slimebound:LeechEnergy"],"picked":"Slimebound:SpikyOuterGoop","floor":8},{"not_picked":["Slimebound:RejuvenatingLick","Slimebound:LeechEnergy"],"picked":"Slimebound:Recollect","floor":9},{"not_picked":["Slimebound:FinishingTackle","Slimebound:Overexert"],"picked":"Slimebound:LevelUp","floor":11},{"not_picked":["Slimebound:FinishingTackle","Slimebound:LeechingTouch"],"picked":"Slimebound:GrowthPunch","floor":12}],"player_experience":1203220,"relics_obtained":[{"floor":6,"key":"Shovel"},{"floor":7,"key":"Slimebound:MaxSlimesRelic"},{"floor":8,"key":"Oddly Smooth Stone"},{"floor":11,"key":"hubris:TinFlute"}],"event_choices":[{"cards_removed":["Slimebound:Strike_Slimebound"],"damage_healed":0,"gold_gain":0,"player_choice":"Offered Basic","damage_taken":0,"max_hp_gain":0,"max_hp_loss":0,"event_name":"Bonfire Elementals","floor":3,"gold_loss":0},{"damage_healed":0,"gold_gain":0,"player_choice":"Donut","damage_taken":0,"max_hp_gain":5,"max_hp_loss":0,"event_name":"Big Fish","floor":10,"gold_loss":0}],"is_beta":false,"boss_relics":[],"items_purged_floors":[],"is_endless":false,"potions_floor_spawned":[2,8,12],"killed_by":"3 Sentries","ascension_level":4}}