{"host":"9gwavclf33b2mpxe","time":1610878334,"event":{"mods":["BaseMod","Bestiary","Block Reminder","Colored Map","Colored Powertips","Downfall","Highlight Path","Minty Spire (QoL Compilation)","Permanent Neow","Quick Restart","Relic Stats","StSLib","SuperFastMode"],"gold_per_floor":[99,99,99,274,290,290,343,371,385,1,1,27,27,58,68,173,173,73,86,71,83,83,102,128,148,175,206,217,117,67,98,112,212,212,112,124,124,139,159,20,65,132,132,182,199,199,249,278,298,298,298,298,298,298],"floor_reached":52,"language":"ENG","playtime":5951,"items_purged":["champ:Defend","Doubt","champ:Strike"],"score":738,"play_id":"dba74b2d-ff04-4824-9487-7d8580774a45","local_time":"20210117181214","is_ascension_mode":false,"campfire_choices":[{"floor":1,"key":"RECALL"},{"data":"champ:Backstep","floor":11,"key":"SMITH"},{"data":"champ:IronFortress","floor":13,"key":"SMITH"},{"data":"champ:GladiatorForm","floor":18,"key":"SMITH"},{"data":"champ:ShieldWall","floor":29,"key":"SMITH"},{"data":"champ:UltimateStance","floor":35,"key":"SMITH"},{"data":"champ:PreciseThrust","floor":43,"key":"SMITH"},{"data":"champ:SteelEdge","floor":46,"key":"SMITH"}],"circlet_count":0,"master_deck":["champ:Strike","champ:Strike","champ:Defend+1","champ:Defend","champ:Execute","champ:Taunt+1","champ:EnGarde+1","champ:ShieldWall+1","champ:Backstep+1","champ:SteelEdge+1","champ:IronFortress+1","champ:BringItOn","champ:EnragedBash","champ:GladiatorForm+1","champ:Circumvent","champ:Shatter+1","champ:StanceDance+1","champ:Lariat+1","champ:RecklessLeap","champ:VampiricStrike","champ:SetATrap","champ:EndlessRage+1","champ:UltimateStance+1","champ:FaceSlap","champ:Haymaker","champ:PreciseThrust+1","champ:TornadoPunch","Clumsy","champ:BerserkersShout","champ:IronFortress+1"],"relics":["champ:ChampionCrown","Toy Ornithopter","Blood Vial","Vajra","champ:DefensiveTrainingManual","HandDrill","War Paint","Meat on the Bone","expansioncontent:StudyCardRelic","downfall:HeartBlessingRed","Boot","Potion Belt","downfall:HeartBlessingBlue","White Beast Statue","Cursed Key","downfall:HeartBlessingGreen","Regal Pillow","Pen Nib","Bird Faced Urn","FossilizedHelix","Centennial Puzzle"],"acts_visited":["Exordium","TheCity","TheBeyond","TheEnding"],"potions_floor_usage":[8,16,31,33,36,38,39,40,42,44,44,44,45,49,50],"damage_taken":[{"damage":10,"enemies":"2 Louse","floor":5,"turns":4},{"damage":46,"enemies":"Gremlin Nob","floor":8,"turns":5},{"damage":15,"enemies":"Small Slimes","floor":9,"turns":4},{"damage":23,"enemies":"downfall:FleeingMerchant","floor":10,"turns":4},{"damage":26,"enemies":"Lagavulin","floor":12,"turns":8},{"damage":24,"enemies":"Gremlin Nob","floor":14,"turns":5},{"damage":10,"enemies":"Cultist","floor":15,"turns":3},{"damage":71,"enemies":"DF_ARCHETYPE_STREAMLINE","floor":16,"turns":11},{"damage":25,"enemies":"Shell Parasite","floor":19,"turns":5},{"damage":25,"enemies":"downfall:FleeingMerchant","floor":20,"turns":4},{"damage":25,"enemies":"3 Byrds","floor":21,"turns":7},{"damage":2,"enemies":"Centurion and Healer","floor":23,"turns":5},{"damage":13,"enemies":"Snecko","floor":25,"turns":6},{"damage":45,"enemies":"Gremlin Leader","floor":27,"turns":8},{"damage":56,"enemies":"Snake Plant","floor":28,"turns":5},{"damage":111,"enemies":"Slavers","floor":31,"turns":8},{"damage":33,"enemies":"Centurion and Healer","floor":32,"turns":7},{"damage":57,"enemies":"WA_ARCHETYPE_CALM","floor":33,"turns":10},{"damage":48,"enemies":"Orb Walker","floor":36,"turns":3},{"damage":39,"enemies":"3 Shapes","floor":38,"turns":6},{"damage":49,"enemies":"3 Darklings","floor":39,"turns":6},{"damage":19,"enemies":"downfall:FleeingMerchant","floor":40,"turns":4},{"damage":7,"enemies":"downfall:FleeingMerchant","floor":42,"turns":3},{"damage":31,"enemies":"2 Orb Walkers","floor":44,"turns":3},{"damage":67,"enemies":"Writhing Mass","floor":45,"turns":5},{"damage":29,"enemies":"Writhing Mass","floor":47,"turns":4},{"damage":50,"enemies":"Nemesis","floor":48,"turns":7},{"damage":66,"enemies":"Spire Growth","floor":49,"turns":6},{"damage":81,"enemies":"SI_POISON_ARCHETYPE","floor":50,"turns":8},{"damage":142,"enemies":"downfall:CharBossMerchant","floor":52,"turns":8}],"seed_played":"7409029924920198550","potions_obtained":[{"floor":5,"key":"champ:TechniquePotion"},{"floor":9,"key":"Swift Potion"},{"floor":15,"key":"BlessingOfTheForge"},{"floor":19,"key":"DuplicationPotion"},{"floor":21,"key":"DuplicationPotion"},{"floor":27,"key":"DuplicationPotion"},{"floor":28,"key":"Ancient Potion"},{"floor":32,"key":"PowerPotion"},{"floor":33,"key":"champ:OpenerPotion"},{"floor":36,"key":"SteroidPotion"},{"floor":38,"key":"SpeedPotion"},{"floor":39,"key":"Dexterity Potion"},{"floor":40,"key":"champ:UltimateStancePotion"},{"floor":42,"key":"Fire Potion"},{"floor":44,"key":"Regen Potion"},{"floor":45,"key":"champ:TechniquePotion"},{"floor":47,"key":"DuplicationPotion"},{"floor":48,"key":"Dexterity Potion"},{"floor":49,"key":"Slimebound:ThreeZeroPotion"}],"is_trial":false,"path_per_floor":["R","?","?","?","M","?","T","E","M","$","R","E","R","E","M","B",null,"R","M","$","M","?","M","T","M","T","E","M","R","?","E","M","B",null,"R","M","?","M","M","$","T","?","R","?","M","R","?","E","M","B",null,"E"],"character_chosen":"THE_CHAMP","items_purchased":["champ:DefensiveTrainingManual","HandDrill","champ:TornadoPunch","Pen Nib"],"campfire_rested":0,"item_purchase_floors":[10,10,40,42],"current_hp_per_floor":[90,90,90,90,90,90,90,69,71,70,70,56,56,44,46,32,90,90,80,77,79,79,79,79,68,68,82,58,68,100,37,48,55,100,100,72,72,72,62,72,72,72,72,88,88,88,79,67,57,44,100,0,0,0],"gold":298,"neow_bonus":"RANDOM_COMMON_RELIC","is_daily":false,"chose_seed":false,"campfire_upgraded":7,"win_rate":0.0,"timestamp":1610878334,"path_taken":["R","?","?","?","M","?","T","E","M","$","R","E","R","E","M","BOSS","R","M","?","M","?","M","T","?","?","E","M","R","?","E","M","BOSS","R","M","?","M","M","$","T","?","R","?","M","R","?","E","M","BOSS","E"],"items_purchased_type":["Relic","Relic","Card","Relic"],"build_version":"2020-12-22","purchased_purges":3,"victory":false,"max_hp_per_floor":[90,90,90,90,90,90,90,90,90,90,90,90,90,90,90,90,90,90,90,90,90,90,90,90,90,90,90,90,100,100,100,100,100,100,100,100,100,100,100,100,100,100,100,100,100,100,100,100,100,100,100,100,100,100],"relic_stats":{"Regal Pillow":0,"counters":[30,172],"Pen Nib":[6],"War Paint":["champ:EnGarde","champ:Defend"],"Boot":[33],"Cursed Key":1,"Blood Vial":48,"Centennial Puzzle":[9],"Bird Faced Urn":[69],"HandDrill":[84],"obtain_stats":[{"Potion Belt":27,"Regal Pillow":41,"downfall:HeartBlessingRed":18,"Vajra":8,"champ:ChampionCrown":0,"downfall:HeartBlessingGreen":35,"Pen Nib":42,"expansioncontent:StudyCardRelic":17,"War Paint":12,"Boot":26,"Cursed Key":34,"White Beast Statue":31,"Blood Vial":7,"Centennial Puzzle":48,"champ:DefensiveTrainingManual":10,"downfall:HeartBlessingBlue":29,"Bird Faced Urn":44,"HandDrill":10,"Toy Ornithopter":0,"FossilizedHelix":47,"Meat on the Bone":14},{"Potion Belt":14,"Regal Pillow":22,"downfall:HeartBlessingRed":8,"Vajra":2,"champ:ChampionCrown":0,"downfall:HeartBlessingGreen":18,"Pen Nib":23,"expansioncontent:StudyCardRelic":8,"War Paint":5,"Boot":13,"Cursed Key":18,"White Beast Statue":16,"Blood Vial":1,"Centennial Puzzle":27,"champ:DefensiveTrainingManual":4,"downfall:HeartBlessingBlue":15,"Bird Faced Urn":24,"HandDrill":4,"Toy Ornithopter":0,"FossilizedHelix":26,"Meat on the Bone":6},{"Potion Belt":79,"Regal Pillow":128,"downfall:HeartBlessingRed":44,"Vajra":9,"champ:ChampionCrown":0,"downfall:HeartBlessingGreen":109,"Pen Nib":131,"expansioncontent:StudyCardRelic":44,"War Paint":25,"Boot":71,"Cursed Key":109,"White Beast Statue":92,"Blood Vial":4,"Centennial Puzzle":150,"champ:DefensiveTrainingManual":17,"downfall:HeartBlessingBlue":84,"Bird Faced Urn":134,"HandDrill":17,"Toy Ornithopter":0,"FossilizedHelix":143,"Meat on the Bone":30}],"Toy Ornithopter":70,"Meat on the Bone":132},"card_choices":[{"not_picked":["champ:ShieldSlam","champ:FocusedDefense"],"picked":"champ:EnGarde","floor":5},{"not_picked":["champ:SetATrap","champ:GladiatorStyle"],"picked":"champ:ShieldWall","floor":8},{"not_picked":["champ:StanceDance","champ:DeathBlow"],"picked":"champ:Backstep","floor":9},{"not_picked":["champ:PerfectedStrike","champ:CrownThrow"],"picked":"champ:SteelEdge","floor":10},{"not_picked":["champ:StanceDance","champ:DefensiveShout"],"picked":"champ:IronFortress","floor":12},{"not_picked":["champ:TornadoPunch","champ:BladeFlurry"],"picked":"champ:BringItOn","floor":14},{"not_picked":["champ:CrookedStrike","champ:TornadoPunch"],"picked":"champ:EnragedBash","floor":15},{"not_picked":["champ:DancingMaster","champ:SteelEdge"],"picked":"champ:GladiatorForm","floor":16},{"not_picked":["champ:PerfectedStrike","champ:SetATrap"],"picked":"champ:Circumvent","floor":19},{"not_picked":["champ:EnGarde","champ:FocusedBerserking+1","champ:CrookedStrike+1"],"picked":"SKIP","floor":20},{"not_picked":["champ:AdrenalArmor+1","champ:RapidStrikes"],"picked":"champ:Shatter+1","floor":21},{"not_picked":["champ:PerfectedStrike","champ:EndlessRage"],"picked":"champ:StanceDance+1","floor":23},{"not_picked":["champ:Backstep","champ:GutPunch"],"picked":"champ:Lariat+1","floor":25},{"not_picked":["champ:PerfectedStrike+1","champ:SkillfulDodge"],"picked":"champ:RecklessLeap","floor":27},{"not_picked":["champ:ShieldSlam","champ:AdrenalArmor"],"picked":"champ:VampiricStrike","floor":28},{"not_picked":["champ:DefensiveShout","champ:PreciseThrust"],"picked":"champ:SetATrap","floor":31},{"not_picked":["champ:StanceDance","champ:RapidStrikes"],"picked":"champ:EndlessRage+1","floor":32},{"not_picked":["champ:HoldFirm","champ:MurderStrike"],"picked":"champ:UltimateStance","floor":33},{"not_picked":["champ:DeathBlow+1","champ:GladiatorStyle"],"picked":"champ:FaceSlap","floor":36},{"not_picked":["champ:Backstep","champ:RapidStrikes","champ:CrownThrow+1"],"picked":"SKIP","floor":38},{"not_picked":["champ:GutPunch+1","champ:PreemptiveStrike+1"],"picked":"champ:Haymaker","floor":39},{"not_picked":["champ:StanceDance","champ:Shatter+1"],"picked":"champ:PreciseThrust","floor":40},{"not_picked":["champ:FlashCut+1","champ:Backstep+1","champ:EnragedBash"],"picked":"SKIP","floor":42},{"not_picked":["champ:BringItOn+1","champ:CrownThrow+1"],"picked":"champ:BerserkersShout","floor":44},{"not_picked":["champ:VampiricStrike","champ:SkillfulDodge+1","champ:PerfectedStrike"],"picked":"SKIP","floor":45},{"not_picked":["champ:FocusedDefense","champ:CrownThrow+1"],"picked":"champ:IronFortress+1","floor":47},{"not_picked":["champ:Lariat","champ:Parry","champ:TornadoPunch"],"picked":"SKIP","floor":48},{"not_picked":["champ:DefensiveShout","champ:Backstep+1","champ:ArenaPreparation+1"],"picked":"SKIP","floor":49}],"player_experience":86934,"relics_obtained":[{"floor":7,"key":"Blood Vial"},{"floor":8,"key":"Vajra"},{"floor":12,"key":"War Paint"},{"floor":14,"key":"Meat on the Bone"},{"floor":26,"key":"Boot"},{"floor":27,"key":"Potion Belt"},{"floor":31,"key":"White Beast Statue"},{"floor":41,"key":"Regal Pillow"},{"floor":44,"key":"Bird Faced Urn"},{"floor":47,"key":"FossilizedHelix"},{"floor":48,"key":"Centennial Puzzle"}],"event_choices":[{"cards_removed":["champ:Defend"],"damage_healed":0,"gold_gain":0,"player_choice":"Card Removal","damage_taken":0,"max_hp_gain":0,"max_hp_loss":0,"event_name":"The Cleric","floor":3,"gold_loss":0},{"damage_healed":0,"gold_gain":0,"player_choice":"Forge","damage_taken":0,"max_hp_gain":0,"max_hp_loss":0,"event_name":"Accursed Blacksmith","floor":6,"gold_loss":0,"cards_upgraded":["champ:Taunt"]},{"damage_healed":0,"gold_gain":0,"player_choice":"Fight","damage_taken":0,"max_hp_gain":0,"max_hp_loss":0,"event_name":"Mysterious Sphere","floor":44,"gold_loss":0}],"is_beta":false,"boss_relics":[{"not_picked":["Astrolabe","SacredBark"],"picked":"expansioncontent:StudyCardRelic"},{"not_picked":["Empty Cage","Black Star"],"picked":"Cursed Key"}],"items_purged_floors":[10,40,42],"is_endless":false,"potions_floor_spawned":[5,9,15,19,21,27,28,32,33,36,38,39,40,42,44,45,47,48,49],"killed_by":"downfall:CharBossMerchant","ascension_level":0}}