{"host":"h4390p13uu6iw1q5","time":1610915901,"event":{"mods":["BaseMod","Colored Map","Minty Spire (QoL Compilation)"],"gold_per_floor":[114,114,138,163,9,9,33,33,57,57,88,108,108,151,163,301,313,349,379,416,428,440,452,477,489,501,528,173,196,273,317,317,441,441,466,466,489,54,78,78,122,45,70,70,93,136,136,136],"floor_reached":47,"language":"ENG","playtime":2413,"items_purged":["Perfected Strike","Defend_R"],"score":823,"play_id":"e2782a39-fa7f-42c7-afcb-44fa83647c8d","local_time":"20210117153821","is_ascension_mode":true,"campfire_choices":[{"data":"Bash","floor":6,"key":"SMITH"},{"data":"Apotheosis","floor":8,"key":"SMITH"},{"data":"Battle Trance","floor":13,"key":"SMITH"},{"floor":15,"key":"REST"},{"floor":23,"key":"REST"},{"floor":25,"key":"REST"},{"floor":32,"key":"REST"},{"floor":40,"key":"REST"},{"floor":44,"key":"REST"}],"circlet_count":0,"master_deck":["AscendersBane","Defend_R","Defend_R","Defend_R","Bash+1","Rage+1","Rampage","Apotheosis+1","Battle Trance+1","Leap","Demon Form","Tools of the Trade","Crescendo","Underhanded Strike","Bite","Bite","Bite","Bite","Bite","Flex+1","Swivel+1","Secret Weapon","BootSequence","Sword Boomerang+1","Entrench","Cloak And Dagger+1","FTL+1","Fiend Fire+1","Choke+1","Skim+1"],"relics":["Runic Dome","Golden Idol","PrismaticShard","Boot","Bag of Preparation","MawBank","Sozu","Blood Vial","Incense Burner","StoneCalendar","HornCleat","Molten Egg 2","Runic Cube","Kunai","White Beast Statue","Bronze Scales","Frozen Egg 2"],"acts_visited":["Exordium","TheCity","TheBeyond"],"potions_floor_usage":[7,16,19,24],"damage_taken":[{"damage":7,"enemies":"Jaw Worm","floor":1,"turns":3},{"damage":0,"enemies":"2 Louse","floor":3,"turns":2},{"damage":0,"enemies":"Cultist","floor":4,"turns":3},{"damage":0,"enemies":"Gremlin Gang","floor":7,"turns":4},{"damage":4,"enemies":"Lagavulin","floor":11,"turns":5},{"damage":8,"enemies":"Lots of Slimes","floor":12,"turns":4},{"damage":5,"enemies":"Gremlin Nob","floor":14,"turns":3},{"damage":9,"enemies":"Hexaghost","floor":16,"turns":6},{"damage":14,"enemies":"2 Thieves","floor":18,"turns":4},{"damage":13,"enemies":"3 Byrds","floor":19,"turns":2},{"damage":0,"enemies":"Centurion and Healer","floor":20,"turns":4},{"damage":33,"enemies":"Cultist and Chosen","floor":24,"turns":5},{"damage":18,"enemies":"Snake Plant","floor":27,"turns":4},{"damage":9,"enemies":"3 Cultists","floor":29,"turns":5},{"damage":48,"enemies":"Gremlin Leader","floor":31,"turns":8},{"damage":13,"enemies":"Champ","floor":33,"turns":7},{"damage":21,"enemies":"3 Darklings","floor":35,"turns":5},{"damage":0,"enemies":"Orb Walker","floor":37,"turns":3},{"damage":28,"enemies":"Sphere and 2 Shapes","floor":39,"turns":6},{"damage":26,"enemies":"Nemesis","floor":41,"turns":7},{"damage":4,"enemies":"Writhing Mass","floor":45,"turns":5},{"damage":61,"enemies":"Reptomancer","floor":46,"turns":6},{"damage":33,"enemies":"Transient","floor":47,"turns":3}],"seed_played":"8730918316228702857","potions_obtained":[{"floor":3,"key":"Swift Potion"},{"floor":4,"key":"Fire Potion"},{"floor":12,"key":"LiquidBronze"},{"floor":14,"key":"SkillPotion"}],"is_trial":false,"path_per_floor":["M","?","M","M","$","R","M","R","T","?","E","M","R","E","R","B",null,"M","M","M","?","T","R","M","R","T","M","$","M","T","E","R","B",null,"M","?","M","$","M","R","E","$","T","R","M","E","M"],"character_chosen":"IRONCLAD","items_purchased":["PrismaticShard","StoneCalendar","Sword Boomerang+1","Kunai","Entrench","Fiend Fire+1"],"campfire_rested":6,"item_purchase_floors":[5,28,38,38,38,42],"current_hp_per_floor":[65,65,65,65,65,65,65,65,65,65,61,53,53,48,70,61,71,57,44,44,44,44,51,33,48,48,45,45,45,45,45,51,47,50,49,49,51,51,41,51,34,34,34,49,51,3,0,0],"gold":136,"neow_bonus":"BOSS_RELIC","is_daily":false,"chose_seed":false,"campfire_upgraded":3,"win_rate":0.0,"timestamp":1610915901,"path_taken":["M","?","M","M","$","R","M","R","T","?","E","M","R","E","R","BOSS","M","M","M","?","?","R","M","R","T","M","?","M","?","E","R","BOSS","M","?","M","$","M","R","E","?","T","R","M","E","?"],"items_purchased_type":["Relic","Relic","Card","Relic","Card","Card"],"build_version":"2020-12-22","purchased_purges":2,"victory":false,"max_hp_per_floor":[80,74,74,74,74,74,74,74,74,74,74,74,74,74,74,74,74,74,74,74,51,51,51,51,51,51,51,51,51,51,51,51,51,51,51,51,51,51,51,51,51,51,51,51,51,51,51,51],"card_choices":[{"not_picked":["Warcry","True Grit"],"picked":"Rage","floor":1},{"not_picked":["Iron Wave","Clothesline"],"picked":"Perfected Strike","floor":3},{"not_picked":["Combust","Iron Wave"],"picked":"Rampage","floor":4},{"not_picked":["Rebound","PathToVictory"],"picked":"Apotheosis","floor":7},{"not_picked":["Redo","Blizzard"],"picked":"Battle Trance","floor":11},{"not_picked":["Bane","Halt"],"picked":"Leap","floor":12},{"not_picked":["Clash","Heatsinks"],"picked":"Demon Form","floor":14},{"not_picked":["Sadistic Nature","Bludgeon"],"picked":"Tools of the Trade","floor":16},{"not_picked":["Well Laid Plans","Genetic Algorithm"],"picked":"Crescendo","floor":18},{"not_picked":["Warcry","Prostrate+1","Study+1"],"picked":"SKIP","floor":19},{"not_picked":["Sucker Punch","Streamline"],"picked":"Underhanded Strike","floor":20},{"not_picked":["All Out Attack","Nirvana"],"picked":"Flex+1","floor":24},{"not_picked":["Deflect","BowlingBash+1"],"picked":"Swivel+1","floor":27},{"not_picked":["Flex+1","JustLucky"],"picked":"Secret Weapon","floor":29},{"not_picked":["Purity+1","PathToVictory","FlurryOfBlows+1"],"picked":"SKIP","floor":31},{"not_picked":["Body Slam+1","Anger+1","Outmaneuver"],"picked":"SKIP","floor":35},{"not_picked":["Stack+1","Bandage Up+1"],"picked":"BootSequence","floor":37},{"not_picked":["Wild Strike+1","Ball Lightning+1"],"picked":"Cloak And Dagger+1","floor":39},{"not_picked":["SashWhip+1","Cold Snap+1"],"picked":"FTL+1","floor":41},{"not_picked":["Tempest","Dark Embrace+1"],"picked":"Choke+1","floor":45},{"not_picked":["Adaptation+1","Evaluate"],"picked":"Skim+1","floor":46}],"player_experience":2471860,"relics_obtained":[{"floor":9,"key":"Boot"},{"floor":11,"key":"Bag of Preparation"},{"floor":14,"key":"MawBank"},{"floor":22,"key":"Blood Vial"},{"floor":26,"key":"Incense Burner"},{"floor":30,"key":"HornCleat"},{"floor":31,"key":"Molten Egg 2"},{"floor":41,"key":"White Beast Statue"},{"floor":43,"key":"Bronze Scales"},{"floor":46,"key":"Frozen Egg 2"}],"event_choices":[{"damage_healed":0,"gold_gain":0,"player_choice":"Lose Max HP","damage_taken":0,"relics_obtained":["Golden Idol"],"max_hp_gain":0,"max_hp_loss":6,"event_name":"Golden Idol","floor":2,"gold_loss":0},{"damage_healed":0,"gold_gain":0,"player_choice":"Grow","damage_taken":0,"max_hp_gain":0,"max_hp_loss":0,"event_name":"Living Wall","floor":10,"gold_loss":0,"cards_upgraded":["Rage"]},{"damage_healed":0,"gold_gain":0,"player_choice":"Became a vampire","damage_taken":0,"max_hp_gain":0,"max_hp_loss":23,"event_name":"Vampires","floor":21,"gold_loss":0,"cards_obtained":["Bite","Bite","Bite","Bite","Bite"]},{"damage_healed":0,"gold_gain":0,"player_choice":"Ignored","damage_taken":0,"max_hp_gain":0,"max_hp_loss":0,"event_name":"SecretPortal","floor":36,"gold_loss":0}],"is_beta":false,"boss_relics":[{"not_picked":["Cursed Key","Ectoplasm"],"picked":"Sozu"},{"not_picked":["Velvet Choker","Tiny House"],"picked":"Runic Cube"}],"items_purged_floors":[28,38],"is_endless":false,"potions_floor_spawned":[3,4,12,14,20,27,29,31,37,41,45,46],"killed_by":"Transient","ascension_level":10}}