{"host":"z34yzn8hj4ic20ef","time":1610846160,"event":{"mods":["AchievementEnabler","BaseMod","Downfall","Minty Spire (QoL Compilation)","StSLib","SuperFastMode"],"gold_per_floor":[99,99,99,99,549,549,549,549,649,659,659,673,688,444,457,457,457,457],"floor_reached":16,"language":"ENG","playtime":12320,"items_purged":["downfall:Icky"],"score":87,"play_id":"fcd72597-019f-4768-a858-7bfd520994a6","local_time":"20210117101600","is_ascension_mode":false,"campfire_choices":[{"data":"champ:Taunt","floor":1,"key":"SMITH"},{"data":"champ:TornadoPunch","floor":6,"key":"SMITH"},{"data":"champ:CalledShot","floor":8,"key":"SMITH"}],"circlet_count":0,"master_deck":["champ:Strike","champ:Strike","champ:Strike","champ:Defend","champ:Defend","champ:Defend","champ:Defend","champ:Execute+1","champ:Taunt+1","champ:TornadoPunch+1","champ:CalledShot+1","downfall:Icky","champ:EnGarde","champ:UltimateStance","champ:TripleStrike","Flash of Steel","champ:SetATrap","champ:ShieldSlam"],"relics":["champ:ChampionCrown","downfall:HeartsMalice","Strawberry","Shuriken","Spirit Poop"],"acts_visited":["Exordium"],"potions_floor_usage":[12,16],"damage_taken":[{"damage":0,"enemies":"Jaw Worm","floor":2,"turns":1},{"damage":0,"enemies":"2 Louse","floor":3,"turns":1},{"damage":0,"enemies":"downfall:Heads","floor":9,"turns":1},{"damage":17,"enemies":"Small Slimes","floor":10,"turns":5},{"damage":42,"enemies":"Exordium Wildlife","floor":12,"turns":7},{"damage":0,"enemies":"Lots of Slimes","floor":13,"turns":1},{"damage":15,"enemies":"downfall:FleeingMerchant","floor":14,"turns":4},{"damage":10,"enemies":"2 Fungi Beasts","floor":15,"turns":3},{"damage":120,"enemies":"SI_SHIV_ARCHETYPE","floor":16,"turns":8}],"seed_played":"7193864543994159168","potions_obtained":[{"floor":10,"key":"Fire Potion"},{"floor":12,"key":"AttackPotion"},{"floor":15,"key":"sneckomod:MuddlingPotion"}],"is_trial":false,"path_per_floor":["R","M","M","?","?","R","T","R","?","M","?","M","M","$","M","B"],"character_chosen":"THE_CHAMP","items_purchased":["Flash of Steel","champ:SetATrap"],"campfire_rested":0,"item_purchase_floors":[14,14],"current_hp_per_floor":[90,90,90,97,97,97,97,97,97,95,95,83,83,83,83,0,0,0],"gold":457,"neow_bonus":"THREE_ENEMY_KILL","is_daily":false,"chose_seed":false,"campfire_upgraded":3,"win_rate":0.0,"timestamp":1610846160,"path_taken":["R","M","M","?","?","R","T","R","?","?","?","?","M","$","M","BOSS"],"items_purchased_type":["Card","Card"],"build_version":"2020-12-22","purchased_purges":1,"victory":false,"max_hp_per_floor":[90,90,90,97,97,97,97,97,97,97,97,97,97,97,97,97,97,97],"card_choices":[{"not_picked":["champ:BringItOn","champ:SetATrap"],"picked":"champ:TornadoPunch","floor":2},{"not_picked":["champ:BringItOn","champ:Shatter"],"picked":"champ:CalledShot","floor":3},{"not_picked":["champ:FlashCut","champ:RisingSlash"],"picked":"champ:UltimateStance","floor":9},{"not_picked":["champ:HeartStrike","champ:CrownThrow","champ:GutPunch"],"picked":"SKIP","floor":10},{"not_picked":["champ:BladeFlurry","champ:PreciseThrust","champ:Parry"],"picked":"SKIP","floor":12},{"not_picked":["champ:HeartStrike","champ:StanceDance"],"picked":"champ:TripleStrike","floor":13},{"not_picked":["champ:PreciseThrust","champ:Duel","champ:Endure"],"picked":"SKIP","floor":14},{"not_picked":["champ:Haymaker","champ:FalseCounter"],"picked":"champ:ShieldSlam","floor":15}],"player_experience":858895,"relics_obtained":[{"floor":7,"key":"Shuriken"}],"event_choices":[{"damage_healed":0,"gold_gain":0,"player_choice":"Box","damage_taken":0,"relics_obtained":["Strawberry"],"max_hp_gain":0,"max_hp_loss":0,"event_name":"Big Fish","floor":4,"gold_loss":0,"cards_obtained":["Regret"]},{"cards_removed":["downfall:Icky"],"damage_healed":0,"gold_gain":0,"player_choice":"Offered Curse","damage_taken":0,"relics_obtained":["Spirit Poop"],"max_hp_gain":0,"max_hp_loss":0,"event_name":"Bonfire Elementals","floor":11,"gold_loss":0}],"is_beta":false,"boss_relics":[],"items_purged_floors":[14],"is_endless":false,"potions_floor_spawned":[10,12,15],"killed_by":"SI_SHIV_ARCHETYPE","ascension_level":0}}