{"host":"ol0f4tyr76rw3w99","time":1610888249,"event":{"mods":["AchievementEnabler","BaseMod","Minty Spire (QoL Compilation)"],"gold_per_floor":[99,99,99,99,99,99,99,99,99,99,99,99,99,99,99,99,99,99,99,27,27,27,27,27,27,27,27,27,27,27,27,27,27,27,27,27,27,27,27,27,27,27],"floor_reached":41,"language":"ENG","playtime":1090,"items_purged":[],"score":701,"play_id":"1892f8c6-be2f-4da1-9328-d5fdf1c7e07b","local_time":"20210117205729","is_ascension_mode":true,"campfire_choices":[{"floor":7,"key":"REST"},{"floor":10,"key":"REST"},{"data":"Rampage","floor":13,"key":"SMITH"},{"data":"Armaments","floor":15,"key":"SMITH"},{"data":"Spot Weakness","floor":23,"key":"SMITH"},{"data":"Immolate","floor":25,"key":"SMITH"},{"data":"Immolate","floor":27,"key":"SMITH"},{"data":"Fire Breathing","floor":32,"key":"SMITH"},{"data":"Reaper","floor":40,"key":"SMITH"}],"circlet_count":0,"master_deck":["Defend_R","Defend_R+1","Defend_R","Defend_R","Bash","Cleave","Pommel Strike","Iron Wave","Rampage+1","Immolate+1","Armaments+1","Immolate+1","Shrug It Off+1","Spot Weakness+1","Seeing Red+1","Fire Breathing+1","Bite","Bite","Bite","Bite","Reaper+1","Writhe"],"relics":["Ectoplasm","WarpedTongs","Pear","Odd Mushroom","Pocketwatch","Toy Ornithopter","Vajra","Black Star","SsserpentHead","Red Mask","Tiny Chest","Darkstone Periapt","Meat on the Bone","War Paint","Boot","Coffee Dripper"],"acts_visited":["Exordium","TheCity","TheBeyond"],"potions_floor_usage":[30,41],"damage_taken":[{"damage":8,"enemies":"Jaw Worm","floor":1,"turns":4},{"damage":3,"enemies":"Cultist","floor":3,"turns":2},{"damage":27,"enemies":"Lagavulin","floor":6,"turns":5},{"damage":20,"enemies":"The Mushroom Lair","floor":8,"turns":3},{"damage":12,"enemies":"3 Sentries","floor":11,"turns":6},{"damage":0,"enemies":"Small Slimes","floor":12,"turns":1},{"damage":8,"enemies":"Gremlin Nob","floor":14,"turns":3},{"damage":0,"enemies":"Slime Boss","floor":16,"turns":4},{"damage":0,"enemies":"Chosen","floor":18,"turns":3},{"damage":0,"enemies":"Masked Bandits","floor":22,"turns":2},{"damage":0,"enemies":"3 Byrds","floor":24,"turns":3},{"damage":19,"enemies":"Slavers","floor":28,"turns":2},{"damage":18,"enemies":"Gremlin Leader","floor":30,"turns":5},{"damage":1,"enemies":"Snake Plant","floor":31,"turns":4},{"damage":78,"enemies":"Automaton","floor":33,"turns":9},{"damage":3,"enemies":"Orb Walker","floor":35,"turns":2},{"damage":17,"enemies":"3 Shapes","floor":36,"turns":2},{"damage":10,"enemies":"Jaw Worm Horde","floor":37,"turns":2},{"damage":100,"enemies":"Giant Head","floor":41,"turns":7}],"seed_played":"7196309912598402170","potions_obtained":[{"floor":6,"key":"ElixirPotion"},{"floor":8,"key":"AttackPotion"},{"floor":11,"key":"DistilledChaos"},{"floor":37,"key":"Energy Potion"}],"is_trial":false,"path_per_floor":["M","?","M","?","?","E","R","?","T","R","?","M","R","E","R","B",null,"M","?","$","$","?","R","M","R","T","R","E","?","E","M","R","B",null,"M","M","M","?","?","R","E"],"character_chosen":"IRONCLAD","items_purchased":["Spot Weakness"],"campfire_rested":2,"item_purchase_floors":[20],"current_hp_per_floor":[64,64,61,50,50,33,60,40,40,67,55,55,55,47,47,47,79,79,79,79,79,79,79,79,79,79,79,60,60,47,58,58,14,50,53,49,44,44,66,66,0,0],"gold":27,"neow_bonus":"BOSS_RELIC","is_daily":false,"chose_seed":false,"campfire_upgraded":7,"win_rate":0.0,"timestamp":1610888249,"path_taken":["M","?","?","?","?","E","R","?","T","R","?","M","R","E","R","BOSS","M","?","?","$","?","R","?","R","T","R","E","?","E","M","R","BOSS","M","M","M","?","?","R","E"],"items_purchased_type":["Card"],"build_version":"2020-12-22","purchased_purges":0,"victory":false,"max_hp_per_floor":[80,80,80,80,80,90,90,90,90,90,90,90,90,90,90,90,90,90,90,90,90,90,90,90,90,90,90,90,62,62,62,62,62,62,62,62,62,62,68,68,68,68],"card_choices":[{"not_picked":["Headbutt","Metallicize"],"picked":"Cleave","floor":1},{"not_picked":["Searing Blow","Sword Boomerang"],"picked":"Pommel Strike","floor":3},{"not_picked":["Body Slam","Heavy Blade"],"picked":"Iron Wave","floor":6},{"not_picked":["Rage","Clash"],"picked":"Rampage","floor":8},{"not_picked":["Havoc","Dark Embrace"],"picked":"Immolate","floor":11},{"not_picked":["Flex","Shockwave","Havoc"],"picked":"SKIP","floor":12},{"not_picked":["Bloodletting","Thunderclap"],"picked":"Armaments","floor":14},{"not_picked":["Brutality","Limit Break"],"picked":"Immolate","floor":16},{"not_picked":["Cleave","Spot Weakness"],"picked":"Shrug It Off","floor":18},{"not_picked":["Rage","Reckless Charge"],"picked":"Seeing Red+1","floor":24},{"not_picked":["Flame Barrier","Carnage"],"picked":"Fire Breathing","floor":28},{"not_picked":["Blood for Blood","Cleave","Pummel"],"picked":"SKIP","floor":30},{"not_picked":["Sword Boomerang","Clothesline","Shockwave"],"picked":"SKIP","floor":31},{"not_picked":["Berserk","Juggernaut"],"picked":"Reaper","floor":33},{"not_picked":["Iron Wave+1","Blood for Blood+1","Infernal Blade+1"],"picked":"SKIP","floor":35},{"not_picked":["Iron Wave+1","Wild Strike","Combust"],"picked":"SKIP","floor":36},{"not_picked":["Iron Wave+1","Rupture+1","Headbutt"],"picked":"SKIP","floor":37}],"player_experience":309916,"relics_obtained":[{"floor":6,"key":"Pear"},{"floor":8,"key":"Odd Mushroom"},{"floor":9,"key":"Pocketwatch"},{"floor":11,"key":"Toy Ornithopter"},{"floor":14,"key":"Vajra"},{"floor":22,"key":"Red Mask"},{"floor":26,"key":"Tiny Chest"},{"floor":28,"key":"Darkstone Periapt"},{"floor":28,"key":"Meat on the Bone"},{"floor":30,"key":"War Paint"},{"floor":30,"key":"Boot"}],"event_choices":[{"damage_healed":0,"gold_gain":0,"player_choice":"Rummage","damage_taken":0,"relics_obtained":["WarpedTongs"],"max_hp_gain":0,"max_hp_loss":0,"event_name":"Accursed Blacksmith","floor":2,"gold_loss":0,"cards_obtained":["Pain"]},{"damage_healed":0,"gold_gain":75,"player_choice":"Gather Gold","damage_taken":11,"max_hp_gain":0,"max_hp_loss":0,"event_name":"World of Goop","floor":4,"gold_loss":0},{"cards_removed":["Pain"],"damage_healed":0,"gold_gain":0,"player_choice":"Forget","damage_taken":0,"max_hp_gain":0,"max_hp_loss":0,"event_name":"Living Wall","floor":5,"gold_loss":0},{"damage_healed":0,"gold_gain":0,"player_choice":"Fought Mushrooms","damage_taken":0,"max_hp_gain":0,"max_hp_loss":0,"event_name":"Mushrooms","floor":8,"gold_loss":0},{"damage_healed":0,"gold_gain":0,"player_choice":"Searched \u00271\u0027 times","damage_taken":0,"max_hp_gain":0,"max_hp_loss":0,"event_name":"Dead Adventurer","floor":11,"gold_loss":0},{"damage_healed":0,"gold_gain":0,"player_choice":"Trade","damage_taken":0,"relics_obtained":["SsserpentHead"],"max_hp_gain":0,"max_hp_loss":0,"event_name":"FaceTrader","floor":19,"gold_loss":0},{"damage_healed":0,"gold_gain":0,"player_choice":"Fought Bandits","damage_taken":0,"max_hp_gain":0,"max_hp_loss":0,"event_name":"Masked Bandits","floor":22,"gold_loss":0},{"damage_healed":0,"gold_gain":0,"player_choice":"Became a vampire","damage_taken":0,"max_hp_gain":0,"max_hp_loss":28,"event_name":"Vampires","floor":29,"gold_loss":0,"cards_obtained":["Bite","Bite","Bite","Bite","Bite"]},{"cards_removed":["Bite"],"damage_healed":0,"gold_gain":0,"player_choice":"Removed Attack","damage_taken":0,"max_hp_gain":0,"max_hp_loss":0,"event_name":"Falling","floor":38,"gold_loss":0},{"damage_healed":16,"gold_gain":0,"player_choice":"Writhe","damage_taken":0,"max_hp_gain":0,"max_hp_loss":0,"event_name":"Winding Halls","floor":39,"gold_loss":0,"cards_obtained":["Writhe"]}],"is_beta":false,"boss_relics":[{"not_picked":["Tiny House","Empty Cage"],"picked":"Black Star"},{"not_picked":["Velvet Choker","Pandora\u0027s Box"],"picked":"Coffee Dripper"}],"items_purged_floors":[],"is_endless":false,"potions_floor_spawned":[6,8,11,12,18,24,28,37],"killed_by":"Giant Head","ascension_level":8}}