{"host":"2hcze2hcm4en58me","time":1610913741,"event":{"mods":["Act Like it!","BaseMod","Downfall","Hallownest","Hermit","Jorbs\u0027s Wanderer Trilogy","Magitek Elite","Minty Spire (QoL Compilation)","READ ME - Guardian Mod","StSLib","The Bug Knight","The Cursed","The Jungle","The Necromancer"],"gold_per_floor":[116,131,131,131,20,45,45,72,72,72,90,123,123,138,138,236,236,250,250,250,250,250,279,295,325,351,383,246,246,260,279,279,374,374,393,413,1412,783,798,798,811,811,880,896,896,930,944,964,964,964,964,964,79,109,109],"floor_reached":56,"language":"ENG","playtime":13340,"items_purged":["Defend_L","TheCursedMod:Dregs","Normality","Normality"],"score":1534,"play_id":"a67a8e21-8c19-41d2-8fc8-8c251059afa4","local_time":"20210117140221","is_ascension_mode":true,"campfire_choices":[{"floor":7.0,"key":"REST"},{"floor":10.0,"key":"REST"},{"data":"Cure","floor":15.0,"key":"SMITH"},{"floor":29.0,"key":"REST"},{"data":"Cure","floor":32.0,"key":"SMITH"},{"data":"Blizzard_P","floor":40.0,"key":"SMITH"},{"data":"Blizzard_P","floor":42,"key":"SMITH"},{"data":"Blizzard_P","floor":45,"key":"SMITH"},{"floor":49,"key":"RECALL"},{"data":"Haste","floor":52,"key":"SMITH"}],"circlet_count":0,"master_deck":["Strike_L","Strike_L","Strike_L","Defend_L","Defend_L","Defend_L","Defend_L","Fire2","Cure+2","Bravery+1","Aero","Rasp","Protect_M","Tornado","Magnus_Hat","Magus_Robe","Gladius","Osmosis","Blizzard_P+2","Mirage_Vest+1","Aero+2","Balance","Mythril_Knife","Haste+1","Flametongue+1","Force_Armor","Madness","Slow+1","stsjorbsmod:Amnesia","Parasite","Blizzard_P+2","Esuna+","Transpose_P","Deep Breath","Thornlet+1"],"relics":["Pendant","Ribbon","Happy Flower","Torii","Mythril_Glove","Cursed Key","MutagenicStrength","HollowMod:LifeEnderRelic","Question Card","Tintinnabulum","Whetstone","Golden_Hairpin","Eternal Feather","Strawberry","Nunchaku","Mummified Hand","Bottled Lightning","Kunai"],"acts_visited":["TheEnding"],"potions_floor_usage":[44,46,46,48,50,55,55],"damage_taken":[{"damage":7.0,"enemies":"Small Slimes","floor":1.0,"turns":4.0},{"damage":7.0,"enemies":"Jaw Worm","floor":2.0,"turns":3.0},{"damage":22.0,"enemies":"Lagavulin","floor":6.0,"turns":7.0},{"damage":38.0,"enemies":"HollowMod:MossKnight","floor":8.0,"turns":11.0},{"damage":7.0,"enemies":"Cultist","floor":11.0,"turns":5.0},{"damage":14.0,"enemies":"Gremlin Nob","floor":12.0,"turns":5.0},{"damage":3.0,"enemies":"3 Louse","floor":14.0,"turns":4.0},{"damage":27.0,"enemies":"Slime Boss","floor":16.0,"turns":12.0},{"damage":3.0,"enemies":"Chosen","floor":18.0,"turns":4.0},{"damage":33.0,"enemies":"Slavers","floor":23.0,"turns":4.0},{"damage":0.0,"enemies":"3 Byrds","floor":24.0,"turns":4.0},{"damage":2.0,"enemies":"Book of Stabbing","floor":25.0,"turns":4.0},{"damage":29.0,"enemies":"Slavers","floor":27.0,"turns":6.0},{"damage":0.0,"enemies":"Snecko","floor":30.0,"turns":5.0},{"damage":10.0,"enemies":"Sentry and Sphere","floor":31.0,"turns":6.0},{"damage":10.0,"enemies":"Collector","floor":33.0,"turns":11.0},{"damage":38.0,"enemies":"3 Shapes","floor":35.0,"turns":4.0},{"damage":6.0,"enemies":"Orb Walker","floor":36.0,"turns":2.0},{"damage":28.0,"enemies":"Transient","floor":39.0,"turns":5.0},{"damage":31.0,"enemies":"Maw","floor":41.0,"turns":10.0},{"damage":20,"enemies":"Writhing Mass","floor":44,"turns":6},{"damage":1,"enemies":"Nemesis","floor":46,"turns":7},{"damage":0,"enemies":"Jaw Worm Horde","floor":47,"turns":2},{"damage":2,"enemies":"Spire Growth","floor":48,"turns":4},{"damage":36,"enemies":"Time Eater","floor":50,"turns":11},{"damage":29,"enemies":"Shield and Spear","floor":54,"turns":5},{"damage":47,"enemies":"The Heart","floor":55,"turns":8}],"seed_played":"-3275829044823479145","potions_obtained":[{"floor":2.0,"key":"Explosive Potion"},{"floor":8.0,"key":"SteroidPotion"},{"floor":11.0,"key":"sneckomod:MuddlingPotion"},{"floor":14.0,"key":"EntropicBrew"},{"floor":16.0,"key":"sneckomod:MuddlingPotion"},{"floor":18.0,"key":"Regen Potion"},{"floor":24.0,"key":"FearPotion"},{"floor":30.0,"key":"Block Potion"},{"floor":31.0,"key":"sneckomod:MuddlingPotion"},{"floor":35.0,"key":"DuplicationPotion"},{"floor":36.0,"key":"Block Potion"},{"floor":44,"key":"ColorlessPotion"},{"floor":46,"key":"Fruit Juice"},{"floor":47,"key":"BlessingOfTheForge"}],"is_trial":false,"path_per_floor":["M","M","?","?","$","E","R","E","T","R","M","E","?","M","R","B",null,"M","?","?","?","?","E","M","E","T","E","$","R","M","M","R","B",null,"M","M","?","$","M","R","M","R","T","M","R","E","M","M","R","B",null,"R","$","E","B",null],"character_chosen":"MAGITEKELITE","items_purchased":["Rasp","Balance","Eternal Feather","Strawberry","expansioncontent:Sear","Mummified Hand","Bottled Lightning","PowerPotion","Deep Breath","Strength Potion","Fire Potion"],"campfire_rested":3,"item_purchase_floors":[5,28,38,38,38,53,53,53,53,53,53],"current_hp_per_floor":[56,55,55,48,48,32,50,18,18,36,35,21,26,29,29,14,55,61,61,61,61,49,34,34,44,44,16,17,39,52,52,53,56,69,44,51,52,60,45,61,43,59,60,53,72,84,85,83,85,61,79,85,85,56,22],"gold":109,"neow_bonus":"UPGRADE_CARD","is_daily":false,"chose_seed":false,"campfire_upgraded":6,"win_rate":0.0,"timestamp":1610913741,"path_taken":["M","M","?","?","?","E","R","E","T","R","?","E","?","M","R","BOSS","M","?","?","?","?","E","M","E","T","E","?","R","M","M","R","BOSS","M","M","?","$","M","R","M","R","T","M","R","E","M","M","R","BOSS","R","$","E","BOSS"],"items_purchased_type":["Card","Card","Relic","Relic","Undefined","Relic","Relic","Potion","Card","Potion","Potion"],"build_version":"2020-12-22","purchased_purges":4,"victory":true,"max_hp_per_floor":[63,63,63,63,63,63,63,63,63,63,63,63,68,68,68,68,68,68,68,68,68,73,73,73,73,73,73,73,73,73,73,73,73,73,73,73,73,80,80,80,80,80,80,80,80,85,85,85,85,85,85,85,85,85,85],"card_choices":[{"not_picked":["Magnus_Hat","Aero"],"picked":"Bravery","floor":1.0},{"not_picked":["Throw","Meltdown"],"picked":"Aero","floor":2.0},{"not_picked":["Falchion","Wall"],"picked":"Protect_M","floor":6.0},{"not_picked":["Icebrand","Poisona"],"picked":"Tornado","floor":8.0},{"not_picked":["Faith","Flare"],"picked":"Magnus_Hat","floor":11.0},{"not_picked":["Poisona","Mama"],"picked":"Magus_Robe","floor":12.0},{"not_picked":["Thunder_P","Water"],"picked":"Gladius","floor":14.0},{"not_picked":["Mama","Fake_Moustache"],"picked":"Osmosis","floor":16.0},{"not_picked":["Barrier","Focus","Crystal_Sword"],"picked":"SKIP","floor":18.0},{"not_picked":["Slow+1","Mama"],"picked":"Mirage_Vest+1","floor":23.0},{"not_picked":["Water","Vox","Dispel"],"picked":"SKIP","floor":24.0},{"not_picked":["Osmosis","Dark"],"picked":"Aero","floor":25.0},{"not_picked":["Circlet","Enhancer","Thunder_P","Gladius"],"picked":"SKIP","floor":27.0},{"not_picked":["Magnus_Hat","Throw+1","Circlet"],"picked":"Mythril_Knife","floor":30.0},{"not_picked":["Holy","Icebrand+1","Vox"],"picked":"Haste","floor":31.0},{"not_picked":["Aero","Circlet+1","Haste+1"],"picked":"Flametongue+1","floor":35.0},{"not_picked":["Water","Enhancer","Gladius"],"picked":"Force_Armor","floor":36.0},{"not_picked":["Poisona+1","Barrier+1","Water","Thunder_Blade"],"picked":"SKIP","floor":39.0},{"not_picked":["Gaia_Gear+1","Ultima","Thunder_Blade+1"],"picked":"Slow+1","floor":41},{"not_picked":["Flare","Cursed_Shield+1","Mythril_Knife"],"picked":"Blizzard_P","floor":44},{"not_picked":["Poisona","Might","Water"],"picked":"Esuna+","floor":46},{"not_picked":["Thunder_P","Water","Crystal_Sword","Focus+1"],"picked":"SKIP","floor":47},{"not_picked":["Circlet+1","Dark","Poisona"],"picked":"Transpose_P","floor":48},{"not_picked":["Poisona+1","Thunder_P","Balance"],"picked":"Thornlet+1","floor":54}],"player_experience":3195277,"relics_obtained":[{"floor":6.0,"key":"Ribbon"},{"floor":8.0,"key":"Happy Flower"},{"floor":9.0,"key":"Torii"},{"floor":12.0,"key":"Mythril_Glove"},{"floor":23.0,"key":"HollowMod:LifeEnderRelic"},{"floor":25.0,"key":"Question Card"},{"floor":26.0,"key":"Tintinnabulum"},{"floor":27.0,"key":"Whetstone"},{"floor":46,"key":"Nunchaku"},{"floor":54,"key":"Kunai"}],"event_choices":[{"damage_healed":0.0,"max_hp_gain":0.0,"max_hp_loss":0.0,"gold_gain":0.0,"event_name":"Living Wall","player_choice":"Grow","floor":3.0,"gold_loss":0.0,"damage_taken":0.0,"cards_upgraded":["Bravery"]},{"cards_removed":["Strike_L"],"damage_healed":0.0,"max_hp_gain":0.0,"max_hp_loss":0.0,"gold_gain":0.0,"event_name":"Golden Wing","player_choice":"Card Removal","floor":4.0,"gold_loss":0.0,"damage_taken":7.0},{"damage_healed":0.0,"max_hp_gain":5.0,"max_hp_loss":0.0,"gold_gain":0.0,"event_name":"Big Fish","player_choice":"Donut","floor":13.0,"gold_loss":0.0,"damage_taken":0.0},{"damage_healed":0.0,"max_hp_gain":0.0,"max_hp_loss":0.0,"gold_gain":0.0,"event_name":"The Library","player_choice":"Read","floor":19.0,"gold_loss":0.0,"damage_taken":0.0,"cards_obtained":["Blizzard_P"]},{"damage_healed":0.0,"max_hp_gain":0.0,"max_hp_loss":0.0,"gold_gain":0.0,"event_name":"Drug Dealer","player_choice":"Inject Mutagens","floor":20.0,"gold_loss":0.0,"damage_taken":0.0,"relics_obtained":["MutagenicStrength"]},{"damage_healed":0.0,"max_hp_gain":5.0,"max_hp_loss":0.0,"gold_gain":0.0,"event_name":"Forgotten Altar","player_choice":"Shed Blood","floor":22.0,"gold_loss":0.0,"damage_taken":17.0},{"damage_healed":0.0,"max_hp_gain":0.0,"max_hp_loss":0.0,"gold_gain":999.0,"event_name":"MindBloom","player_choice":"Gold","floor":37.0,"gold_loss":0.0,"damage_taken":0.0,"cards_obtained":["Normality","Normality"]}],"is_beta":false,"boss_relics":[{"not_picked":["Velvet Choker","Calling Bell"],"picked":"Cursed Key"},{"not_picked":["Sozu","Pandora\u0027s Box"],"picked":"Golden_Hairpin"}],"items_purged_floors":[5,28,38,53],"is_endless":false,"potions_floor_spawned":[2,8,11,14,16,18,24,30,31,35,36,44,46,47],"ascension_level":6}}