{"host":"v3yldluzjv9bevle","time":1610857736,"event":{"mods":["Aspiration","BaseMod","Better Vampires","BetterRewards","Colored Powertips","Conspire","Custom Start","Dio Mod","Energized Spire","Friendly Minions","Googly Eyes","Hermit","Highlight Path","Hubris","Hyrulean Relics","Ironclad Rager","Jedi Mod","Minty Spire (QoL Compilation)","Nova Terra(??·??)","Permanent Neow","Replay The Spire","Shop Mod","Small Relic Pack","Spikes Relics","Spire Birthday Party","StSLib","Synergy Search","The Death Knight","The Exalted","The Forsaken","Virulent Crown","slay the spire mod where everything is the same but ironclad has a cowboy hat","vexMod"],"gold_per_floor":[114,114,189,189,23,23,43,71,71,82,112,29,29,55,55,153,153,170,170,52,0,0],"floor_reached":21,"language":"ENG","playtime":1416,"items_purged":["Regret"],"score":208,"play_id":"7583e58a-e417-4f96-948a-ec162624cefc","local_time":"20210116232856","is_ascension_mode":false,"campfire_choices":[{"floor":6,"key":"REST"},{"floor":13,"key":"REST"},{"floor":15,"key":"REST"}],"circlet_count":0,"master_deck":["DeathKnight:Strike_DeathKnight","DeathKnight:Strike_DeathKnight","DeathKnight:Strike_DeathKnight","DeathKnight:Strike_DeathKnight","DeathKnight:Strike_DeathKnight","DeathKnight:Defend_DeathKnight","DeathKnight:Defend_DeathKnight","DeathKnight:Defend_DeathKnight","DeathKnight:Defend_DeathKnight","DeathKnight:Defend_DeathKnight","DeathKnight:RuneTap","DeathKnight:RuneStrike","DeathKnight:MutagenicPlague","DeathKnight:IceboundArmor","ReplayTheSpireMod:IOU","ReplayTheSpireMod:IOU","DeathKnight:DancingRuneblade","DeathKnight:PlagueStrike","DeathKnight:Contagion","DeathKnight:PathOfFrost","DeathKnight:IcyTouch","DeathKnight:MutagenicPlague","DeathKnight:Razorice","DeathKnight:DeathCoil","DeathKnight:DeathAndDecay"],"relics":["DeathKnight:BrokenRuneblade","relicPack:DSword","MerchantsRug","Frozen Egg 2","CherryCoatedStake","Membership Card","aspiration:RitualStick","aspiration:Nostalgia","theForsaken:JudgementScales","Pantograph","DeathKnight:JainasLocket"],"acts_visited":["Exordium","TheCity"],"potions_floor_usage":[8,11,16,21],"damage_taken":[{"damage":2,"enemies":"2 Louse","floor":1,"turns":3},{"damage":7,"enemies":"Small Slimes","floor":7,"turns":2},{"damage":31,"enemies":"3 Sentries","floor":8,"turns":8},{"damage":0,"enemies":"Cultist","floor":10,"turns":4},{"damage":0,"enemies":"Gremlin Nob","floor":11,"turns":3},{"damage":23,"enemies":"Fading Forest","floor":16,"turns":11},{"damage":34,"enemies":"Chosen","floor":18,"turns":6},{"damage":41,"enemies":"2 Thieves","floor":21,"turns":3}],"seed_played":"5551505468592937592","potions_obtained":[{"floor":7,"key":"SpeedPotion"},{"floor":8,"key":"SteroidPotion"},{"floor":11,"key":"BlessingOfTheForge"},{"floor":18,"key":"Fire Potion"}],"is_trial":false,"path_per_floor":["M","?","?","?","$","R","M","E","T","M","E","$","R","T","R","B",null,"M","?","$","M"],"character_chosen":"DEATH_KNIGHT","items_purchased":["MerchantsRug","DeathKnight:DancingRuneblade","DeathKnight:PlagueStrike","Membership Card","Reflective Coating","aspiration:Nostalgia","Pantograph","DeathKnight:JainasLocket","DeathKnight:DeathAndDecay"],"campfire_rested":3,"item_purchase_floors":[5,5,5,12,12,20,20,20,20],"current_hp_per_floor":[73,73,62,27,27,49,42,11,11,11,11,11,33,33,55,69,75,41,26,26,0,0],"gold":0,"neow_bonus":"THREE_CARDS","is_daily":false,"chose_seed":false,"campfire_upgraded":0,"win_rate":0.0,"timestamp":1610857736,"path_taken":["M","?","?","?","$","R","?","E","T","M","E","$","R","?","R","BOSS","M","?","$","M"],"items_purchased_type":["Relic","Card","Card","Relic","Potion","Relic","Relic","Relic","Card"],"build_version":"2020-12-22","purchased_purges":1,"victory":false,"max_hp_per_floor":[75,75,75,75,75,75,75,75,75,75,75,75,75,75,75,75,75,75,75,75,75,75],"card_choices":[{"not_picked":["DeathKnight:DeathCoil","DeathKnight:BoneSpear"],"picked":"DeathKnight:MutagenicPlague","floor":0},{"not_picked":["DeathKnight:BludPresence","DeathKnight:FrostStrike"],"picked":"DeathKnight:IceboundArmor","floor":1},{"not_picked":["DeathKnight:BloodPact","DeathKnight:BladedArmor"],"picked":"DeathKnight:Contagion","floor":7},{"not_picked":["DeathKnight:BloodTap","DeathKnight:Hemostasis"],"picked":"DeathKnight:PathOfFrost","floor":8},{"not_picked":["DeathKnight:IceboundArmor","DeathKnight:BoneShield"],"picked":"DeathKnight:IcyTouch","floor":10},{"not_picked":["DeathKnight:Obliterate","DeathKnight:IceboundArmor"],"picked":"DeathKnight:MutagenicPlague","floor":11},{"not_picked":["DeathKnight:MarkOfBlood","DeathKnight:BoneStorm"],"picked":"DeathKnight:Razorice","floor":16},{"not_picked":["DeathKnight:BloodTap","DeathKnight:BludPresence+1"],"picked":"DeathKnight:DeathCoil","floor":18}],"player_experience":160621,"relics_obtained":[{"floor":8,"key":"Replay:Bottled Snecko"},{"floor":9,"key":"Frozen Egg 2"},{"floor":11,"key":"CherryCoatedStake"},{"floor":14,"key":"ReplayTheSpireMod:Lightbulb"}],"event_choices":[{"damage_healed":0,"gold_gain":0,"player_choice":"Box","damage_taken":0,"relics_obtained":["Replay:Wax Seal"],"max_hp_gain":0,"max_hp_loss":0,"event_name":"Big Fish","floor":2,"gold_loss":0,"cards_obtained":["Regret"]},{"damage_healed":0,"gold_gain":75,"player_choice":"Gather Gold","damage_taken":11,"max_hp_gain":0,"max_hp_loss":0,"event_name":"World of Goop","floor":3,"gold_loss":0}],"is_beta":false,"boss_relics":[{"not_picked":["vexMod:DeviousBotling","conspire:RoyalGoblet"],"picked":"conspire:RunicOctahedron"}],"items_purged_floors":[5],"is_endless":false,"potions_floor_spawned":[7,8,11,18],"killed_by":"2 Thieves","ascension_level":0}}