{"host":"ormi09wwzv7sq47a","time":1610924858,"event":{"mods":["2.2 Compatiblity","AchievementEnabler","Act Like it!","BaseMod","Bestiary","Better Altar","Better Note","Better Sensory Stone","Better Silent Start","Better Skull","Better Third Choice","Better Vampires","BetterRewards","Block Reminder","Card Forge","Colored Map","Colored Powertips","Curses Come First","DeckTracker","Downfall","Highlight Path","Minty Spire (QoL Compilation)","Permanent Neow","Quick Restart","Rare Cards Sparkle","Relic Stats","Shop Mod","StSLib","The Jungle"],"gold_per_floor":[113,125,125,137,149,149,179,179,179,208,1,29,76,76,76,153,153,172,172,222,222,237,237,269,297,323,349,349,449,483,495,495,568,568,581,591,60,79,79,79,79,106,106,137,137,162,177,203,203,203,203,203,203,50,77,77,77,77],"floor_reached":56,"language":"ENG","playtime":4743,"items_purged":["Guardian:Strike_Guardian","Guardian:Strike_Guardian"],"score":3474,"play_id":"7e4007dc-220e-49fe-b1ba-3deb54f76595","local_time":"20210117210738","is_ascension_mode":true,"campfire_choices":[{"data":"Guardian:PrismaticBeam","floor":6.0,"key":"SMITH"},{"data":"Guardian:ArmoredProtocol","floor":8.0,"key":"SMITH"},{"data":"Guardian:MultiBeam","floor":15.0,"key":"SMITH"},{"data":"Guardian:CurlUp","floor":23.0,"key":"SMITH"},{"data":"Guardian:GemFire","floor":28.0,"key":"SMITH"},{"data":"Guardian:TimeSifter","floor":32.0,"key":"SMITH"},{"floor":40,"key":"RECALL"},{"data":"Guardian:RevengeProtocol","floor":49,"key":"SMITH"},{"data":"Guardian:Defend_Guardian","floor":53,"key":"SMITH"}],"circlet_count":0,"master_deck":["AscendersBane","Guardian:Strike_Guardian+1","Guardian:Defend_Guardian","Guardian:Defend_Guardian","Guardian:Defend_Guardian","Guardian:Defend_Guardian+1","Guardian:CurlUp+1","Guardian:TwinSlam+1","Guardian:PrismaticBeam+1","Guardian:ArmoredProtocol+1","Guardian:TemporalShield+1","Guardian:MultiBeam+1","Guardian:Suspension+1","Guardian:GemFire+1","Guardian:ExploitGems+1","Guardian:ShieldCharger+1","Guardian:StasisField+1","Guardian:Suspension+1","Guardian:TimeSifter+1","Guardian:ShieldCharger+1","Dark Shackles+1","Guardian:Recover+1","Guardian:RevengeProtocol+1","Guardian:BodySlam+1","Guardian:Emergency+1","Guardian:PiercingHide+1","Guardian:SphericShield+1","Guardian:SpikerProtocol+1"],"relics":["Guardian:ModeShifter","Hammer of Thor","Seething Fire","Anvil of the Gods","Thread and Needle","Gremlin Horn","champ:DeflectingBracers","Guardian:GemstoneGun","Toxic Egg 2","Potion Belt","Bottled Flame","Oddly Smooth Stone","bronze:BronzeIdol","Bottled Tornado","Philosopher\u0027s Stone","Nilry\u0027s Codex","Kunai","Red Mask","Tiny Chest","Whetstone","champ:DuelingGlove","Ornamental Fan","Akabeko","TungstenRod","Sundial","bronze:DecasWashers","Blood Vial","Bird Faced Urn","Pen Nib","sneckomod:BlankCard","Nunchaku"],"acts_visited":["Exordium","TheCity","TheBeyond","TheEnding"],"potions_floor_usage":[48,55,56],"damage_taken":[{"damage":3.0,"enemies":"Small Slimes","floor":1.0,"turns":3.0},{"damage":0.0,"enemies":"Cultist","floor":2.0,"turns":4.0},{"damage":0.0,"enemies":"Jaw Worm","floor":4.0,"turns":4.0},{"damage":0.0,"enemies":"Blue Slaver","floor":5.0,"turns":4.0},{"damage":3.0,"enemies":"Lagavulin","floor":7.0,"turns":5.0},{"damage":1.0,"enemies":"3 Sentries","floor":10.0,"turns":7.0},{"damage":0.0,"enemies":"Gremlin Nob","floor":12.0,"turns":3.0},{"damage":0.0,"enemies":"Hexaghost","floor":16.0,"turns":7.0},{"damage":0.0,"enemies":"2 Thieves","floor":18.0,"turns":1.0},{"damage":0.0,"enemies":"Chosen","floor":22.0,"turns":3.0},{"damage":0.0,"enemies":"Slavers","floor":24.0,"turns":2.0},{"damage":0.0,"enemies":"Masked Bandits","floor":25.0,"turns":4.0},{"damage":0.0,"enemies":"Gremlin Leader","floor":27.0,"turns":4.0},{"damage":0.0,"enemies":"Colosseum Slavers","floor":29.0,"turns":3.0},{"damage":0.0,"enemies":"Colosseum Nobs","floor":29.0,"turns":3.0},{"damage":0.0,"enemies":"Book of Stabbing","floor":30.0,"turns":5.0},{"damage":0.0,"enemies":"Centurion and Healer","floor":31.0,"turns":4.0},{"damage":0.0,"enemies":"Automaton","floor":33.0,"turns":8.0},{"damage":2,"enemies":"3 Shapes","floor":35,"turns":5},{"damage":0,"enemies":"Orb Walker","floor":36,"turns":1},{"damage":0,"enemies":"Maw","floor":38,"turns":6},{"damage":0,"enemies":"Giant Head","floor":42,"turns":6},{"damage":0,"enemies":"Nemesis","floor":44,"turns":5},{"damage":0,"enemies":"Giant Head","floor":46,"turns":5},{"damage":0,"enemies":"3 Darklings","floor":47,"turns":2},{"damage":0,"enemies":"Nemesis","floor":48,"turns":3},{"damage":0,"enemies":"Donu and Deca","floor":50,"turns":5},{"damage":0,"enemies":"Time Eater","floor":51,"turns":7},{"damage":0,"enemies":"Shield and Spear","floor":55,"turns":6},{"damage":79,"enemies":"The Heart","floor":56,"turns":9}],"seed_played":"7538689437577289988","potions_obtained":[{"floor":1.0,"key":"SpeedPotion"},{"floor":2.0,"key":"Block Potion"},{"floor":5.0,"key":"Strength Potion"},{"floor":12.0,"key":"AttackPotion"},{"floor":18.0,"key":"champ:CounterPotion"},{"floor":25.0,"key":"PowerPotion"},{"floor":30.0,"key":"FearPotion"},{"floor":31.0,"key":"Fire Potion"},{"floor":36,"key":"sneckomod:MuddlingPotion"},{"floor":42,"key":"Weak Potion"}],"is_trial":false,"path_per_floor":["M","M","?","M","M","R","E","R","T","E","$","E","T","?","R","B",null,"M","?","?","?","M","R","E","?","T","E","R","?","E","M","R","B",null,"M","M","$","M","$","R","?","E","T","E","T","E","M","E","R","B","B",null,"R","$","E","B"],"character_chosen":"GUARDIAN","items_purchased":["Gremlin Horn","Guardian:Gem_Cyan","champ:DeflectingBracers","Guardian:Gem_Purple","Guardian:PrismaticBeam","bronze:BronzeIdol","Guardian:Suspension+1","TungstenRod","Dark Shackles+1","Guardian:SphericShield+1"],"campfire_rested":0,"item_purchase_floors":[0,0,0,0,0,11,11,37,37,54],"current_hp_per_floor":[41,41,41,41,41,41,38,38,38,37,37,37,37,37,37,37,63,63,42,42,56,56,56,56,56,56,56,56,56,56,56,56,56,68,66,66,66,66,66,66,66,66,66,66,66,72,72,72,72,72,72,72,72,72,72,0,0,0],"gold":77,"neow_bonus":"","is_daily":false,"chose_seed":false,"campfire_upgraded":8,"win_rate":0.0,"timestamp":1610924858,"path_taken":["M","M","?","M","?","R","E","R","T","E","$","E","?","?","R","BOSS","M","?","?","?","M","R","E","?","T","E","R","?","E","?","R","BOSS","M","M","$","M","$","R","?","E","T","E","?","E","?","E","R","BOSS","BOSS","R","$","E","BOSS"],"items_purchased_type":["Relic","Card","Relic","Card","Card","Relic","Card","Relic","Card","Card"],"build_version":"2020-12-22","purchased_purges":2,"victory":false,"max_hp_per_floor":[72,72,72,72,72,72,72,72,72,72,72,72,72,72,72,72,72,72,72,72,72,72,72,72,72,72,72,72,72,72,72,72,72,72,72,72,72,72,72,72,72,72,72,72,72,72,72,72,72,72,72,72,72,72,72,72,72,72],"relic_stats":{"Gremlin Horn":[19,19],"counters":[224,1030],"Pen Nib":[4],"Whetstone":["hexamod:BacktrackSmack","Bane","Dash","Guardian:Strike_Guardian","Guardian:TwinSlam","Guardian:Strike_Guardian","Guardian:TwinSlam"],"Blood Vial":56,"Nunchaku":[0],"Ornamental Fan":[32],"Sundial":[4],"Bird Faced Urn":[11],"Tiny Chest":1,"Kunai":[75],"obtain_stats":[{"Ice Cream":37,"champ:DuelingGlove":29,"Gremlin Horn":0,"Nilry\u0027s Codex":19,"Hammer of Thor":0,"Ginger":54,"Whetstone":54,"Bottled Tornado":44,"Boot":9,"Guardian:PickAxe":3,"Blood Vial":43,"Sozu":17,"Lizard Tail":46,"Sundial":42,"Strawberry":26,"Philosopher\u0027s Stone":17,"MealTicket":41,"Kunai":23,"Toxic Egg 2":6,"Guardian:BottledStasis":41,"MerchantsRug":53,"Happy Flower":54,"Astrolabe":17,"Blue Candle":40,"Guardian:ModeShifter":0,"Oddly Smooth Stone":42,"Eternal Feather":26,"Pen Nib":54,"Guardian:PocketSentry":8,"War Paint":0,"Akabeko":44,"Du-Vu Doll":46,"OrangePellets":45,"Bottled Flame":54,"Anvil of the Gods":0,"Shuriken":12,"Bird Faced Urn":0,"Bronze Scales":23,"Pandora\u0027s Box":17,"Black Star":17,"Nloth\u0027s Gift":19,"StrikeDummy":48,"Unceasing Top":43,"Meat on the Bone":29,"Pocketwatch":39,"Darkstone Periapt":25,"Lantern":31,"Guardian:ModeShifterPlus":34,"sneckomod:BlankCard":48,"Guardian:StasisCodex":9,"Mango":0,"Incense Burner":36,"Bag of Preparation":20,"Juzu Bracelet":29,"Ancient Tea Set":9,"Smiling Mask":24,"ClockworkSouvenir":0,"Dream Catcher":27,"Nunchaku":55,"Matryoshka":20,"Mummified Hand":37,"Tiny Chest":26,"WingedGreaves":7,"Red Mask":47,"Potion Belt":7,"Guardian:GemstoneGun":0,"bronze:DecasWashers":43,"Thread and Needle":0,"PreservedInsect":43,"The Courier":40,"champ:DeflectingBracers":0,"Omamori":7,"Seething Fire":0,"Orichalcum":44,"Odd Mushroom":10,"MawBank":45,"White Beast Statue":14,"bronze:BronzeIdol":11,"Peace Pipe":0,"Guardian:StasisUpgradeRelic":0,"CaptainsWheel":44,"Anchor":46,"Ornamental Fan":7,"Art of War":40,"Coffee Dripper":34,"Membership Card":20,"Bottled Lightning":20,"hexamod:BolsterEngine":30,"FossilizedHelix":0,"TungstenRod":30},{"Ice Cream":108,"champ:DuelingGlove":209,"Gremlin Horn":194,"Nilry\u0027s Codex":203,"Hammer of Thor":0,"Ginger":60,"Whetstone":87,"Bottled Tornado":21,"Boot":92,"Guardian:PickAxe":2,"Blood Vial":54,"Sozu":149,"Lizard Tail":57,"Sundial":216,"Strawberry":129,"Philosopher\u0027s Stone":7,"MealTicket":54,"Kunai":12,"Toxic Egg 2":171,"Guardian:BottledStasis":20,"MerchantsRug":86,"Happy Flower":167,"Astrolabe":69,"Blue Candle":187,"Guardian:ModeShifter":0,"Oddly Smooth Stone":21,"Eternal Feather":48,"Pen Nib":60,"Guardian:PocketSentry":3,"War Paint":26,"Akabeko":55,"Du-Vu Doll":57,"OrangePellets":188,"Bottled Flame":25,"Anvil of the Gods":0,"Shuriken":94,"Bird Faced Urn":0,"Bronze Scales":101,"Pandora\u0027s Box":124,"Black Star":44,"Nloth\u0027s Gift":125,"StrikeDummy":23,"Unceasing Top":111,"Meat on the Bone":104,"Pocketwatch":186,"Darkstone Periapt":102,"Lantern":16,"Guardian:ModeShifterPlus":17,"sneckomod:BlankCard":220,"Guardian:StasisCodex":3,"Mango":26,"Incense Burner":19,"Bag of Preparation":46,"Juzu Bracelet":49,"Ancient Tea Set":39,"Smiling Mask":48,"ClockworkSouvenir":61,"Dream Catcher":103,"Nunchaku":223,"Matryoshka":46,"Mummified Hand":134,"Tiny Chest":206,"WingedGreaves":30,"Red Mask":22,"Potion Belt":92,"Guardian:GemstoneGun":194,"bronze:DecasWashers":216,"Thread and Needle":61,"PreservedInsect":21,"The Courier":110,"champ:DeflectingBracers":194,"Omamori":39,"Seething Fire":0,"Orichalcum":112,"Odd Mushroom":147,"MawBank":137,"White Beast Statue":68,"bronze:BronzeIdol":200,"Peace Pipe":88,"Guardian:StasisUpgradeRelic":34,"CaptainsWheel":55,"Anchor":114,"Ornamental Fan":120,"Art of War":54,"Coffee Dripper":78,"Membership Card":71,"Bottled Lightning":99,"hexamod:BolsterEngine":181,"FossilizedHelix":88,"TungstenRod":131},{"Ice Cream":532,"champ:DuelingGlove":953,"Gremlin Horn":896,"Nilry\u0027s Codex":934,"Hammer of Thor":0,"Ginger":315,"Whetstone":428,"Bottled Tornado":118,"Boot":452,"Guardian:PickAxe":6,"Blood Vial":291,"Sozu":700,"Lizard Tail":303,"Sundial":988,"Strawberry":609,"Philosopher\u0027s Stone":33,"MealTicket":291,"Kunai":60,"Toxic Egg 2":784,"Guardian:BottledStasis":111,"MerchantsRug":424,"Happy Flower":769,"Astrolabe":360,"Blue Candle":852,"Guardian:ModeShifter":0,"Oddly Smooth Stone":118,"Eternal Feather":265,"Pen Nib":315,"Guardian:PocketSentry":9,"War Paint":157,"Akabeko":294,"Du-Vu Doll":303,"OrangePellets":858,"Bottled Flame":152,"Anvil of the Gods":0,"Shuriken":464,"Bird Faced Urn":0,"Bronze Scales":497,"Pandora\u0027s Box":588,"Black Star":252,"Nloth\u0027s Gift":593,"StrikeDummy":135,"Unceasing Top":544,"Meat on the Bone":511,"Pocketwatch":845,"Darkstone Periapt":502,"Lantern":84,"Guardian:ModeShifterPlus":96,"sneckomod:BlankCard":1003,"Guardian:StasisCodex":9,"Mango":157,"Incense Burner":108,"Bag of Preparation":258,"Juzu Bracelet":269,"Ancient Tea Set":232,"Smiling Mask":265,"ClockworkSouvenir":323,"Dream Catcher":506,"Nunchaku":1021,"Matryoshka":258,"Mummified Hand":634,"Tiny Chest":943,"WingedGreaves":172,"Red Mask":126,"Potion Belt":452,"Guardian:GemstoneGun":896,"bronze:DecasWashers":988,"Thread and Needle":323,"PreservedInsect":118,"The Courier":540,"champ:DeflectingBracers":896,"Omamori":232,"Seething Fire":0,"Orichalcum":549,"Odd Mushroom":693,"MawBank":646,"White Beast Statue":347,"bronze:BronzeIdol":923,"Peace Pipe":437,"Guardian:StasisUpgradeRelic":201,"CaptainsWheel":294,"Anchor":555,"Ornamental Fan":575,"Art of War":291,"Coffee Dripper":393,"Membership Card":368,"Bottled Lightning":488,"hexamod:BolsterEngine":822,"FossilizedHelix":437,"TungstenRod":618}],"TungstenRod":17},"card_choices":[{"not_picked":["Guardian:WalkerClaw","Guardian:Suspension"],"picked":"Guardian:Gem_Cyan","floor":1.0},{"not_picked":["Guardian:EvasiveProtocol","Guardian:BodySlam"],"picked":"Guardian:ArmoredProtocol","floor":2.0},{"not_picked":["Guardian:ChargeUp+1","Guardian:TimeCapacitor"],"picked":"Guardian:Gem_Green","floor":4.0},{"not_picked":["Guardian:WalkerClaw","Guardian:Reroute"],"picked":"Guardian:TemporalShield+1","floor":5.0},{"not_picked":["Guardian:PolyBeam","Guardian:ShieldCharger+1"],"picked":"Guardian:Gem_White","floor":7.0},{"not_picked":["Guardian:EvasiveProtocol","Guardian:GuardianWhirl"],"picked":"Guardian:MultiBeam","floor":10.0},{"not_picked":["Guardian:Emergency+1","Guardian:RollAttack"],"picked":"Guardian:GemFire","floor":12.0},{"not_picked":["Guardian:StasisEngine","Guardian:HyperBeam_Guardian"],"picked":"Guardian:ExploitGems+1","floor":16.0},{"not_picked":["Guardian:Reroute","Guardian:ShieldCharger+1"],"picked":"Guardian:Gem_Purple","floor":18.0},{"not_picked":["Guardian:BronzeArmor+1","Guardian:ChargeUp+1"],"picked":"Guardian:ShieldCharger+1","floor":22.0},{"not_picked":["Guardian:Gem_Crimson","Guardian:Gem_Red"],"picked":"Guardian:StasisField+1","floor":24.0},{"not_picked":["Guardian:Clone+1","Guardian:CrystalBeam"],"picked":"Guardian:Suspension+1","floor":25.0},{"not_picked":["Guardian:ChargeUp+1","Guardian:Reroute"],"picked":"Guardian:TimeSifter","floor":27.0},{"not_picked":["Guardian:Gem_Lightblue","Guardian:RollAttack"],"picked":"Guardian:Gem_Cyan","floor":29.0},{"not_picked":["Guardian:ShieldCharger+1","Guardian:CrystalBeam+1"],"picked":"Guardian:Gem_Green","floor":30.0},{"not_picked":["Guardian:TemporalStrike","Guardian:RollAttack"],"picked":"Guardian:Gem_Cyan","floor":31.0},{"not_picked":["Guardian:CompilePackage+1","Guardian:ConstructionForm"],"picked":"Guardian:Gem_Orange","floor":33.0},{"not_picked":["Guardian:PolyBeam","Guardian:PiercingHide+1"],"picked":"Guardian:ShieldCharger+1","floor":35},{"not_picked":["Guardian:PiercingHide+1","Guardian:PrismaticBarrier+1"],"picked":"Guardian:Gem_Green","floor":36},{"not_picked":["Guardian:BodySlam","Guardian:Gem_Blue"],"picked":"Guardian:Recover+1","floor":38},{"not_picked":["Guardian:RollAttack+1","Guardian:ChargeCore+1"],"picked":"Guardian:RevengeProtocol","floor":42},{"not_picked":["Guardian:ArmoredProtocol","Guardian:Gem_Lightblue"],"picked":"Guardian:BodySlam+1","floor":44},{"not_picked":["Guardian:Clone+1","Guardian:PrismaticBeam+1"],"picked":"Guardian:Emergency+1","floor":46},{"not_picked":["Guardian:FloatingOrbs","Guardian:BodySlam","Guardian:PrismaticBarrier+1"],"picked":"SKIP","floor":47},{"not_picked":["Guardian:Gem_Fragmented","Guardian:Gem_Yellow"],"picked":"Guardian:PiercingHide+1","floor":48},{"not_picked":["Guardian:Preprogram+1","Guardian:RollAttack"],"picked":"Guardian:SpikerProtocol+1","floor":55}],"player_experience":982521,"relics_obtained":[{"floor":7.0,"key":"Potion Belt"},{"floor":9.0,"key":"Bottled Flame"},{"floor":10.0,"key":"Oddly Smooth Stone"},{"floor":12.0,"key":"Bottled Tornado"},{"floor":19.0,"key":"Nilry\u0027s Codex"},{"floor":24.0,"key":"Kunai"},{"floor":25.0,"key":"Red Mask"},{"floor":26.0,"key":"Tiny Chest"},{"floor":27.0,"key":"Whetstone"},{"floor":29.0,"key":"champ:DuelingGlove"},{"floor":29.0,"key":"Ornamental Fan"},{"floor":30.0,"key":"Akabeko"},{"floor":42,"key":"Sundial"},{"floor":43,"key":"bronze:DecasWashers"},{"floor":44,"key":"Blood Vial"},{"floor":45,"key":"Bird Faced Urn"},{"floor":46,"key":"Pen Nib"},{"floor":48,"key":"sneckomod:BlankCard"},{"floor":55,"key":"Nunchaku"}],"event_choices":[{"damage_healed":0.0,"max_hp_gain":0.0,"max_hp_loss":0.0,"gold_gain":0.0,"event_name":"WeMeetAgain","player_choice":"Gave Potion","floor":3.0,"gold_loss":0.0,"damage_taken":0.0,"relics_obtained":["Toxic Egg 2"]},{"damage_healed":0.0,"max_hp_gain":0.0,"max_hp_loss":0.0,"gold_gain":1.0,"event_name":"betterThird:BetterScrap","player_choice":"LEAVE","floor":14.0,"gold_loss":0.0,"damage_taken":0.0,"cards_obtained":["Double Tap"]},{"damage_healed":0.0,"max_hp_gain":0.0,"max_hp_loss":0.0,"gold_gain":0.0,"event_name":"Cursed Tome","player_choice":"Obtained Book","floor":19.0,"gold_loss":0.0,"damage_taken":21.0},{"damage_healed":0.0,"max_hp_gain":0.0,"max_hp_loss":0.0,"gold_gain":50.0,"event_name":"betterThird:BetterNest","player_choice":"Steal","floor":20.0,"gold_loss":0.0,"damage_taken":0.0},{"damage_healed":14.0,"max_hp_gain":0.0,"max_hp_loss":0.0,"gold_gain":0.0,"event_name":"The Library","player_choice":"Heal","floor":21.0,"gold_loss":0.0,"damage_taken":0.0},{"damage_healed":0.0,"max_hp_gain":0.0,"max_hp_loss":0.0,"gold_gain":0.0,"event_name":"Masked Bandits","player_choice":"Fought Bandits","floor":25.0,"gold_loss":0.0,"damage_taken":0.0},{"damage_healed":0.0,"max_hp_gain":0.0,"max_hp_loss":0.0,"gold_gain":0.0,"event_name":"Colosseum","player_choice":"Fight","floor":29.0,"gold_loss":0.0,"damage_taken":0.0},{"damage_healed":0.0,"max_hp_gain":0.0,"max_hp_loss":0.0,"gold_gain":0.0,"event_name":"Colosseum","player_choice":"Fought Nobs","floor":29.0,"gold_loss":0.0,"damage_taken":0.0},{"cards_removed":["Guardian:Strike_Guardian"],"damage_healed":0,"gold_gain":0,"player_choice":"Offered Basic","damage_taken":0,"max_hp_gain":0,"max_hp_loss":0,"event_name":"Bonfire Elementals","floor":41,"gold_loss":0}],"is_beta":false,"boss_relics":[{"not_picked":["Runic Dome","Black Star"],"picked":"Philosopher\u0027s Stone"},{"not_picked":["Velvet Choker","Snecko Eye","Runic Pyramid"]}],"items_purged_floors":[0,37],"is_endless":false,"potions_floor_spawned":[1,2,5,12,18,25,30,31,36,42],"killed_by":"The Heart","ascension_level":20}}