{"host":"oc9z8cublggqyfxu","time":1610874871,"event":{"mods":["AchievementEnabler","Act Like it!","Aspiration","BaseMod","Colored Map","Colored Powertips","Dota2Spire","Friendly Minions","Gensokyo","GifTheSpireLib","Hallownest","Hermit","Highlight Path","KinomotoSakuraMod(木之本樱)","Koishi","Lobotomy","LobotomyExtend","Marisa（F雨　魔理沙）","Minty Spire (QoL Compilation)","Quick Restart","Rare Cards Sparkle","Reimu（博丽灵梦）","Relic Stats","Remilia（蕾米莉亚）","Replay The Spire","RumiaBox-露米娅的神秘盒子","Spicy Shops","StSLib","The Administrix","The Animator","The Blackbeard","The Bug Knight","The Cursed","The Hierophant","The Mystic","The Runesmith","The Servant 0.9.4","Yakumo Yukari mod","Youmu（魂魄妖梦）","Yuyuko","vexMod","【功能Mod】混沌之环修复补丁","【功能Mod】聪明的最终Boss"],"gold_per_floor":[110,35,35,46,63,97,97,97,97,1,1,20,100,200,200,304,304,323,4,4,4,4,4,4,4,4,4,16,16,34,34,34,34,34],"floor_reached":33,"language":"ZHS","playtime":1678,"items_purged":["Defend_P","Strike_P"],"score":264,"play_id":"ba231ee7-d34d-4285-a284-c4a03b0cd9ca","local_time":"20210117171431","is_ascension_mode":false,"campfire_choices":[{"data":"Eruption","floor":7,"key":"SMITH"},{"data":"WreathOfFlame","floor":11,"key":"SMITH"},{"floor":15,"key":"REST"},{"data":"Study","floor":23,"key":"SMITH"},{"floor":25,"key":"RECALL"},{"data":"Gensokyo:TekeTeke","floor":32,"key":"SMITH"}],"circlet_count":0,"master_deck":["Apo_SoulSlash","Apo_Charge","Apo_Charge","Apo_Charge","Apo_Charge","Apo_Beam","Apo_Beam","Apo_Beam","Apo_Execute","Apo_Slash","Apo_Slash","Apo_SoulSlash","SingingMachine","Gensokyo:TekeTeke+1"],"relics":["PureWater","CogitoBucket","AddBug","SecretRecord","SecretRecord","SecretRecord","SecretRecord","SecretRecord"],"acts_visited":["Gensokyo:Gensokyo","Gensokyo:Gensokyoer"],"potions_floor_usage":[6,16,18,33,33],"damage_taken":[{"damage":6,"enemies":"Gensokyo:Python","floor":1,"turns":3},{"damage":7,"enemies":"Gensokyo:Gryphon","floor":4,"turns":3},{"damage":3,"enemies":"Gensokyo:2_Kodama","floor":5,"turns":2},{"damage":30,"enemies":"Gensokyo:Aya","floor":6,"turns":4},{"damage":8,"enemies":"Gensokyo:Gryphon_and_Rabbit","floor":12,"turns":3},{"damage":52,"enemies":"Gensokyo:Yukari","floor":16,"turns":6},{"damage":77,"enemies":"Gensokyo:Chomper","floor":18,"turns":5},{"damage":32,"enemies":"Gensokyo:CosmicMonolith","floor":28,"turns":4},{"damage":16,"enemies":"Gensokyo:Mirror_and_Dog","floor":30,"turns":2},{"damage":52,"enemies":"Gensokyo:Eiki","floor":33,"turns":3}],"seed_played":"-706278396618959499","potions_obtained":[{"floor":1,"key":"AttackPotion"},{"floor":5,"key":"ZuzhouPotion:ReiMu"},{"floor":16,"key":"SkillPotion"},{"floor":18,"key":"Dota2Spire:Clarity"},{"floor":30,"key":"Dota2Spire:HealingSalve"}],"is_trial":false,"path_per_floor":["M","$","?","M","M","E","R","?","T","$","R","M","?","?","R","B",null,"M","$","?","?","?","R","?","R","T","?","M","M","M","?","R","B"],"character_chosen":"WATCHER","items_purchased":["PathToVictory","Tantrum","Thread and Needle","Lee\u0027s Waffle"],"campfire_rested":1,"item_purchase_floors":[10,10,19,19],"current_hp_per_floor":[66,66,66,61,58,32,32,32,32,32,32,30,30,30,51,3,72,5,5,5,5,5,5,5,5,5,5,49,56,40,40,40,0,0],"gold":34,"neow_bonus":"","is_daily":false,"chose_seed":false,"campfire_upgraded":4,"win_rate":0.0,"timestamp":1610874871,"path_taken":["M","$","?","M","M","E","R","?","T","$","R","M","?","?","R","BOSS","M","$","?","?","?","R","?","R","T","?","M","M","?","?","R","BOSS"],"items_purchased_type":["Card","Card","Relic","Relic"],"build_version":"2020-12-22","purchased_purges":2,"victory":false,"max_hp_per_floor":[72,72,72,72,72,72,72,72,72,72,72,72,72,72,72,72,72,72,72,72,72,72,72,72,72,72,72,72,72,72,65,65,65,65],"relic_stats":{"counters":[12,38],"obtain_stats":[{"CogitoBucket":0,"AddBug":1,"SecretRecord":1,"PureWater":0},{"CogitoBucket":0,"AddBug":1,"SecretRecord":1,"PureWater":0},{"CogitoBucket":0,"AddBug":3,"SecretRecord":3,"PureWater":0}]},"card_choices":[{"not_picked":["Scorched","CrumblingArmor"],"picked":"Bloodbath","floor":1},{"not_picked":["Protect","Halt"],"picked":"WreathOfFlame","floor":1},{"not_picked":["Mercenary","SpiderBud"],"picked":"PunishingBird","floor":4},{"not_picked":["BowlingBash","Replay:ManipulateFuture","Replay:Vibes"],"picked":"SKIP","floor":4},{"not_picked":["Freischutz","Scorched"],"picked":"SpiderBud","floor":5},{"not_picked":["TalkToTheHand","Scrawl"],"picked":"PathToVictory","floor":5},{"not_picked":["Wellcheers","FieryBird"],"picked":"FairyFestival","floor":6},{"not_picked":["Replay:Anticipation","CutThroughFate","CrushJoints"],"picked":"SKIP","floor":6},{"not_picked":["Scorched","OSAHOGD"],"picked":"UniverseFragment","floor":12},{"not_picked":["WheelKick","SashWhip","EmptyBody"],"picked":"SKIP","floor":12},{"not_picked":["GalaxyChild","WallGazer"],"picked":"DreamingCurrent","floor":16},{"not_picked":["CherryBlossoms","CrumblingArmor"],"picked":"PlagueDoctor","floor":18},{"not_picked":["Replay:AtTheReady","InnerPeace","Fasting2"],"picked":"SKIP","floor":18},{"not_picked":["Replay:AtTheReady","InnerPeace","Fasting2"],"picked":"SKIP","floor":18},{"not_picked":["VoidDream","Variant"],"picked":"Murderer","floor":28},{"not_picked":["Replay:ManipulateFuture","SandsOfTime","Consecrate"],"picked":"SKIP","floor":28},{"not_picked":["SpiderBud","CherryBlossoms"],"picked":"SingingMachine","floor":30},{"not_picked":["Adaptation","BowlingBash","DeceiveReality"],"picked":"SKIP","floor":30},{"not_picked":["Gensokyo:GapWoman","Gensokyo:Apocalypse"],"picked":"Gensokyo:TekeTeke","floor":31}],"player_experience":283336,"relics_obtained":[{"floor":1,"key":"AddBug"},{"floor":1,"key":"LetterFromLob"},{"floor":4,"key":"LetterFromLob"},{"floor":5,"key":"LetterFromLob"},{"floor":6,"key":"Mirror"},{"floor":6,"key":"LetterFromLob"},{"floor":12,"key":"LetterFromLob"},{"floor":16,"key":"SecretRecord"},{"floor":16,"key":"LetterFromLob"},{"floor":18,"key":"LetterFromLob"},{"floor":18,"key":"SecretRecord"},{"floor":26,"key":"Eternal Feather"},{"floor":28,"key":"SecretRecord"},{"floor":28,"key":"LetterFromLob"},{"floor":30,"key":"SecretRecord"},{"floor":30,"key":"LetterFromLob"}],"event_choices":[],"is_beta":false,"boss_relics":[{"not_picked":["aspiration:RunesmithSkillbook","HolyWater"],"picked":"Runic Dome"}],"items_purged_floors":[2,19],"is_endless":false,"potions_floor_spawned":[1,5,16,18,30],"killed_by":"Gensokyo:Eiki","ascension_level":0}}