{"host":"b7j598ve05halrwk","time":1610855917,"event":{"mods":["2.2 Compatiblity","BaseMod","Block Reminder","DeckTracker","Minty Spire (QoL Compilation)","Relic Stats","Slay the Relics Exporter","StSLib","ojb\u0027s Better Paths Mod","ojb\u0027s Info Mod"],"gold_per_floor":[114,114,130,26,26,26,51,51,75,75,93,127,127,162,162,236,236,250,250,260,220,238,238,254,273,298,298,332,332,332,358,358,435,435,451,476,493,219,239,273,273,273,319,339,356,383,415,449,449,449,449,449,449,18,53,53,53],"floor_reached":56,"language":"ENG","playtime":6203,"items_purged":["Strike_B","Writhe","Defend_B"],"score":2192,"play_id":"5034d631-fcfe-4394-8549-6bcfc60162a9","local_time":"20210116225837","is_ascension_mode":true,"campfire_choices":[{"data":"Ball Lightning","floor":6.0,"key":"SMITH"},{"data":"Dualcast","floor":8.0,"key":"SMITH"},{"floor":10.0,"key":"REST"},{"data":"Zap","floor":15.0,"key":"SMITH"},{"floor":23.0,"key":"REST"},{"floor":27.0,"key":"REST"},{"floor":30.0,"key":"REST"},{"data":"Capacitor","floor":32.0,"key":"SMITH"},{"data":"Seek","floor":41.0,"key":"SMITH"},{"floor":49.0,"key":"RECALL"},{"data":"Defragment","floor":53,"key":"SMITH"}],"circlet_count":0,"master_deck":["AscendersBane","Zap+1","Dualcast+1","Rebound+1","Compile Driver","Ball Lightning+1","Steam","Genetic Algorithm","Rainbow","Double Energy+1","Sunder+1","Lockon+1","Skim","Hologram+1","FTL","Coolheaded","Reinforced Body","Hologram","Capacitor+1","Echo Form","Sweeping Beam+1","Consume","Self Repair","Undo","Hologram","Hologram","Seek+1","Seek+1","Defragment+1","Consume+1","Force Field","Turbo+1","Echo Form","Static Discharge","Creative AI"],"relics":["Cracked Core","Letter Opener","Regal Pillow","Potion Belt","Ornamental Fan","Akabeko","Astrolabe","StrikeDummy","Vajra","Cables","Nilry\u0027s Codex","Symbiotic Virus","Philosopher\u0027s Stone","WingedGreaves","InkBottle","Girya","Strawberry","Smiling Mask","DollysMirror","Pear"],"acts_visited":["Exordium","TheCity","TheBeyond","TheEnding"],"potions_floor_usage":[55,56,56,56],"damage_taken":[{"damage":1.0,"enemies":"Small Slimes","floor":1.0,"turns":3.0},{"damage":1.0,"enemies":"Cultist","floor":3.0,"turns":3.0},{"damage":8.0,"enemies":"Gremlin Nob","floor":7.0,"turns":3.0},{"damage":0.0,"enemies":"2 Louse","floor":11.0,"turns":2.0},{"damage":15.0,"enemies":"3 Sentries","floor":12.0,"turns":5.0},{"damage":0.0,"enemies":"Gremlin Nob","floor":14.0,"turns":3.0},{"damage":26.0,"enemies":"The Guardian","floor":16.0,"turns":11.0},{"damage":0.0,"enemies":"Spheric Guardian","floor":18.0,"turns":3.0},{"damage":26.0,"enemies":"2 Thieves","floor":20.0,"turns":3.0},{"damage":10.0,"enemies":"3 Cultists","floor":22.0,"turns":4.0},{"damage":11.0,"enemies":"Centurion and Healer","floor":24.0,"turns":5.0},{"damage":7.0,"enemies":"Chosen and Byrds","floor":25.0,"turns":5.0},{"damage":27.0,"enemies":"Gremlin Leader","floor":28.0,"turns":7.0},{"damage":21.0,"enemies":"Slavers","floor":31.0,"turns":2.0},{"damage":9.0,"enemies":"Automaton","floor":33.0,"turns":9.0},{"damage":17.0,"enemies":"3 Darklings","floor":35.0,"turns":6.0},{"damage":0.0,"enemies":"Mind Bloom Boss Battle","floor":36.0,"turns":3.0},{"damage":1.0,"enemies":"3 Shapes","floor":37.0,"turns":4.0},{"damage":0.0,"enemies":"Sphere and 2 Shapes","floor":39.0,"turns":6.0},{"damage":3.0,"enemies":"Nemesis","floor":40.0,"turns":11.0},{"damage":8.0,"enemies":"Maw","floor":44.0,"turns":6.0},{"damage":6.0,"enemies":"Jaw Worm Horde","floor":45.0,"turns":5.0},{"damage":0.0,"enemies":"Reptomancer","floor":46.0,"turns":7.0},{"damage":1.0,"enemies":"Giant Head","floor":47.0,"turns":8.0},{"damage":14.0,"enemies":"Reptomancer","floor":48.0,"turns":6.0},{"damage":41,"enemies":"Time Eater","floor":50,"turns":26},{"damage":27,"enemies":"Donu and Deca","floor":51,"turns":11},{"damage":34,"enemies":"Shield and Spear","floor":55,"turns":6},{"damage":44,"enemies":"The Heart","floor":56,"turns":6}],"seed_played":"-6798509601322037445","potions_obtained":[{"floor":3.0,"key":"SpeedPotion"},{"floor":11.0,"key":"FocusPotion"},{"floor":16.0,"key":"Dexterity Potion"},{"floor":18.0,"key":"LiquidMemories"},{"floor":21.0,"key":"EssenceOfSteel"},{"floor":21.0,"key":"SkillPotion"},{"floor":25.0,"key":"AttackPotion"},{"floor":31.0,"key":"Dexterity Potion"},{"floor":36.0,"key":"Weak Potion"},{"floor":40.0,"key":"EssenceOfDarkness"}],"is_trial":false,"path_per_floor":["M","?","M","$","?","R","E","R","T","R","M","E","?","E","R","B",null,"M","?","M","?","M","R","M","M","T","R","E","?","R","E","R","B",null,"M","?","M","$","M","E","R","?","T","M","M","E","E","E","R","B","B",null,"R","$","E","B"],"character_chosen":"DEFECT","items_purchased":["Ball Lightning","Self Repair","Undo","Hologram","DollysMirror","Static Discharge","Swift Potion","EssenceOfSteel"],"campfire_rested":4,"item_purchase_floors":[4,38,38,38,54,54,54,54],"current_hp_per_floor":[63,63,62,62,36,36,28,28,28,62,62,47,40,40,40,14,52,52,52,26,26,16,50,39,32,32,64,37,16,50,29,29,20,53,36,36,35,35,42,53,53,53,53,59,64,64,71,64,64,37,17,58,58,58,41,0,0],"gold":53,"neow_bonus":"REMOVE_TWO","is_daily":false,"chose_seed":false,"campfire_upgraded":6,"win_rate":0.0,"timestamp":1610855917,"path_taken":["M","?","?","?","?","R","E","R","T","R","M","E","?","E","R","BOSS","M","?","M","?","?","R","M","M","T","R","E","?","R","E","R","BOSS","M","?","M","$","M","E","R","?","T","?","M","E","E","E","R","BOSS","BOSS","R","$","E","BOSS"],"items_purchased_type":["Card","Card","Card","Card","Relic","Card","Potion","Potion"],"build_version":"2020-12-22","purchased_purges":3,"victory":false,"max_hp_per_floor":[64,64,64,64,64,64,64,64,64,64,64,64,64,64,64,64,64,64,64,64,64,64,64,64,64,64,64,64,64,64,64,64,64,64,64,64,64,64,64,64,64,64,64,64,64,64,71,71,71,71,71,71,71,71,81,81,81],"relic_stats":{"Regal Pillow":58,"counters":[29,179],"Ornamental Fan":[92],"Astrolabe":["Double Energy","Sunder","Lockon"],"Letter Opener":[500],"Smiling Mask":75,"obtain_stats":[{"Potion Belt":9,"Girya":46,"Regal Pillow":7,"Pear":55,"Nilry\u0027s Codex":29,"Astrolabe":17,"Vajra":26,"Letter Opener":5,"Smiling Mask":48,"Akabeko":14,"Cables":28,"Ornamental Fan":12,"DollysMirror":54,"Strawberry":47,"Philosopher\u0027s Stone":34,"WingedGreaves":36,"Cracked Core":0,"StrikeDummy":19,"Symbiotic Virus":31,"InkBottle":40},{"Potion Belt":3,"Girya":23,"Regal Pillow":3,"Pear":28,"Nilry\u0027s Codex":13,"Astrolabe":7,"Vajra":12,"Letter Opener":2,"Smiling Mask":25,"Akabeko":6,"Cables":13,"Ornamental Fan":5,"DollysMirror":27,"Strawberry":24,"Philosopher\u0027s Stone":15,"WingedGreaves":17,"Cracked Core":0,"StrikeDummy":8,"Symbiotic Virus":14,"InkBottle":20},{"Potion Belt":9,"Girya":116,"Regal Pillow":9,"Pear":173,"Nilry\u0027s Codex":57,"Astrolabe":30,"Vajra":50,"Letter Opener":6,"Smiling Mask":130,"Akabeko":19,"Cables":57,"Ornamental Fan":16,"DollysMirror":167,"Strawberry":124,"Philosopher\u0027s Stone":68,"WingedGreaves":77,"Cracked Core":0,"StrikeDummy":33,"Symbiotic Virus":59,"InkBottle":98}],"InkBottle":[37],"Cables":[108,45,49,13,1]},"card_choices":[{"not_picked":["Beam Cell","Consume"],"picked":"Rebound","floor":1.0},{"not_picked":["Gash","Coolheaded"],"picked":"Compile Driver","floor":3.0},{"not_picked":["Hello World","Redo","Compile Driver"],"picked":"SKIP","floor":7.0},{"not_picked":["Turbo","Sweeping Beam"],"picked":"Steam","floor":11.0},{"not_picked":["Cold Snap","Barrage"],"picked":"Genetic Algorithm","floor":12.0},{"not_picked":["Amplify","Redo","Turbo"],"picked":"SKIP","floor":14.0},{"not_picked":["Creative AI","Buffer"],"picked":"Rainbow","floor":16.0},{"not_picked":["Melter","Stack"],"picked":"Skim","floor":18.0},{"not_picked":["Barrage+1","Scrape"],"picked":"Hologram+1","floor":20.0},{"not_picked":["Barrage","Turbo"],"picked":"FTL","floor":22.0},{"not_picked":["Lockon","Compile Driver"],"picked":"Coolheaded","floor":24.0},{"not_picked":["Cold Snap","Storm"],"picked":"Reinforced Body","floor":25.0},{"not_picked":["Compile Driver","Barrage"],"picked":"Hologram","floor":28.0},{"not_picked":["BootSequence","Go for the Eyes"],"picked":"Capacitor","floor":31.0},{"not_picked":["Machine Learning","Buffer"],"picked":"Echo Form","floor":33.0},{"not_picked":["Rebound","Stack+1"],"picked":"Sweeping Beam+1","floor":35.0},{"not_picked":["Scrape","Leap"],"picked":"Consume","floor":36.0},{"not_picked":["Doom and Gloom","Beam Cell","Tempest"],"picked":"SKIP","floor":37.0},{"not_picked":["Sunder","Ball Lightning+1"],"picked":"Hologram","floor":39.0},{"not_picked":["Conserve Battery","Compile Driver"],"picked":"Seek","floor":40.0},{"not_picked":["Ball Lightning","Sunder"],"picked":"Defragment","floor":44.0},{"not_picked":["Cold Snap+1","Go for the Eyes"],"picked":"Consume+1","floor":45.0},{"not_picked":["Barrage","Electrodynamics"],"picked":"Force Field","floor":46.0},{"not_picked":["Reprogram","Fusion","Darkness+1"],"picked":"SKIP","floor":47.0},{"not_picked":["Ball Lightning","Cold Snap"],"picked":"Turbo+1","floor":48.0},{"not_picked":["Turbo","Streamline"],"picked":"Creative AI","floor":55}],"player_experience":987651,"relics_obtained":[{"floor":7.0,"key":"Regal Pillow"},{"floor":9.0,"key":"Potion Belt"},{"floor":12.0,"key":"Ornamental Fan"},{"floor":14.0,"key":"Akabeko"},{"floor":26.0,"key":"Vajra"},{"floor":28.0,"key":"Cables"},{"floor":29.0,"key":"Nilry\u0027s Codex"},{"floor":31.0,"key":"Symbiotic Virus"},{"floor":36.0,"key":"WingedGreaves"},{"floor":40.0,"key":"InkBottle"},{"floor":46.0,"key":"Girya"},{"floor":47.0,"key":"Strawberry"},{"floor":48.0,"key":"Smiling Mask"},{"floor":55,"key":"Pear"}],"event_choices":[{"damage_healed":0.0,"max_hp_gain":0.0,"max_hp_loss":0.0,"gold_gain":0.0,"event_name":"Upgrade Shrine","player_choice":"Upgraded","floor":2.0,"gold_loss":0.0,"damage_taken":0.0,"cards_upgraded":["Rebound"]},{"damage_healed":0.0,"max_hp_gain":0.0,"max_hp_loss":0.0,"gold_gain":0.0,"event_name":"Scrap Ooze","player_choice":"Success","floor":5.0,"gold_loss":0.0,"damage_taken":26.0,"relics_obtained":["Letter Opener"]},{"cards_removed":["Strike_B"],"damage_healed":0.0,"max_hp_gain":0.0,"max_hp_loss":0.0,"gold_gain":0.0,"event_name":"Golden Wing","player_choice":"Card Removal","floor":13.0,"gold_loss":0.0,"damage_taken":7.0},{"damage_healed":0.0,"max_hp_gain":0.0,"max_hp_loss":0.0,"gold_gain":0.0,"event_name":"The Mausoleum","player_choice":"Opened","floor":19.0,"gold_loss":0.0,"damage_taken":0.0,"relics_obtained":["StrikeDummy"],"cards_obtained":["Writhe"]},{"damage_healed":0.0,"max_hp_gain":0.0,"max_hp_loss":0.0,"gold_gain":0.0,"event_name":"The Woman in Blue","player_choice":"Bought 3 Potions","floor":21.0,"gold_loss":0.0,"damage_taken":0.0},{"damage_healed":0.0,"max_hp_gain":0.0,"max_hp_loss":0.0,"gold_gain":0.0,"event_name":"Cursed Tome","player_choice":"Obtained Book","floor":29.0,"gold_loss":0.0,"damage_taken":21.0},{"damage_healed":0.0,"max_hp_gain":0.0,"max_hp_loss":0.0,"gold_gain":0.0,"event_name":"MindBloom","player_choice":"Fight","floor":36.0,"gold_loss":0.0,"damage_taken":0.0},{"damage_healed":0.0,"max_hp_gain":0.0,"max_hp_loss":0.0,"gold_gain":0.0,"event_name":"Duplicator","player_choice":"Copied","floor":42.0,"gold_loss":0.0,"damage_taken":0.0,"cards_obtained":["Seek"]}],"is_beta":false,"boss_relics":[{"not_picked":["Coffee Dripper","Nuclear Battery"],"picked":"Astrolabe"},{"not_picked":["Velvet Choker","Busted Crown"],"picked":"Philosopher\u0027s Stone"}],"items_purged_floors":[4,38,54],"is_endless":false,"potions_floor_spawned":[3,11,16,18,25,31,36,40,44,46],"killed_by":"The Heart","ascension_level":20}}