{"host":"s41rn2jhghpwfrvz","time":1610914107,"event":{"mods":["BaseMod","Minty Spire (QoL Compilation)","Quick Restart","Relic Stats","SuperFastMode"],"gold_per_floor":[119,119,119,134,147,178,190,190,190],"floor_reached":8,"language":"ENG","playtime":287,"items_purged":[],"score":116,"play_id":"d23149a6-bb0a-48d8-917c-9613c696b704","local_time":"20210117220827","daily_mods":["SealedDeck","Vintage","Diverse"],"is_ascension_mode":true,"campfire_choices":[],"circlet_count":0,"master_deck":["AscendersBane","Combust","Self Repair","Beam Cell","Sweeping Beam","Power Through","Blur","Prostrate","Evolve"],"relics":["Burning Blood","Smiling Mask","Bottled Tornado","StrikeDummy","Question Card","Pear"],"acts_visited":["Exordium"],"potions_floor_usage":[],"damage_taken":[{"damage":0,"enemies":"Small Slimes","floor":1,"turns":4},{"damage":5,"enemies":"Cultist","floor":4,"turns":4},{"damage":1,"enemies":"2 Louse","floor":5,"turns":3},{"damage":11,"enemies":"3 Sentries","floor":6,"turns":5},{"damage":9,"enemies":"Exordium Wildlife","floor":7,"turns":3},{"damage":93,"enemies":"Gremlin Nob","floor":8,"turns":6}],"seed_played":"6496206396354186281","potions_obtained":[{"floor":5,"key":"SpeedPotion"}],"is_trial":true,"path_per_floor":["M","?","?","M","M","E","M","E"],"character_chosen":"IRONCLAD","items_purchased":[],"campfire_rested":0,"item_purchase_floors":[],"current_hp_per_floor":[75,68,73,75,75,75,85,0,0],"gold":190,"neow_bonus":"","is_daily":false,"chose_seed":false,"campfire_upgraded":0,"win_rate":0.0,"timestamp":1610914107,"path_taken":["M","?","?","M","M","E","?","E"],"items_purchased_type":[],"build_version":"2020-12-22","purchased_purges":0,"victory":false,"max_hp_per_floor":[75,75,75,75,75,75,85,85,85],"relic_stats":{"counters":[6,25],"Smiling Mask":0,"Question Card":0,"obtain_stats":[{"Pear":7,"Bottled Tornado":4,"Smiling Mask":1,"StrikeDummy":5,"Question Card":6,"Burning Blood":0},{"Pear":5,"Bottled Tornado":2,"Smiling Mask":1,"StrikeDummy":3,"Question Card":4,"Burning Blood":0},{"Pear":19,"Bottled Tornado":8,"Smiling Mask":4,"StrikeDummy":11,"Question Card":16,"Burning Blood":0}],"Burning Blood":25},"card_choices":[{"not_picked":["Searing Blow","Collect","Dash"],"picked":"SKIP","floor":6}],"player_experience":1775422,"relics_obtained":[{"floor":1,"key":"Smiling Mask"},{"floor":4,"key":"Bottled Tornado"},{"floor":5,"key":"StrikeDummy"},{"floor":6,"key":"Question Card"},{"floor":7,"key":"Pear"}],"event_choices":[{"cards_removed":["Chill"],"damage_healed":0,"gold_gain":0,"player_choice":"Card Removal","damage_taken":7,"max_hp_gain":0,"max_hp_loss":0,"event_name":"Golden Wing","floor":2,"gold_loss":0},{"cards_removed":["Consecrate"],"damage_healed":5,"gold_gain":0,"player_choice":"Offered Common","damage_taken":0,"max_hp_gain":0,"max_hp_loss":0,"event_name":"Bonfire Elementals","floor":3,"gold_loss":0},{"cards_removed":["Consecrate"],"damage_healed":5,"gold_gain":0,"player_choice":"Offered Special","damage_taken":0,"max_hp_gain":0,"max_hp_loss":0,"event_name":"Bonfire Elementals","floor":3,"gold_loss":0}],"is_beta":false,"boss_relics":[],"items_purged_floors":[],"is_endless":false,"potions_floor_spawned":[5],"killed_by":"Gremlin Nob","ascension_level":20}}