{"host":"qik6c64y69p9jmph","time":1610850987,"event":{"mods":["AchievementEnabler","BaseMod","Downfall","Highlight Path","Minty Spire (QoL Compilation)","Quick Restart","StSLib","Synergy Search"],"gold_per_floor":[99,111,127,147,167,2,2,2,33,33,33,18,18,31,47,47,47,47],"floor_reached":16,"language":"ENG","playtime":660,"items_purged":[],"score":107,"play_id":"96022a3c-8d53-4454-ae5a-fbf6ff4c544f","local_time":"20210116213627","is_ascension_mode":true,"campfire_choices":[{"data":"Slimebound:CorrosiveSpit","floor":1,"key":"SMITH"},{"data":"Slimebound:DouseInSlime","floor":8,"key":"SMITH"}],"circlet_count":0,"master_deck":["Slimebound:Strike_Slimebound","Slimebound:Strike_Slimebound","Slimebound:Strike_Slimebound","Slimebound:Tackle","Slimebound:Defend_Slimebound","Slimebound:Defend_Slimebound","Slimebound:Defend_Slimebound","Slimebound:Defend_Slimebound","Slimebound:Split","Slimebound:CorrosiveSpit+1","Slimebound:RejuvenatingLick","Slimebound:GrowthPunch","Slimebound:RainOfGoop","Slimebound:DouseInSlime+1","Clumsy","Slimebound:PrepareCrush","Slimebound:LivingWall","Slimebound:LivingWall","Slimebound:LeechingTouch"],"relics":["Cursed Key","Bag of Preparation","downfall:BrokenWingStatue"],"acts_visited":["Exordium"],"potions_floor_usage":[9,12,12,16],"damage_taken":[{"damage":4,"enemies":"2 Louse","floor":2,"turns":3},{"damage":0,"enemies":"Cultist","floor":3,"turns":3},{"damage":3,"enemies":"Small Slimes","floor":4,"turns":3},{"damage":14,"enemies":"Exordium Thugs","floor":5,"turns":4},{"damage":1,"enemies":"downfall:FleeingMerchant","floor":6,"turns":4},{"damage":30,"enemies":"3 Sentries","floor":9,"turns":8},{"damage":10,"enemies":"downfall:FleeingMerchant","floor":12,"turns":4},{"damage":0,"enemies":"Large Slime","floor":14,"turns":3},{"damage":0,"enemies":"3 Louse","floor":15,"turns":2},{"damage":3,"enemies":"SI_SHIV_ARCHETYPE","floor":16,"turns":3}],"seed_played":"-687073519932975472","potions_obtained":[{"floor":2,"key":"ColorlessPotion"},{"floor":5,"key":"SteroidPotion"},{"floor":9,"key":"BlessingOfTheForge"},{"floor":14,"key":"Block Potion"}],"is_trial":false,"path_per_floor":["R","M","M","M","M","$","T","R","E","?","?","$","?","M","M","B"],"character_chosen":"SLIMEBOUND","items_purchased":["Slimebound:DouseInSlime"],"campfire_rested":0,"item_purchase_floors":[6],"current_hp_per_floor":[65,61,61,58,44,43,43,43,13,13,13,3,3,3,3,0,0,0],"gold":47,"neow_bonus":"BOSS_RELIC","is_daily":false,"chose_seed":false,"campfire_upgraded":2,"win_rate":0.0,"timestamp":1610850987,"path_taken":["R","M","M","M","M","$","T","R","E","?","?","$","?","?","M","BOSS"],"items_purchased_type":["Card"],"build_version":"2020-12-22","purchased_purges":0,"victory":false,"max_hp_per_floor":[65,65,65,65,65,65,65,65,65,65,65,65,65,65,65,65,65,65],"card_choices":[{"not_picked":["Slimebound:Repurpose","Slimebound:SplitMire","Slimebound:SplitLeeching"],"picked":"SKIP","floor":2},{"not_picked":["Slimebound:GrowthPunch","Slimebound:SplitMire"],"picked":"Slimebound:RejuvenatingLick","floor":3},{"not_picked":["Slimebound:SplitMire","Slimebound:SpikyOuterGoop"],"picked":"Slimebound:GrowthPunch","floor":4},{"not_picked":["Slimebound:SplitAcid","Slimebound:LeechEnergy","Slimebound:DisruptingSlam"],"picked":"SKIP","floor":5},{"not_picked":["Slimebound:SplitAcid","Slimebound:Prepare"],"picked":"Slimebound:RainOfGoop","floor":6},{"not_picked":["Slimebound:RollThrough","Slimebound:GoopTackle"],"picked":"Slimebound:PrepareCrush","floor":9},{"not_picked":["Slimebound:DisruptingSlam","Slimebound:SamplingLick"],"picked":"Slimebound:LivingWall","floor":12},{"not_picked":["Slimebound:ItLooksTasty","Slimebound:GrowthPunch"],"picked":"Slimebound:LeechingTouch","floor":14},{"not_picked":["Slimebound:SlimeSpikes","Slimebound:GrowthPunch","Slimebound:RollThrough"],"picked":"SKIP","floor":15}],"player_experience":532381,"relics_obtained":[{"floor":9,"key":"Bag of Preparation"}],"event_choices":[{"damage_healed":0,"gold_gain":0,"player_choice":"Fled","damage_taken":0,"max_hp_gain":0,"max_hp_loss":0,"event_name":"Scrap Ooze","floor":10,"gold_loss":0}],"is_beta":false,"boss_relics":[],"items_purged_floors":[],"is_endless":false,"potions_floor_spawned":[2,5,9,14],"killed_by":"SI_SHIV_ARCHETYPE","ascension_level":1}}