{"host":"ccw6t0i2dpm5wyxf","time":1610897368,"event":{"mods":["AchievementEnabler","BaseMod","Colored Map","Minty Spire (QoL Compilation)","Permanent Neow","SuperFastMode"],"gold_per_floor":[113,127,145,165,185,220,220,253,326,326,656,656,675,675,675,780,780,798,811,476,488,503,503,535,549,549,549,549,577,577,609,609,704,704,715,725,725,695,13,48,48,63,86,115,115,115,142,161,161,161,161,161,34,62,62,62],"floor_reached":55,"language":"ENG","playtime":1987,"items_purged":["Strike_R","Defend_R"],"score":1236,"play_id":"e18faeb7-5714-4930-80c9-cd381e6afd81","local_time":"20210117092928","is_ascension_mode":true,"campfire_choices":[{"data":"1","floor":7,"key":"LIFT"},{"floor":10,"key":"REST"},{"floor":12,"key":"REST"},{"data":"Perfected Strike","floor":15,"key":"SMITH"},{"data":"Bludgeon","floor":23,"key":"SMITH"},{"data":"Flex","floor":27,"key":"SMITH"},{"floor":32,"key":"REST"},{"floor":41,"key":"REST"},{"data":"2","floor":46,"key":"LIFT"},{"floor":49,"key":"RECALL"},{"data":"3","floor":52,"key":"LIFT"}],"circlet_count":0,"master_deck":["Strike_R","Strike_R","Strike_R","Strike_R","Defend_R","Defend_R","Defend_R","Bash+1","Shrug It Off+1","Perfected Strike+1","Pommel Strike","Wild Strike","Clash+1","Carnage+1","Limit Break","Bludgeon+1","Armaments+1","Flex+1","Limit Break","Flex+1","Perfected Strike+1","Havoc+1","Bludgeon","Infernal Blade+1","Whirlwind+1","Infernal Blade+1","Whirlwind+1","Inflame"],"relics":["Burning Blood","Girya","Orichalcum","Eternal Feather","Old Coin","Snecko Eye","Pen Nib","Membership Card","Ancient Tea Set","The Courier","Nilry\u0027s Codex","Blue Candle","Juzu Bracelet","Mark of Pain","Lantern","Red Skull","Happy Flower","Centennial Puzzle","War Paint","Bottled Flame","Bag of Preparation","MealTicket","Singing Bowl","Bag of Marbles","Paper Frog","Shuriken","Peace Pipe","Magic Flower","HandDrill","InkBottle"],"acts_visited":["Exordium","TheCity","TheBeyond","TheEnding"],"potions_floor_usage":[6,29,33,33,33,35,44,50],"damage_taken":[{"damage":0,"enemies":"Cultist","floor":1,"turns":4},{"damage":8,"enemies":"2 Louse","floor":2,"turns":3},{"damage":7,"enemies":"Small Slimes","floor":3,"turns":3},{"damage":14,"enemies":"Looter","floor":4,"turns":3},{"damage":10,"enemies":"2 Fungi Beasts","floor":5,"turns":3},{"damage":29,"enemies":"3 Sentries","floor":6,"turns":10},{"damage":30,"enemies":"Lagavulin","floor":8,"turns":5},{"damage":14,"enemies":"3 Sentries","floor":11,"turns":7},{"damage":13,"enemies":"Lots of Slimes","floor":13,"turns":4},{"damage":29,"enemies":"Slime Boss","floor":16,"turns":9},{"damage":6,"enemies":"Chosen","floor":18,"turns":3},{"damage":0,"enemies":"Spheric Guardian","floor":19,"turns":3},{"damage":8,"enemies":"Centurion and Healer","floor":21,"turns":3},{"damage":0,"enemies":"Sentry and Sphere","floor":22,"turns":2},{"damage":14,"enemies":"Book of Stabbing","floor":24,"turns":3},{"damage":19,"enemies":"Snake Plant","floor":25,"turns":3},{"damage":34,"enemies":"Slavers","floor":29,"turns":4},{"damage":12,"enemies":"Gremlin Leader","floor":31,"turns":2},{"damage":59,"enemies":"Collector","floor":33,"turns":6},{"damage":36,"enemies":"3 Darklings","floor":35,"turns":4},{"damage":0,"enemies":"Orb Walker","floor":36,"turns":1},{"damage":0,"enemies":"Nemesis","floor":40,"turns":1},{"damage":12,"enemies":"Spire Growth","floor":42,"turns":2},{"damage":7,"enemies":"Giant Head","floor":44,"turns":4},{"damage":0,"enemies":"Reptomancer","floor":47,"turns":1},{"damage":0,"enemies":"Transient","floor":48,"turns":5},{"damage":112,"enemies":"Awakened One","floor":50,"turns":7},{"damage":27,"enemies":"Shield and Spear","floor":54,"turns":2},{"damage":117,"enemies":"The Heart","floor":55,"turns":3}],"seed_played":"4861990081572296919","potions_obtained":[{"floor":4,"key":"DistilledChaos"},{"floor":6,"key":"Dexterity Potion"},{"floor":11,"key":"CultistPotion"},{"floor":13,"key":"SteroidPotion"},{"floor":31,"key":"Regen Potion"},{"floor":33,"key":"BlessingOfTheForge"},{"floor":35,"key":"SkillPotion"},{"floor":38,"key":"FairyPotion"},{"floor":38,"key":"Strength Potion"},{"floor":40,"key":"HeartOfIron"},{"floor":42,"key":"SteroidPotion"}],"is_trial":false,"path_per_floor":["M","M","M","M","M","E","R","E","T","R","E","R","M","?","R","B",null,"M","M","$","M","M","R","E","M","T","R","?","E","?","E","R","B",null,"M","M","?","?","$","E","R","M","T","E","T","R","E","M","R","B",null,"R","$","E","B"],"character_chosen":"IRONCLAD","items_purchased":["Pen Nib","Membership Card","Lantern","Red Skull","Happy Flower","Centennial Puzzle","War Paint","Bottled Flame","Bag of Preparation","MealTicket","Singing Bowl","Bag of Marbles","Inflame","HandDrill"],"campfire_rested":4,"item_purchase_floors":[20,20,39,39,39,39,39,39,39,39,39,39,53,53],"current_hp_per_floor":[78,76,75,67,63,40,40,16,16,49,41,74,67,51,60,37,69,69,75,75,73,79,80,72,59,59,71,55,27,27,21,57,19,65,35,41,41,41,41,47,80,76,76,77,77,84,86,88,88,24,72,87,88,72,0,0],"gold":62,"neow_bonus":"UPGRADE_CARD","is_daily":false,"chose_seed":false,"campfire_upgraded":3,"win_rate":0.0,"timestamp":1610897368,"path_taken":["M","?","M","M","M","E","R","E","T","R","E","R","?","?","R","BOSS","M","M","$","M","M","R","E","M","T","R","?","E","?","E","R","BOSS","M","M","?","?","$","E","R","M","T","E","?","R","E","M","R","BOSS","R","$","E","BOSS"],"items_purchased_type":["Relic","Relic","Relic","Relic","Relic","Relic","Relic","Relic","Relic","Relic","Relic","Relic","Card","Relic"],"build_version":"2020-12-22","purchased_purges":2,"victory":false,"max_hp_per_floor":[80,80,80,80,80,80,80,80,80,80,80,80,80,80,80,80,80,80,80,80,80,80,80,80,80,80,80,80,80,80,80,80,80,80,80,80,80,80,80,80,80,82,82,84,84,84,86,88,88,88,88,88,88,90,90,90],"card_choices":[{"not_picked":["Clothesline","Clash"],"picked":"Shrug It Off","floor":1},{"not_picked":["True Grit","Heavy Blade"],"picked":"Perfected Strike","floor":2},{"not_picked":["Wild Strike","True Grit"],"picked":"Pommel Strike","floor":3},{"not_picked":["Iron Wave","Whirlwind"],"picked":"Wild Strike","floor":4},{"not_picked":["True Grit","Dual Wield","Cleave"],"picked":"SKIP","floor":5},{"not_picked":["Dark Embrace","Body Slam"],"picked":"Clash","floor":6},{"not_picked":["Power Through","Fire Breathing"],"picked":"Carnage","floor":8},{"not_picked":["Burning Pact","Warcry","Battle Trance"],"picked":"SKIP","floor":11},{"not_picked":["Armaments","Uppercut"],"picked":"Limit Break","floor":13},{"not_picked":["Corruption","Reaper"],"picked":"Bludgeon","floor":16},{"not_picked":["Warcry+1","Pummel"],"picked":"Armaments+1","floor":18},{"not_picked":["Pommel Strike","Shrug It Off+1","Sentinel"],"picked":"SKIP","floor":19},{"not_picked":["Iron Wave","Sword Boomerang","Headbutt"],"picked":"SKIP","floor":21},{"not_picked":["Flame Barrier","Shrug It Off"],"picked":"Flex","floor":22},{"not_picked":["Sever Soul","Carnage"],"picked":"Limit Break","floor":24},{"not_picked":["Wild Strike","Headbutt"],"picked":"Flex","floor":25},{"not_picked":["Anger","Seeing Red"],"picked":"Perfected Strike+1","floor":29},{"not_picked":["Warcry","True Grit+1"],"picked":"Havoc+1","floor":31},{"not_picked":["Immolate","Corruption"],"picked":"Bludgeon","floor":33},{"not_picked":["Perfected Strike","Flame Barrier"],"picked":"Infernal Blade+1","floor":35},{"not_picked":["Anger","Wild Strike+1"],"picked":"Whirlwind+1","floor":36},{"not_picked":["Heavy Blade+1","Entrench"],"picked":"Whirlwind+1","floor":40},{"not_picked":["Seeing Red","Armaments+1","Body Slam+1"],"picked":"Singing Bowl","floor":42},{"not_picked":["Hemokinesis","Shrug It Off+1","Immolate"],"picked":"Singing Bowl","floor":44},{"not_picked":["Wild Strike","Havoc","Whirlwind"],"picked":"Singing Bowl","floor":47},{"not_picked":["Dropkick","Flame Barrier+1","Searing Blow+1"],"picked":"Singing Bowl","floor":48},{"not_picked":["Thunderclap+1","Bludgeon","Burning Pact"],"picked":"Singing Bowl","floor":54}],"player_experience":281497,"relics_obtained":[{"floor":6,"key":"Girya"},{"floor":8,"key":"Orichalcum"},{"floor":9,"key":"Eternal Feather"},{"floor":11,"key":"Old Coin"},{"floor":24,"key":"Ancient Tea Set"},{"floor":26,"key":"The Courier"},{"floor":28,"key":"Nilry\u0027s Codex"},{"floor":29,"key":"Blue Candle"},{"floor":31,"key":"Juzu Bracelet"},{"floor":40,"key":"Paper Frog"},{"floor":44,"key":"Shuriken"},{"floor":45,"key":"Peace Pipe"},{"floor":47,"key":"Magic Flower"},{"floor":54,"key":"InkBottle"}],"event_choices":[{"damage_healed":0,"gold_gain":0,"player_choice":"Entered Light","damage_taken":16,"max_hp_gain":0,"max_hp_loss":0,"event_name":"Shining Light","floor":14,"gold_loss":0,"cards_upgraded":["Clash","Carnage"]},{"damage_healed":0,"gold_gain":0,"player_choice":"Obtained Book","damage_taken":16,"max_hp_gain":0,"max_hp_loss":0,"event_name":"Cursed Tome","floor":28,"gold_loss":0},{"damage_healed":0,"gold_gain":0,"player_choice":"Ignored","damage_taken":0,"max_hp_gain":0,"max_hp_loss":0,"event_name":"Ghosts","floor":30,"gold_loss":0},{"damage_healed":0,"gold_gain":0,"player_choice":"Copied","damage_taken":0,"max_hp_gain":0,"max_hp_loss":0,"event_name":"Duplicator","floor":37,"gold_loss":0,"cards_obtained":["Infernal Blade"]},{"damage_healed":0,"gold_gain":0,"player_choice":"Bought 2 Potions","damage_taken":0,"max_hp_gain":0,"max_hp_loss":0,"event_name":"The Woman in Blue","floor":38,"gold_loss":0}],"is_beta":false,"boss_relics":[{"not_picked":["SlaversCollar","Cursed Key"],"picked":"Snecko Eye"},{"not_picked":["Coffee Dripper","Black Star"],"picked":"Mark of Pain"}],"items_purged_floors":[20,53],"is_endless":false,"potions_floor_spawned":[4,6,11,13,22,25,31,33,35,40,42],"killed_by":"The Heart","ascension_level":7}}