{"host":"ojme7g6xlqwffsso","time":1610892773,"event":{"mods":["BaseMod","Downfall","Minty Spire (QoL Compilation)","StSLib"],"gold_per_floor":[99,99,160,160,160,193,232,263,275,307,319,350,362,404,426,438,438],"floor_reached":16,"language":"ENG","playtime":541,"items_purged":[],"score":119,"play_id":"3769e65f-0adf-4398-8349-7c13b03a1751","local_time":"20210117231253","is_ascension_mode":true,"campfire_choices":[{"data":"bronze:Replicate","floor":1,"key":"SMITH"},{"data":"bronze:Library","floor":9,"key":"SMITH"},{"data":"bronze:Goto","floor":11,"key":"SMITH"},{"data":"bronze:Deprecate","floor":13,"key":"SMITH"}],"circlet_count":0,"master_deck":["bronze:Strike","bronze:Strike","bronze:Strike","bronze:Defend","bronze:Defend","bronze:Defend","bronze:Defend","bronze:Replicate+1","bronze:Goto+1","bronze:Deprecate+1","bronze:Branch","bronze:DarkDash","bronze:Iterate","bronze:Library+1","bronze:Constructor","bronze:Shell","bronze:WildBeam","bronze:RecursiveStrike","bronze:ChosenStrike"],"relics":["bronze:BronzeCore","downfall:HeartsMalice","Dream Catcher","MawBank","Art of War","Frozen Egg 2"],"acts_visited":["Exordium"],"potions_floor_usage":[6,16],"damage_taken":[{"damage":0,"enemies":"Jaw Worm","floor":2,"turns":1},{"damage":0,"enemies":"Lagavulin Event","floor":3,"turns":1},{"damage":0,"enemies":"Small Slimes","floor":5,"turns":1},{"damage":13,"enemies":"Gremlin Nob","floor":6,"turns":4},{"damage":4,"enemies":"Cultist","floor":8,"turns":3},{"damage":0,"enemies":"3 Louse","floor":10,"turns":4},{"damage":10,"enemies":"Red Slaver","floor":12,"turns":4},{"damage":23,"enemies":"3 Sentries","floor":14,"turns":7},{"damage":0,"enemies":"Blue Slaver","floor":15,"turns":5},{"damage":22,"enemies":"DF_ARCHETYPE_STREAMLINE","floor":16,"turns":4}],"seed_played":"6776068405989723384","potions_obtained":[{"floor":3,"key":"Swift Potion"},{"floor":6,"key":"bronze:CleanCodePotion"},{"floor":8,"key":"hexamod:SoulburnPotion"},{"floor":10,"key":"LiquidMemories"}],"is_trial":false,"path_per_floor":["R","M","?","?","M","E","T","M","R","M","R","M","R","E","M","B"],"character_chosen":"THE_AUTOMATON","items_purchased":[],"campfire_rested":0,"item_purchase_floors":[],"current_hp_per_floor":[70,70,70,70,70,57,57,53,53,53,53,43,43,20,20,0,0],"gold":438,"neow_bonus":"THREE_ENEMY_KILL","is_daily":false,"chose_seed":false,"campfire_upgraded":4,"win_rate":0.0,"timestamp":1610892773,"path_taken":["R","M","?","?","M","E","T","M","R","?","R","M","R","E","M","BOSS"],"items_purchased_type":[],"build_version":"2020-12-22","purchased_purges":0,"victory":false,"max_hp_per_floor":[70,70,70,70,70,70,70,70,70,70,70,70,70,70,70,70,70],"card_choices":[{"not_picked":["bronze:Boost","bronze:BuggyMess"],"picked":"bronze:Deprecate","floor":2},{"not_picked":["bronze:Flail","bronze:DelayedSlice"],"picked":"bronze:Branch","floor":3},{"not_picked":["bronze:Backtrace","bronze:Deprecate"],"picked":"bronze:Iterate","floor":5},{"not_picked":["bronze:Overheat","bronze:Overload"],"picked":"bronze:Library","floor":6},{"not_picked":["bronze:OilSpill","bronze:WhirlingStrike"],"picked":"bronze:Constructor","floor":8},{"not_picked":["bronze:ClassDefault","bronze:Deprecate"],"picked":"bronze:Shell","floor":10},{"not_picked":["bronze:BuggyMess","bronze:Iterate"],"picked":"bronze:WildBeam","floor":12},{"not_picked":["bronze:DelayedGuard","bronze:Fortify"],"picked":"bronze:RecursiveStrike","floor":14},{"not_picked":["bronze:DelayedGuard","bronze:Fortify"],"picked":"bronze:ChosenStrike","floor":15}],"player_experience":872990,"relics_obtained":[{"floor":6,"key":"MawBank"},{"floor":7,"key":"Art of War"},{"floor":14,"key":"Frozen Egg 2"}],"event_choices":[],"is_beta":false,"boss_relics":[],"items_purged_floors":[],"is_endless":false,"potions_floor_spawned":[3,6,8,10],"killed_by":"DF_ARCHETYPE_STREAMLINE","ascension_level":2}}