{"host":"wha9hktbkslqvblg","time":1610887866,"event":{"mods":["BaseMod","Colored Map","Minty Spire (QoL Compilation)","Relic Stats","SuperFastMode","everything is the same but u backflip on backflip"],"gold_per_floor":[109,34,45,45,45,71,90,123,146,226,260,260,283,283,283,357,357,368,268,284,81,91,91,104,104,152,169,194,194,194,194,194,194,194],"floor_reached":33,"language":"KOR","playtime":543,"items_purged":["Strike_R","Strike_R","Strike_R"],"score":572,"play_id":"ab5024c6-7e7e-4eae-a5fe-649575e219d9","local_time":"20210117215106","is_ascension_mode":true,"campfire_choices":[{"data":"Hemokinesis","floor":12,"key":"SMITH"},{"data":"Battle Trance","floor":15,"key":"SMITH"},{"floor":23,"key":"REST"},{"floor":29,"key":"REST"},{"data":"Blood for Blood","floor":32,"key":"SMITH"}],"circlet_count":0,"master_deck":["AscendersBane","Strike_R","Strike_R","Defend_R","Defend_R","Defend_R","Defend_R","Bash","Hemokinesis+1","Shockwave","Battle Trance+1","Flame Barrier","Blood for Blood+1","Spot Weakness+1","Double Tap"],"relics":["Burning Blood","NeowsBlessing","Strawberry","Lantern","Omamori","Mummified Hand","Bottled Lightning","Pen Nib","Philosopher\u0027s Stone","Centennial Puzzle","Bag of Marbles"],"acts_visited":["Exordium","TheCity"],"potions_floor_usage":[8,16,18,33,33],"damage_taken":[{"damage":0,"enemies":"Small Slimes","floor":1,"turns":1},{"damage":0,"enemies":"Jaw Worm","floor":3,"turns":2},{"damage":0,"enemies":"3 Sentries","floor":6,"turns":2},{"damage":2,"enemies":"Cultist","floor":7,"turns":3},{"damage":24,"enemies":"Lagavulin","floor":8,"turns":7},{"damage":40,"enemies":"Gremlin Nob","floor":11,"turns":4},{"damage":29,"enemies":"Slime Boss","floor":16,"turns":7},{"damage":39,"enemies":"3 Byrds","floor":18,"turns":5},{"damage":4,"enemies":"Chosen","floor":20,"turns":3},{"damage":15,"enemies":"3 Cultists","floor":22,"turns":4},{"damage":38,"enemies":"Sentry and Sphere","floor":24,"turns":4},{"damage":11,"enemies":"Snake Plant","floor":27,"turns":3},{"damage":32,"enemies":"Automaton","floor":33,"turns":6}],"seed_played":"-1653963326780159772","potions_obtained":[{"floor":1,"key":"AttackPotion"},{"floor":5,"key":"PowerPotion"},{"floor":8,"key":"PowerPotion"},{"floor":22,"key":"Strength Potion"},{"floor":24,"key":"DistilledChaos"}],"is_trial":false,"path_per_floor":["M","$","M","?","?","E","M","E","T","T","E","R","T","?","R","B",null,"M","$","M","$","M","R","M","$","T","M","T","R","?","?","R","B"],"character_chosen":"IRONCLAD","items_purchased":["Blood for Blood"],"campfire_rested":2,"item_purchase_floors":[21],"current_hp_per_floor":[74,74,75,80,80,87,87,69,69,69,35,35,35,30,30,7,67,34,34,36,36,27,53,21,21,21,16,16,42,42,42,42,10,10],"gold":194,"neow_bonus":"THREE_ENEMY_KILL","is_daily":false,"chose_seed":false,"campfire_upgraded":3,"win_rate":0.0,"timestamp":1610887866,"path_taken":["M","$","M","?","?","E","?","E","T","?","E","R","?","?","R","BOSS","M","$","M","?","?","R","M","$","T","M","?","R","?","?","R","BOSS"],"items_purchased_type":["Card"],"build_version":"2020-12-22","purchased_purges":3,"victory":false,"max_hp_per_floor":[75,75,75,80,80,87,87,87,87,87,87,87,87,87,87,87,87,87,87,87,87,87,87,87,87,87,87,87,87,87,87,87,87,87],"relic_stats":{"Centennial Puzzle":[3],"counters":[13,51],"Mummified Hand":[2],"Pen Nib":[6],"obtain_stats":[{"Lantern":8,"Centennial Puzzle":26,"NeowsBlessing":0,"Mummified Hand":10,"Strawberry":6,"Philosopher\u0027s Stone":17,"Pen Nib":13,"Omamori":9,"Bag of Marbles":28,"Bottled Lightning":11,"Burning Blood":0},{"Lantern":5,"Centennial Puzzle":11,"NeowsBlessing":0,"Mummified Hand":5,"Strawberry":3,"Philosopher\u0027s Stone":7,"Pen Nib":6,"Omamori":5,"Bag of Marbles":12,"Bottled Lightning":6,"Burning Blood":0},{"Lantern":15,"Centennial Puzzle":42,"NeowsBlessing":0,"Mummified Hand":15,"Strawberry":5,"Philosopher\u0027s Stone":26,"Pen Nib":19,"Omamori":15,"Bag of Marbles":45,"Bottled Lightning":19,"Burning Blood":0}],"Burning Blood":57},"card_choices":[{"not_picked":["Dual Wield","Cleave"],"picked":"Hemokinesis","floor":1},{"not_picked":["Reckless Charge","Rampage"],"picked":"Shockwave","floor":3},{"not_picked":["Wild Strike","Ghostly Armor","Seeing Red"],"picked":"SKIP","floor":6},{"not_picked":["Iron Wave","Shockwave","Hemokinesis"],"picked":"SKIP","floor":7},{"not_picked":["Feel No Pain","Wild Strike"],"picked":"Battle Trance","floor":8},{"not_picked":["Heavy Blade","Twin Strike","Rampage"],"picked":"SKIP","floor":11},{"not_picked":["Dropkick","Pommel Strike","Sword Boomerang"],"picked":"SKIP","floor":18},{"not_picked":["Anger","Armaments+1"],"picked":"Flame Barrier","floor":20},{"not_picked":["Twin Strike","Havoc"],"picked":"Spot Weakness+1","floor":22},{"not_picked":["Body Slam","Iron Wave","Metallicize"],"picked":"SKIP","floor":24},{"not_picked":["Sword Boomerang","Inflame+1","Headbutt"],"picked":"SKIP","floor":27}],"player_experience":978657,"relics_obtained":[{"floor":6,"key":"Strawberry"},{"floor":8,"key":"Lantern"},{"floor":9,"key":"Omamori"},{"floor":10,"key":"Mummified Hand"},{"floor":11,"key":"Bottled Lightning"},{"floor":13,"key":"Pen Nib"},{"floor":26,"key":"Centennial Puzzle"},{"floor":28,"key":"Bag of Marbles"}],"event_choices":[{"damage_healed":0,"gold_gain":0,"player_choice":"Donut","damage_taken":0,"max_hp_gain":5,"max_hp_loss":0,"event_name":"Big Fish","floor":4,"gold_loss":0},{"damage_healed":0,"gold_gain":0,"player_choice":"Got Potions","damage_taken":0,"max_hp_gain":0,"max_hp_loss":0,"event_name":"Lab","floor":5,"gold_loss":0},{"damage_healed":0,"gold_gain":0,"player_choice":"Bought 0 Potions","damage_taken":0,"max_hp_gain":0,"max_hp_loss":0,"event_name":"The Woman in Blue","floor":14,"gold_loss":0},{"damage_healed":0,"gold_gain":0,"player_choice":"Ignored","damage_taken":0,"max_hp_gain":0,"max_hp_loss":0,"event_name":"Vampires","floor":30,"gold_loss":0},{"damage_healed":0,"gold_gain":0,"player_choice":"Read","damage_taken":0,"max_hp_gain":0,"max_hp_loss":0,"event_name":"The Library","floor":31,"gold_loss":0,"cards_obtained":["Double Tap"]}],"is_beta":false,"boss_relics":[{"not_picked":["Mark of Pain","Runic Cube"],"picked":"Philosopher\u0027s Stone"}],"items_purged_floors":[2,19,21],"is_endless":false,"potions_floor_spawned":[1,6,8,11,22,24],"killed_by":"Automaton","ascension_level":20}}