{"host":"9v3x998ddbx8o276","time":1610856350,"event":{"mods":["AchievementEnabler","BaseMod","Colored Map","Colored Powertips","Highlight Path","Minty Spire (QoL Compilation)","Quick Restart","Rare Cards Sparkle"],"gold_per_floor":[116,116,128,139,214,214,16,16,16,49,74,74,92,92,92,169,169,180,95,95,112,37,37,68,68,68,96,96,113,113,124,124,124,124],"floor_reached":33,"language":"ENG","playtime":1148,"items_purged":["Strike_G"],"score":582,"play_id":"4cc447cc-bde0-4b23-8f31-6faf79a1b60b","local_time":"20210117143550","is_ascension_mode":true,"campfire_choices":[{"floor":6,"key":"REST"},{"data":"Bouncing Flask","floor":8,"key":"SMITH"},{"floor":12,"key":"REST"},{"data":"Blade Dance","floor":15,"key":"SMITH"},{"floor":23,"key":"REST"},{"floor":25,"key":"REST"},{"floor":28,"key":"REST"},{"data":"Madness","floor":30,"key":"SMITH"},{"data":"Wraith Form v2","floor":32,"key":"SMITH"}],"circlet_count":0,"master_deck":["AscendersBane","Strike_G+1","Strike_G","Strike_G","Defend_G+1","Defend_G","Defend_G+1","Defend_G","Defend_G","Survivor","Neutralize+1","Skewer","Poisoned Stab","Dagger Throw","Bouncing Flask+1","Catalyst+1","Finisher","Blade Dance+1","Adrenaline","Acrobatics+1","Madness+1","Outmaneuver","Concentrate","Dash","Wraith Form v2+1"],"relics":["Ring of the Snake","WingedGreaves","Ninja Scroll","Regal Pillow","Question Card","Runic Pyramid","StoneCalendar","Centennial Puzzle","Calipers","Whetstone"],"acts_visited":["Exordium","TheCity"],"potions_floor_usage":[10,21,24,33,33],"damage_taken":[{"damage":0,"enemies":"2 Louse","floor":1,"turns":4},{"damage":2,"enemies":"Small Slimes","floor":3,"turns":5},{"damage":4,"enemies":"Jaw Worm","floor":4,"turns":5},{"damage":9,"enemies":"Lagavulin","floor":10,"turns":5},{"damage":8,"enemies":"Gremlin Nob","floor":11,"turns":3},{"damage":12,"enemies":"Exordium Wildlife","floor":13,"turns":3},{"damage":25,"enemies":"Hexaghost","floor":16,"turns":5},{"damage":0,"enemies":"Spheric Guardian","floor":18,"turns":2},{"damage":7,"enemies":"2 Thieves","floor":21,"turns":4},{"damage":31,"enemies":"Book of Stabbing","floor":24,"turns":4},{"damage":45,"enemies":"Slavers","floor":27,"turns":5},{"damage":2,"enemies":"Snecko","floor":29,"turns":3},{"damage":5,"enemies":"Shelled Parasite and Fungi","floor":31,"turns":3},{"damage":55,"enemies":"Champ","floor":33,"turns":8}],"seed_played":"2254466340512165467","potions_obtained":[{"floor":4,"key":"DistilledChaos"},{"floor":10,"key":"FearPotion"},{"floor":13,"key":"Poison Potion"},{"floor":21,"key":"SteroidPotion"},{"floor":24,"key":"Weak Potion"},{"floor":29,"key":"DistilledChaos"}],"is_trial":false,"path_per_floor":["M","?","M","M","?","R","$","R","T","E","E","R","M","?","R","B",null,"M","?","?","M","?","R","E","R","T","E","R","M","R","M","R","B"],"character_chosen":"THE_SILENT","items_purchased":["Bouncing Flask","CunningPotion"],"campfire_rested":5,"item_purchase_floors":[7,7],"current_hp_per_floor":[59,41,39,35,24,42,42,42,42,33,25,58,46,46,46,21,50,50,50,38,31,31,60,29,60,60,15,48,46,46,41,41,0,0],"gold":124,"neow_bonus":"ONE_RARE_RELIC","is_daily":false,"chose_seed":false,"campfire_upgraded":4,"win_rate":0.0,"timestamp":1610856350,"path_taken":["M","?","M","M","?","R","$","R","T","E","E","R","M","?","R","BOSS","M","?","?","?","?","R","E","R","T","E","R","M","R","M","R","BOSS"],"items_purchased_type":["Card","Potion"],"build_version":"2020-12-22","purchased_purges":1,"victory":false,"max_hp_per_floor":[60,60,60,60,60,60,60,60,60,60,60,60,60,60,60,60,60,60,60,60,60,60,60,60,60,60,60,60,60,60,60,60,60,60],"card_choices":[{"not_picked":["Underhanded Strike","Acrobatics"],"picked":"Skewer","floor":1},{"not_picked":["Heel Hook","Backflip"],"picked":"Poisoned Stab","floor":3},{"not_picked":["Endless Agony","Blur"],"picked":"Dagger Throw","floor":4},{"not_picked":["Dagger Spray","Slice"],"picked":"Catalyst","floor":10},{"not_picked":["Setup","Slice"],"picked":"Finisher","floor":11},{"not_picked":["Deflect","Poisoned Stab","Endless Agony"],"picked":"Blade Dance","floor":13},{"not_picked":["Doppelganger","Venomology","Unload"],"picked":"Adrenaline","floor":16},{"not_picked":["Dodge and Roll","Accuracy","Setup"],"picked":"Acrobatics+1","floor":18},{"not_picked":["Caltrops","Flying Knee+1","Deflect"],"picked":"Outmaneuver","floor":21},{"not_picked":["Venomology","Outmaneuver","Flechettes"],"picked":"Concentrate","floor":24},{"not_picked":["Eviscerate+1","Dagger Throw","Flying Knee+1","Heel Hook"],"picked":"SKIP","floor":27},{"not_picked":["Underhanded Strike","Outmaneuver","Deadly Poison+1"],"picked":"Dash","floor":29},{"not_picked":["Terror","Cloak And Dagger","Heel Hook"],"picked":"Wraith Form v2","floor":31}],"player_experience":1662876,"relics_obtained":[{"floor":9,"key":"Ninja Scroll"},{"floor":10,"key":"Regal Pillow"},{"floor":11,"key":"Question Card"},{"floor":24,"key":"Centennial Puzzle"},{"floor":26,"key":"Calipers"},{"floor":27,"key":"Whetstone"}],"event_choices":[{"damage_healed":0,"gold_gain":0,"player_choice":"Entered Light","damage_taken":18,"max_hp_gain":0,"max_hp_loss":0,"event_name":"Shining Light","floor":2,"gold_loss":0,"cards_upgraded":["Defend_G","Defend_G"]},{"damage_healed":0,"gold_gain":75,"player_choice":"Gather Gold","damage_taken":11,"max_hp_gain":0,"max_hp_loss":0,"event_name":"World of Goop","floor":5,"gold_loss":0},{"damage_healed":0,"gold_gain":0,"player_choice":"Grow","damage_taken":0,"max_hp_gain":0,"max_hp_loss":0,"event_name":"Living Wall","floor":14,"gold_loss":0,"cards_upgraded":["Catalyst"]},{"damage_healed":0,"gold_gain":0,"player_choice":"Obtained Relic","damage_taken":0,"relics_obtained":["StoneCalendar"],"max_hp_gain":0,"max_hp_loss":0,"event_name":"Addict","floor":19,"gold_loss":85},{"damage_healed":0,"gold_gain":0,"player_choice":"CARD ","damage_taken":12,"max_hp_gain":0,"max_hp_loss":0,"event_name":"Knowing Skull","floor":20,"potions_obtained":[],"gold_loss":0,"cards_obtained":["Madness"]},{"cards_removed":["Strike_G"],"damage_healed":0,"gold_gain":0,"player_choice":"Gave Gold","damage_taken":0,"max_hp_gain":0,"max_hp_loss":0,"event_name":"Beggar","floor":22,"gold_loss":75}],"is_beta":false,"boss_relics":[{"not_picked":["SacredBark","Runic Dome"],"picked":"Runic Pyramid"}],"items_purged_floors":[7],"is_endless":false,"potions_floor_spawned":[4,10,13,21,24,29,31],"killed_by":"Champ","ascension_level":20}}