{"host":"88q0baq93r2cvn7j","time":1610864048,"event":{"mods":["AchievementEnabler","Act Like it!","BaseMod","GungeonMod","Minty Spire (QoL Compilation)","StSLib"],"gold_per_floor":[113,130,150,211,211,211,286,301,301,24,24,60,60,95,95,95,95],"floor_reached":16,"language":"ZHS","playtime":738,"items_purged":[],"score":132,"play_id":"0e0bf0f3-2258-421f-9bf0-aef67865e2a0","local_time":"20210117141408","is_ascension_mode":true,"campfire_choices":[{"floor":6,"key":"REST"},{"floor":11,"key":"REST"},{"data":"Apotheosis","floor":13,"key":"SMITH"},{"floor":15,"key":"REST"}],"circlet_count":0,"master_deck":["DemoMod:Strike_Huntress","DemoMod:Defend_Huntress","DemoMod:Defend_Huntress","DemoMod:Defend_Huntress","DemoMod:Defend_Huntress","DemoMod:Roll","DemoMod:ManualReload","DemoMod:RustySidearm","DemoMod:CrossBow","DemoMod:SAA","DemoMod:BlackHoleGun","DemoMod:HuntsMan","DemoMod:TableSutra","Injury","DemoMod:ShadowBullets","Apotheosis+1","DemoMod:Evolver","DemoMod:TripleGun"],"relics":["DemoMod:Dog","DemoMod:HoleyGrail","Golden Idol","DemoMod:BlueGuonStone","DemoMod:GnawedKey","Sundial","DemoMod:LamentConfigurum"],"acts_visited":["Exordium"],"potions_floor_usage":[12,14],"damage_taken":[{"damage":6,"enemies":"2 Louse","floor":1,"turns":3},{"damage":12,"enemies":"Jaw Worm","floor":2,"turns":5},{"damage":5,"enemies":"Cultist","floor":3,"turns":4},{"damage":22,"enemies":"Looter","floor":4,"turns":4},{"damage":19,"enemies":"Large Slime","floor":8,"turns":7},{"damage":7,"enemies":"3 Sentries","floor":12,"turns":7},{"damage":14,"enemies":"Gremlin Nob","floor":14,"turns":4},{"damage":0,"enemies":"The Guardian","floor":16,"turns":2}],"seed_played":"6093160826583692670","potions_obtained":[{"floor":1,"key":"Strength Potion"},{"floor":8,"key":"FearPotion"}],"is_trial":false,"path_per_floor":["M","M","M","M","?","R","?","M","T","$","R","E","R","E","R","B"],"character_chosen":"HUNTRESS","items_purchased":["Apotheosis","DemoMod:GnawedKey"],"campfire_rested":3,"item_purchase_floors":[10,10],"current_hp_per_floor":[57,45,40,18,18,36,25,6,6,6,24,17,17,3,21,21,21],"gold":95,"neow_bonus":"REMOVE_TWO","is_daily":false,"chose_seed":false,"campfire_upgraded":1,"win_rate":0.0,"timestamp":1610864048,"path_taken":["M","M","M","M","?","R","?","M","T","?","R","E","R","E","R","BOSS"],"items_purchased_type":["Card","Relic"],"build_version":"2020-12-22","purchased_purges":0,"victory":false,"max_hp_per_floor":[63,63,63,63,63,63,63,63,63,63,63,63,63,63,63,63,63],"card_choices":[{"not_picked":["DemoMod:Replace","DemoMod:LifeOrb"],"picked":"DemoMod:SAA","floor":1},{"not_picked":["DemoMod:PracticeMakesPerfect","DemoMod:Ejector"],"picked":"DemoMod:BlackHoleGun","floor":2},{"not_picked":["DemoMod:PotionOfGunFriendShip","DemoMod:ConditionalReflex"],"picked":"DemoMod:HuntsMan","floor":3},{"not_picked":["DemoMod:Casey","DemoMod:DoubleSwitch"],"picked":"DemoMod:TableSutra","floor":4},{"not_picked":["DemoMod:GunstockTap","DemoMod:HungryBullets"],"picked":"DemoMod:ShadowBullets","floor":8},{"not_picked":["DemoMod:BalloonGun","DemoMod:SAA"],"picked":"DemoMod:Evolver","floor":12},{"not_picked":["DemoMod:FortunesFavor","DemoMod:ConditionalReflex"],"picked":"DemoMod:TripleGun","floor":14}],"player_experience":341628,"relics_obtained":[{"floor":3,"key":"DemoMod:HoleyGrail"},{"floor":9,"key":"DemoMod:BlueGuonStone"},{"floor":12,"key":"Sundial"},{"floor":14,"key":"DemoMod:LamentConfigurum"}],"event_choices":[{"damage_healed":0,"gold_gain":0,"player_choice":"Take Wound","damage_taken":0,"relics_obtained":["Golden Idol"],"max_hp_gain":0,"max_hp_loss":0,"event_name":"Golden Idol","floor":5,"gold_loss":0,"cards_obtained":["Injury"]},{"damage_healed":0,"gold_gain":75,"player_choice":"Gather Gold","damage_taken":11,"max_hp_gain":0,"max_hp_loss":0,"event_name":"World of Goop","floor":7,"gold_loss":0}],"is_beta":false,"boss_relics":[],"items_purged_floors":[],"is_endless":false,"potions_floor_spawned":[1,8],"killed_by":"The Guardian","ascension_level":4}}