{"host":"oytjgf0lma69qpzi","time":1610916453,"event":{"mods":["BaseMod","Colored Powertips","DeckTracker","Minty Spire (QoL Compilation)","Quick Restart"],"gold_per_floor":[109,109,119,131,131,145,145,223,223,223,256,276,291,291,291,393,393,411,421,73,73,73,73,73,73,96,107,122,45,45,45],"floor_reached":30,"language":"ENG","playtime":1097,"items_purged":[],"score":265,"play_id":"f94e4d47-0faa-4d93-81b7-dc0f69ee84e9","local_time":"20210117214733","is_ascension_mode":true,"campfire_choices":[{"data":"Zap","floor":7,"key":"SMITH"},{"data":"Dualcast","floor":10,"key":"SMITH"},{"data":"Leap","floor":15,"key":"SMITH"},{"data":"Consume","floor":23,"key":"SMITH"},{"data":"Defragment","floor":25,"key":"SMITH"}],"circlet_count":0,"master_deck":["Strike_B","Strike_B","Defend_B","Defend_B","Defend_B","Defend_B","Zap+1","Dualcast+1","Chaos","Self Repair","Conserve Battery","Cold Snap","Gash","Leap+1","Barrage","Defragment+1","Gash","Consume+1","Fission","Glacier"],"relics":["Cracked Core","NeowsBlessing","Eternal Feather","Bottled Tornado","PreservedInsect","Empty Cage","Cables","Dream Catcher"],"acts_visited":["Exordium","TheCity"],"potions_floor_usage":[11,16,19,19,27,30],"damage_taken":[{"damage":0,"enemies":"2 Louse","floor":1,"turns":1},{"damage":0,"enemies":"Jaw Worm","floor":3,"turns":1},{"damage":0,"enemies":"Cultist","floor":4,"turns":1},{"damage":9,"enemies":"Red Slaver","floor":6,"turns":4},{"damage":15,"enemies":"Lagavulin","floor":11,"turns":5},{"damage":1,"enemies":"Large Slime","floor":12,"turns":4},{"damage":4,"enemies":"2 Fungi Beasts","floor":13,"turns":3},{"damage":60,"enemies":"Hexaghost","floor":16,"turns":15},{"damage":7,"enemies":"Chosen","floor":18,"turns":4},{"damage":18,"enemies":"2 Thieves","floor":19,"turns":4},{"damage":22,"enemies":"Chosen and Byrds","floor":27,"turns":6},{"damage":43,"enemies":"3 Cultists","floor":28,"turns":7},{"damage":28,"enemies":"Gremlin Leader","floor":30,"turns":3}],"seed_played":"-3434319568220125667","potions_obtained":[{"floor":3,"key":"Dexterity Potion"},{"floor":6,"key":"DuplicationPotion"},{"floor":12,"key":"Energy Potion"},{"floor":16,"key":"Swift Potion"},{"floor":18,"key":"EssenceOfSteel"},{"floor":28,"key":"ColorlessPotion"}],"is_trial":false,"path_per_floor":["M","?","M","M","?","M","R","T","T","R","E","M","M","?","R","B",null,"M","M","$","?","$","R","?","R","T","M","M","$","E"],"character_chosen":"DEFECT","items_purchased":["Defragment","Cables","Gash","Glacier"],"campfire_rested":0,"item_purchase_floors":[20,20,20,29],"current_hp_per_floor":[75,75,75,75,75,66,66,66,66,72,64,70,66,66,75,22,75,75,57,57,57,57,66,66,75,75,60,24,24,0,0],"gold":45,"neow_bonus":"THREE_ENEMY_KILL","is_daily":false,"chose_seed":false,"campfire_upgraded":5,"win_rate":0.0,"timestamp":1610916453,"path_taken":["M","?","M","M","?","M","R","?","T","R","E","M","M","?","R","BOSS","M","?","?","?","$","R","?","R","T","M","M","$","E"],"items_purchased_type":["Card","Relic","Card","Card"],"build_version":"2020-12-22","purchased_purges":0,"victory":false,"max_hp_per_floor":[75,75,75,75,75,75,75,75,75,75,75,75,75,75,75,75,75,75,75,75,75,75,75,75,75,75,75,75,75,75,75],"card_choices":[{"not_picked":["Ball Lightning","Beam Cell"],"picked":"Chaos","floor":1},{"not_picked":["Streamline","Hologram"],"picked":"Self Repair","floor":3},{"not_picked":["Doom and Gloom","Beam Cell"],"picked":"Conserve Battery","floor":4},{"not_picked":["Barrage","Beam Cell"],"picked":"Cold Snap","floor":6},{"not_picked":["Sweeping Beam","Streamline","Recycle"],"picked":"SKIP","floor":11},{"not_picked":["Seek","Melter"],"picked":"Gash","floor":12},{"not_picked":["Darkness","Go for the Eyes"],"picked":"Leap","floor":13},{"not_picked":["Hologram+1","Tempest"],"picked":"Barrage","floor":18},{"not_picked":["Double Energy","Doom and Gloom","Sunder"],"picked":"SKIP","floor":19},{"not_picked":["Hologram","Steam+1","Go for the Eyes"],"picked":"SKIP","floor":27},{"not_picked":["Sweeping Beam","Sunder"],"picked":"Fission","floor":28}],"player_experience":202961,"relics_obtained":[{"floor":8,"key":"Eternal Feather"},{"floor":9,"key":"Bottled Tornado"},{"floor":11,"key":"PreservedInsect"},{"floor":26,"key":"Dream Catcher"}],"event_choices":[{"damage_healed":0,"gold_gain":0,"player_choice":"Ignored","damage_taken":0,"max_hp_gain":0,"max_hp_loss":0,"event_name":"Liars Game","floor":2,"gold_loss":0},{"damage_healed":0,"gold_gain":0,"player_choice":"Ignored","damage_taken":0,"max_hp_gain":0,"max_hp_loss":0,"event_name":"Golden Idol","floor":5,"gold_loss":0},{"damage_healed":0,"gold_gain":0,"player_choice":"Ignored","damage_taken":0,"max_hp_gain":0,"max_hp_loss":0,"event_name":"Transmorgrifier","floor":14,"gold_loss":0},{"damage_healed":0,"gold_gain":0,"player_choice":"Read","damage_taken":0,"max_hp_gain":0,"max_hp_loss":0,"event_name":"The Library","floor":21,"gold_loss":0,"cards_obtained":["Consume"]},{"damage_healed":0,"gold_gain":0,"player_choice":"Ignored","damage_taken":0,"max_hp_gain":0,"max_hp_loss":0,"event_name":"The Mausoleum","floor":24,"gold_loss":0}],"is_beta":false,"boss_relics":[{"not_picked":["Calling Bell","Runic Pyramid"],"picked":"Empty Cage"}],"items_purged_floors":[],"is_endless":false,"potions_floor_spawned":[3,6,12,16,18,28],"killed_by":"Gremlin Leader","ascension_level":3}}