{"host":"inzxg65gu6nvov1v","time":1610885345,"event":{"mods":["AchievementEnabler","Act Like it!","Aspiration","BaseMod","Better Third Choice","CapriCore","Card Forge","Colored Map","Colored Powertips","Conspire","Downfall","Energized Spire","Hallownest","Hermit","Highlight Path","Hubris","Infinite Spire","Jedi Mod","Koishi","Lobotomy","LobotomyExtend","Marisa????????","Mimic Mod","Minty Spire (QoL Compilation)","Reimu??????","Remilia??????","Spicy Shops","StSLib","Td1madao Mod","The Administrix","The Bug Knight","The Construct","The Cursed","The Disciple","The Elementalist","The Gatherer","The Hierophant","The Immortal","The Mystic","The Necromancer","The Runesmith","The Servant 0.9.4","Wandering Minibosses","Yakumo Yukari mod","Youmu??????"],"gold_per_floor":[111,111,111,122,139,164,179,179,179,179,199,209,229,261,261,361,361,378,378,395,395,395,395,178,193,193,193,226,238,255,2,2,97,97,111,111,111,211,211,211,240,255,293,293,309,309,343,357,357,357,357,357,50,62,62],"floor_reached":56,"language":"ENG","playtime":3964,"items_purged":[],"score":1350,"play_id":"f3df793e-4fd2-4137-8e53-e2cce5055dda","local_time":"20210117140905","is_ascension_mode":true,"campfire_choices":[{"floor":10,"key":"REST"},{"floor":15,"key":"REST"},{"floor":23,"key":"RECALL"},{"floor":27,"key":"REST"},{"floor":32,"key":"REST"},{"floor":40,"key":"REST"},{"floor":44,"key":"REST"},{"floor":46,"key":"REST"},{"floor":49,"key":"REST"},{"floor":52,"key":"REST"}],"circlet_count":0,"master_deck":["KidneyShot+1","Exchange+1","Dilation+1","Embodiment+1","FloweringNight+1","GearUp+1","KillingDoll+1","Luminosity+1","MurderousAura+1","Rearm+1","SilverBlades+1","GearUp+1","Luminosity+1","SilverBlades+1","SilverBlades+1","MoonPhase+1","GearUp+1","GearUp+1","BottledTime+1","SilverBlades+1","KillingDoll+1","KillingDoll+1","hubris:Fate+1","infinitespire:UltimateForm","SurpressingFire+1","Panacea"],"relics":["Uniform","Hammer of Thor","Anvil of the Gods","hubris:OldNail","wanderingMiniBosses:ThiefScarf","Seething Fire","Nunchaku","NlothsMask","hubris:HollowSoul","Chemical X","Toy Ornithopter","Matryoshka","Lizard Tail","Regal Pillow","Fusion Hammer","hubris:Icosahedron","Tea:ReiMu","AntiCross","conspire:DeflatedDodgeball","infinitespire:CursedDice","Singing Bowl","hubris:MedicalManual","hubris:ToyBattleship","The Courier","Orichalcum","TheAbacus","Centennial Puzzle"],"acts_visited":["Exordium","TheCity","TheBeyond","TheEnding"],"potions_floor_usage":[6,16,16,28,28,33,38,38,38,38],"damage_taken":[{"damage":0,"enemies":"Cultist","floor":1,"turns":3},{"damage":11,"enemies":"2 Louse","floor":4,"turns":2},{"damage":18,"enemies":"Small Slimes","floor":5,"turns":5},{"damage":2,"enemies":"HollowMod:MossKnight","floor":6,"turns":4},{"damage":10,"enemies":"Exordium Thugs","floor":7,"turns":6},{"damage":3,"enemies":"Exordium Wildlife","floor":11,"turns":4},{"damage":3,"enemies":"Blue Slaver","floor":12,"turns":2},{"damage":0,"enemies":"Looter","floor":13,"turns":2},{"damage":0,"enemies":"Lots of Slimes","floor":14,"turns":4},{"damage":4,"enemies":"Slime Boss","floor":16,"turns":6},{"damage":0,"enemies":"Spheric Guardian","floor":18,"turns":4},{"damage":1,"enemies":"Chosen","floor":20,"turns":8},{"damage":10,"enemies":"Snake Plant","floor":25,"turns":7},{"damage":17,"enemies":"Book of Stabbing","floor":28,"turns":7},{"damage":0,"enemies":"Snecko","floor":29,"turns":3},{"damage":10,"enemies":"Cultist and Chosen","floor":30,"turns":2},{"damage":23,"enemies":"Champ","floor":33,"turns":7},{"damage":20,"enemies":"Orb Walker","floor":35,"turns":5},{"damage":30,"enemies":"infinitespire:Three Voidlings","floor":38,"turns":2},{"damage":343,"enemies":"Nightmare_Alpha","floor":38,"turns":9},{"damage":0,"enemies":"Reptomancer","floor":41,"turns":2},{"damage":29,"enemies":"3 Shapes","floor":42,"turns":5},{"damage":1,"enemies":"Maw","floor":43,"turns":5},{"damage":5,"enemies":"Maw","floor":45,"turns":3},{"damage":34,"enemies":"Nemesis","floor":47,"turns":4},{"damage":43,"enemies":"Jaw Worm Horde","floor":48,"turns":4},{"damage":4,"enemies":"Time Eater","floor":50,"turns":3},{"damage":26,"enemies":"Shield and Spear","floor":54,"turns":5},{"damage":17,"enemies":"The Heart","floor":55,"turns":7}],"seed_played":"-6365646004973553441","potions_obtained":[{"floor":1,"key":"Dexterity Potion"},{"floor":6,"key":"Block Potion"},{"floor":7,"key":"ZuzhouPotion:ReiMu"},{"floor":11,"key":"jedi:tentaclejuice"},{"floor":13,"key":"EntropicBrew"},{"floor":20,"key":"Fire Potion"},{"floor":25,"key":"LiquidMemories"},{"floor":38,"key":"ZuzhouPotion:ReiMu"},{"floor":41,"key":"Dexterity Potion"},{"floor":48,"key":"Guardian:BlockOnCardUsePotion"}],"is_trial":false,"path_per_floor":["M","?","?","M","M","E","M","?","T","R","M","M","M","MIM","R","B",null,"M","?","M","AVR","?","R","$","M","T","R","E","M","M","$","R","B",null,"M","?","AVR","?","?","R","E","M","MIM","R","M","R","E","M","R","B",null,"R","$","E","B",null],"character_chosen":"THE_SERVANT","items_purchased":["Chemical X","Toy Ornithopter","Regal Pillow","ColorlessPotion","sneckomod:MuddlingPotion","Orichalcum","TheAbacus","Panacea"],"campfire_rested":9,"item_purchase_floors":[24,24,31,31,31,53,53,53],"current_hp_per_floor":[65,65,65,54,36,34,24,24,24,43,40,37,37,37,56,52,65,65,65,64,64,64,64,64,54,54,65,58,58,48,48,65,47,65,45,45,45,65,65,65,65,67,68,69,66,71,71,71,75,75,75,75,75,75,75],"gold":62,"neow_bonus":"RANDOM_COMMON_RELIC","is_daily":false,"chose_seed":false,"campfire_upgraded":0,"win_rate":0.0,"timestamp":1610885345,"path_taken":["M","?","?","M","M","E","M","?","T","R","M","?","M","?","R","BOSS","M","?","?","AVR","?","R","$","M","T","R","E","?","?","$","R","BOSS","M","?","AVR","?","?","R","E","M","MIM","R","M","R","E","?","R","BOSS","R","$","E","BOSS"],"items_purchased_type":["Relic","Relic","Relic","Potion","Potion","Relic","Relic","Card"],"build_version":"2020-12-22","purchased_purges":0,"victory":true,"max_hp_per_floor":[65,65,65,65,65,65,65,65,65,65,65,65,65,65,65,65,65,65,65,65,65,65,65,65,65,65,65,65,65,65,65,65,65,65,65,65,65,65,65,65,65,67,69,69,71,71,73,75,75,75,75,75,75,77,77],"card_choices":[{"not_picked":["FastForward","Ricochet","Starlight"],"picked":"SKIP","floor":1},{"not_picked":["Defy","Starlight","TimeWarp"],"picked":"SKIP","floor":4},{"not_picked":["Gouge","Alleviate","SpecialFormula"],"picked":"SKIP","floor":5},{"not_picked":["Rearm","TimeWarp","Gouge"],"picked":"SKIP","floor":6},{"not_picked":["TimeWarp","Revamp"],"picked":"SilverBlades","floor":7},{"not_picked":["Defy","Revamp","FastForward"],"picked":"SKIP","floor":11},{"not_picked":["Shuttle","BestPractice"],"picked":"MoonPhase","floor":12},{"not_picked":["Barrier","Rewind"],"picked":"GearUp","floor":13},{"not_picked":["Moondial+1","Alleviate","Comet+1"],"picked":"SKIP","floor":18},{"not_picked":["Reset+1","Alleviate+1"],"picked":"RealityMarble","floor":20},{"not_picked":["Potential","Revamp"],"picked":"BottledTime+1","floor":25},{"not_picked":["FanOfKnives","ReturningBlade","MoonPhase+1"],"picked":"SKIP","floor":28},{"not_picked":["Alleviate","DoubleEdge"],"picked":"SilverBlades","floor":29},{"not_picked":["Alleviate","Defy+1","Potential+1"],"picked":"SKIP","floor":30},{"not_picked":["Read","MoonPhase+1","WasteNot"],"picked":"SKIP","floor":35},{"not_picked":["infinitespire:Fortify","hubris:Rewind"],"picked":"infinitespire:UltimateForm","floor":38},{"not_picked":["DoubleEdge+1","Solidify"],"picked":"SurpressingFire+1","floor":41},{"not_picked":["BottledTime","Potential","Moondial+1"],"picked":"Singing Bowl","floor":42},{"not_picked":["DoubleEdge","Potential+1","Starlight+1"],"picked":"Singing Bowl","floor":43},{"not_picked":["Duplication","SpecialFormula+1","FastForward+1"],"picked":"Singing Bowl","floor":45},{"not_picked":["ShatteredReality","Read+1","Ricochet+1"],"picked":"Singing Bowl","floor":47},{"not_picked":["Replace+1","FanOfKnives","Rearm"],"picked":"Singing Bowl","floor":48},{"not_picked":["Comet+1","Alleviate","Ricochet+1"],"picked":"Singing Bowl","floor":54}],"player_experience":171343,"relics_obtained":[{"floor":5,"key":"wanderingMiniBosses:ThiefScarf"},{"floor":5,"key":"Seething Fire"},{"floor":6,"key":"Nunchaku"},{"floor":26,"key":"Matryoshka"},{"floor":28,"key":"Lizard Tail"},{"floor":38,"key":"infinitespire:CursedDice"},{"floor":41,"key":"Singing Bowl"},{"floor":43,"key":"hubris:MedicalManual"},{"floor":43,"key":"hubris:ToyBattleship"},{"floor":47,"key":"The Courier"},{"floor":54,"key":"Centennial Puzzle"}],"event_choices":[{"damage_healed":0,"gold_gain":0,"player_choice":"Leave","damage_taken":0,"max_hp_gain":0,"max_hp_loss":0,"event_name":"conspire:Investor","floor":2,"gold_loss":0},{"damage_healed":0,"gold_gain":0,"player_choice":"Trade","damage_taken":0,"relics_obtained":["NlothsMask"],"max_hp_gain":0,"max_hp_loss":0,"event_name":"FaceTrader","floor":8,"gold_loss":0},{"damage_healed":0,"gold_gain":0,"player_choice":"Copied","damage_taken":0,"max_hp_gain":0,"max_hp_loss":0,"event_name":"Duplicator","floor":19,"gold_loss":0,"cards_obtained":["GearUp"]},{"cards_removed":["RealityMarble"],"damage_healed":0,"gold_gain":0,"player_choice":"Card Removal","damage_taken":0,"max_hp_gain":0,"max_hp_loss":0,"event_name":"Wheel of Change","floor":22,"gold_loss":0}],"is_beta":false,"boss_relics":[{"not_picked":["hubris:CrackedHourglass","aspiration:PoetsPen_weak"],"picked":"hubris:HollowSoul"},{"not_picked":["Black Star","Tiny House"],"picked":"Fusion Hammer"}],"items_purged_floors":[],"is_endless":false,"potions_floor_spawned":[1,6,7,11,13,20,25,38,41,47,48],"ascension_level":1}}