{"host":"1a3cjta80tad0aqj","time":1610894399,"event":{"mods":["2.2 Compatiblity","AchievementEnabler","BaseMod","Colored Map","DeckTracker","KOR Keyword Fix","Keyboard Shortcuts","Minty Spire (QoL Compilation)","Permanent Neow","Quick Restart","Random Character Button","StSLib","SuperFastMode","everything is the same but u backflip on backflip"],"gold_per_floor":[109,34,34,34,34,64,64,91,117,117,128,143,143,161,161,266,266,278,193,193,103,119,153,153,165,165,165,165,199,213,225,225,329,329,345,169,219,233,108,143,143,143,168,185,200,200,234,244,244,244],"floor_reached":51,"language":"KOR","playtime":2356,"items_purged":["Defend_P","Defend_P","Strike_P"],"score":1372,"play_id":"1a8c2c18-16c3-448e-b70f-b11a81a03ef8","local_time":"20210117233959","is_ascension_mode":true,"campfire_choices":[{"data":"1","floor":7.0,"key":"LIFT"},{"data":"MentalFortress","floor":10.0,"key":"SMITH"},{"data":"Halt","floor":15.0,"key":"SMITH"},{"data":"Judgement","floor":24.0,"key":"SMITH"},{"floor":27.0,"key":"REST"},{"data":"Adaptation","floor":32.0,"key":"SMITH"},{"data":"BowlingBash","floor":41.0,"key":"SMITH"},{"floor":46.0,"key":"REST"},{"floor":49,"key":"REST"}],"circlet_count":0,"master_deck":["AscendersBane","Strike_P+1","Defend_P+1","Eruption+1","Vigilance","EmptyBody","MentalFortress+1","Halt+1","Tantrum","Judgement+1","CurseOfTheBell","SashWhip+1","CutThroughFate","Adaptation+1","BowlingBash+1","InnerPeace","Consecrate+1","FollowUp+1","Madness","Madness","Parasite","BowlingBash+1","Wallop+1","FlurryOfBlows+1"],"relics":["PureWater","NeowsBlessing","Girya","Potion Belt","Boot","Blue Candle","Calling Bell","Ancient Tea Set","Meat on the Bone","Dead Branch","Yang","Bag of Preparation","Darkstone Periapt","Incense Burner","VioletLotus","Thread and Needle","Dream Catcher","Damaru","Question Card"],"acts_visited":["Exordium","TheCity","TheBeyond"],"potions_floor_usage":[47,47,47,47,47,47,50,50,50],"damage_taken":[{"damage":0.0,"enemies":"Small Slimes","floor":1.0,"turns":2.0},{"damage":0.0,"enemies":"Lagavulin","floor":6.0,"turns":1.0},{"damage":0.0,"enemies":"3 Sentries","floor":8.0,"turns":2.0},{"damage":0.0,"enemies":"2 Louse","floor":11.0,"turns":2.0},{"damage":0.0,"enemies":"Cultist","floor":12.0,"turns":4.0},{"damage":27.0,"enemies":"Exordium Thugs","floor":14.0,"turns":10.0},{"damage":0.0,"enemies":"Slime Boss","floor":16.0,"turns":8.0},{"damage":12.0,"enemies":"2 Thieves","floor":18.0,"turns":3.0},{"damage":13.0,"enemies":"Shell Parasite","floor":22.0,"turns":7.0},{"damage":2.0,"enemies":"Slavers","floor":23.0,"turns":5.0},{"damage":4.0,"enemies":"Snecko","floor":25.0,"turns":4.0},{"damage":12.0,"enemies":"Gremlin Leader","floor":29.0,"turns":4.0},{"damage":0.0,"enemies":"Sentry and Sphere","floor":30.0,"turns":3.0},{"damage":5.0,"enemies":"Snake Plant","floor":31.0,"turns":2.0},{"damage":2.0,"enemies":"Collector","floor":33.0,"turns":4.0},{"damage":11.0,"enemies":"3 Darklings","floor":35.0,"turns":4.0},{"damage":0.0,"enemies":"Mind Bloom Boss Battle","floor":37.0,"turns":5.0},{"damage":0.0,"enemies":"3 Shapes","floor":38.0,"turns":5.0},{"damage":1.0,"enemies":"Reptomancer","floor":40.0,"turns":5.0},{"damage":0.0,"enemies":"Writhing Mass","floor":44.0,"turns":3.0},{"damage":14.0,"enemies":"Maw","floor":45.0,"turns":5.0},{"damage":12,"enemies":"Nemesis","floor":47,"turns":3},{"damage":4,"enemies":"3 Darklings","floor":48,"turns":5},{"damage":0,"enemies":"Donu and Deca","floor":50,"turns":7}],"seed_played":"-7506975117310620619","potions_obtained":[{"floor":8.0,"key":"SpeedPotion"},{"floor":14.0,"key":"EntropicBrew"},{"floor":16.0,"key":"Swift Potion"},{"floor":18.0,"key":"Swift Potion"},{"floor":23.0,"key":"DuplicationPotion"},{"floor":33.0,"key":"DuplicationPotion"},{"floor":40.0,"key":"EntropicBrew"},{"floor":45.0,"key":"Ancient Potion"},{"floor":47,"key":"Fire Potion"},{"floor":48,"key":"DuplicationPotion"}],"is_trial":false,"path_per_floor":["M","$","?","?","?","E","R","E","T","R","M","M","T","M","R","B",null,"M","?","?","?","M","E","R","M","T","R","?","E","M","M","R","B",null,"M","$","?","M","$","E","R","?","T","M","M","R","E","M","R","B",null],"character_chosen":"WATCHER","items_purchased":["LiquidMemories"],"campfire_rested":3,"item_purchase_floors":[36],"current_hp_per_floor":[65,65,51,56,56,56,56,56,56,56,56,56,56,29,29,29,65,53,53,53,53,40,50,50,46,46,69,69,57,57,52,52,50,70,59,59,59,59,59,58,58,48,48,54,52,76,64,60,83,83],"gold":244,"neow_bonus":"THREE_ENEMY_KILL","is_daily":false,"chose_seed":false,"campfire_upgraded":5,"win_rate":0.0,"timestamp":1610894399,"path_taken":["M","$","?","?","?","E","R","E","T","R","M","?","?","M","R","BOSS","M","?","?","?","?","E","R","M","T","R","?","E","M","M","R","BOSS","M","?","?","M","$","E","R","?","T","M","M","R","E","M","R","BOSS"],"items_purchased_type":["Potion"],"build_version":"2020-12-22","purchased_purges":3,"victory":true,"max_hp_per_floor":[72,72,72,77,77,77,77,77,77,77,77,77,77,77,77,77,77,77,77,77,77,77,77,77,77,77,77,77,77,77,77,77,77,77,77,77,77,77,77,77,77,77,77,83,83,83,83,83,83,83],"card_choices":[{"not_picked":["FollowUp","SandsOfTime"],"picked":"EmptyBody","floor":1.0},{"not_picked":["SandsOfTime","ThirdEye","Perseverance"],"picked":"SKIP","floor":6.0},{"not_picked":["Wireheading","Consecrate"],"picked":"MentalFortress","floor":8.0},{"not_picked":["SashWhip","WindmillStrike"],"picked":"Halt","floor":11.0},{"not_picked":["JustLucky","ClearTheMind","Evaluate"],"picked":"SKIP","floor":12.0},{"not_picked":["ThirdEye","Evaluate"],"picked":"Tantrum","floor":14.0},{"not_picked":["Blasphemy","Establishment"],"picked":"Judgement","floor":16.0},{"not_picked":["WindmillStrike","Perseverance","EmptyBody"],"picked":"SKIP","floor":18.0},{"not_picked":["CutThroughFate","FollowUp+1"],"picked":"SashWhip+1","floor":22.0},{"not_picked":["Fasting2+1","Conclude","MasterReality"],"picked":"SKIP","floor":23.0},{"not_picked":["PathToVictory","Vengeance"],"picked":"CutThroughFate","floor":25.0},{"not_picked":["Nirvana","ClearTheMind"],"picked":"Adaptation","floor":29.0},{"not_picked":["Prostrate","Wallop"],"picked":"BowlingBash","floor":30.0},{"not_picked":["Crescendo","Wireheading"],"picked":"InnerPeace","floor":31.0},{"not_picked":["CutThroughFate","Halt","EmptyBody"],"picked":"SKIP","floor":35.0},{"not_picked":["EmptyBody+1","ThirdEye"],"picked":"Consecrate+1","floor":38.0},{"not_picked":["Wireheading+1","ForeignInfluence"],"picked":"FollowUp+1","floor":40.0},{"not_picked":["CutThroughFate","JustLucky+1","Conclude"],"picked":"SKIP","floor":44.0},{"not_picked":["WindmillStrike","BowlingBash","JustLucky"],"picked":"SKIP","floor":45.0},{"not_picked":["EmptyFist","Protect"],"picked":"BowlingBash+1","floor":46.0},{"not_picked":["EmptyFist","MentalFortress"],"picked":"Wallop+1","floor":47},{"not_picked":["CarveReality","ReachHeaven+1","CutThroughFate"],"picked":"FlurryOfBlows+1","floor":48}],"player_experience":713531,"relics_obtained":[{"floor":6.0,"key":"Girya"},{"floor":8.0,"key":"Potion Belt"},{"floor":9.0,"key":"Boot"},{"floor":13.0,"key":"Blue Candle"},{"floor":17.0,"key":"Ancient Tea Set"},{"floor":17.0,"key":"Meat on the Bone"},{"floor":17.0,"key":"Dead Branch"},{"floor":23.0,"key":"Bag of Preparation"},{"floor":26.0,"key":"Darkstone Periapt"},{"floor":29.0,"key":"Incense Burner"},{"floor":37.0,"key":"Thread and Needle"},{"floor":40.0,"key":"Dream Catcher"},{"floor":43.0,"key":"Damaru"},{"floor":47,"key":"Question Card"}],"event_choices":[{"damage_healed":0.0,"max_hp_gain":0.0,"max_hp_loss":0.0,"gold_gain":0.0,"event_name":"Shining Light","player_choice":"Entered Light","floor":3.0,"gold_loss":0.0,"damage_taken":14.0,"cards_upgraded":["Eruption","Defend_P"]},{"damage_healed":0.0,"max_hp_gain":5.0,"max_hp_loss":0.0,"gold_gain":0.0,"event_name":"Big Fish","player_choice":"Donut","floor":4.0,"gold_loss":0.0,"damage_taken":0.0},{"cards_removed":["Strike_P"],"damage_healed":0.0,"max_hp_gain":0.0,"max_hp_loss":0.0,"gold_gain":0.0,"event_name":"Purifier","player_choice":"Purged","floor":5.0,"gold_loss":0.0,"damage_taken":0.0},{"damage_healed":0.0,"max_hp_gain":0.0,"max_hp_loss":0.0,"gold_gain":0.0,"event_name":"Addict","player_choice":"Obtained Relic","floor":19.0,"gold_loss":85.0,"damage_taken":0.0,"relics_obtained":["Yang"]},{"damage_healed":0.0,"max_hp_gain":0.0,"max_hp_loss":0.0,"gold_gain":0.0,"event_name":"Ghosts","player_choice":"Ignored","floor":20.0,"gold_loss":0.0,"damage_taken":0.0},{"cards_removed":["Defend_P"],"damage_healed":0.0,"max_hp_gain":0.0,"max_hp_loss":0.0,"gold_gain":0.0,"event_name":"Designer","player_choice":"Upgrade and Remove","floor":21.0,"gold_loss":90.0,"damage_taken":0.0,"cards_upgraded":["Strike_P"]},{"cards_removed":["Strike_P"],"damage_healed":0.0,"max_hp_gain":0.0,"max_hp_loss":0.0,"gold_gain":0.0,"event_name":"Purifier","player_choice":"Purged","floor":28.0,"gold_loss":0.0,"damage_taken":0.0},{"damage_healed":0.0,"max_hp_gain":0.0,"max_hp_loss":0.0,"gold_gain":0.0,"event_name":"MindBloom","player_choice":"Fight","floor":37.0,"gold_loss":0.0,"damage_taken":0.0},{"damage_healed":0.0,"max_hp_gain":0.0,"max_hp_loss":0.0,"gold_gain":0.0,"event_name":"Winding Halls","player_choice":"Embrace Madness","floor":42.0,"gold_loss":0.0,"damage_taken":10.0,"cards_obtained":["Madness","Madness"]}],"is_beta":false,"boss_relics":[{"not_picked":["Ectoplasm","Tiny House"],"picked":"Calling Bell"},{"not_picked":["Sozu","Astrolabe"],"picked":"VioletLotus"}],"items_purged_floors":[2,36,39],"is_endless":false,"potions_floor_spawned":[8,14,16,18,23,33,40,45,47,48],"ascension_level":11}}