{"host":"0c22z74nxhh6l98a","time":1610913166,"event":{"mods":["BaseMod","BetterRewards","Card Forge","GungeonMod","Hubris","Infinite Spire","Minty Spire (QoL Compilation)","Potionbrewer","Shop Mod","StSLib"],"gold_per_floor":[119,138,150,225,129,163,163,198,198,212,247,273,273,301,301,402,402,413,425,425,443,443,443,469,469,469,486,486,503,503,534,534,639,639,658,671,504,504,504,532,95,109,135,135,163,163,192,207,207,207,207,207,75,107,107],"floor_reached":56,"language":"ENG","playtime":5956,"items_purged":[],"score":2869,"play_id":"e4e53b1b-088c-47c0-b7ab-b98616330b4d","local_time":"20210117135246","is_ascension_mode":true,"campfire_choices":[{"floor":15,"key":"RECALL"},{"data":"infinitespire:Collect","floor":23,"key":"SMITH"},{"data":"Reflex","floor":25,"key":"SMITH"},{"data":"Reflex","floor":32,"key":"SMITH"},{"data":"infinitespire:Neurotoxin","floor":44,"key":"SMITH"},{"data":"Venomology","floor":46,"key":"SMITH"},{"data":"A Thousand Cuts","floor":49,"key":"SMITH"},{"data":"Madness","floor":52,"key":"SMITH"}],"circlet_count":0,"master_deck":["After Image","A Thousand Cuts","Adrenaline","Venomology+1","Calculated Gamble+1","Blade Dance","Escape Plan","Noxious Fumes","Prepared","Reflex+1","hubris:Sniper","Tactician","Tools of the Trade","A Thousand Cuts","After Image","Adrenaline","Venomology+1","Calculated Gamble+1","Escape Plan","Envenom","infinitespire:Neurotoxin+1","Reflex+1","Prepared","Tactician","Envenom","Noxious Fumes","Caltrops","A Thousand Cuts+1","Prepared","infinitespire:Collect+1","Calculated Gamble+1","A Thousand Cuts","Caltrops","infinitespire:Neurotoxin+1","Prepared","Escape Plan","Madness+1","Prepared","hubris:Insight","Terror+1","Escape Plan+1","Escape Plan+1","Reflex"],"relics":["Ring of the Snake","Hammer of Thor","Seething Fire","MerchantsRug","Cauldron","Centennial Puzzle","Medical Kit","TheAbacus","infinitespire:PuzzleCube","DemoMod:GlassGuonStoneRelic","PreservedInsect","Tough Bandages","potionbrewer:ToyAutogyro","DemoMod:ResourcefulSack","Letter Opener","HoveringKite","potionbrewer:BhaskarasWheel","Molten Egg 2","potionbrewer:MortarAndPestle","potionbrewer:WarMedal","infinitespire:WardingShard","Nloth\u0027s Gift","Philosopher\u0027s Stone","Frozen Eye","Unceasing Top","Gremlin Horn","ClockworkSouvenir","Juzu Bracelet","Pen Nib","DemoMod:ClearGuonStone","Boot"],"acts_visited":["Exordium","TheCity","TheBeyond","TheEnding"],"potions_floor_usage":[0,2,3,3,8,8,8,11,11,12,12,12,16,16,18,18,19,21,21,21,21,21,21,27,27,29,29,31,33,33,35,35,36,36,36,36,36,36,40,45,45,50,50,50,53,54,55,55],"damage_taken":[{"damage":5,"enemies":"infinitespire:Voidling","floor":1,"turns":4},{"damage":0,"enemies":"Cultist","floor":2,"turns":1},{"damage":0,"enemies":"Jaw Worm","floor":3,"turns":3},{"damage":0,"enemies":"Gremlin Nob","floor":6,"turns":3},{"damage":0,"enemies":"3 Sentries","floor":8,"turns":5},{"damage":0,"enemies":"2 Fungi Beasts","floor":10,"turns":3},{"damage":0,"enemies":"Lagavulin","floor":11,"turns":2},{"damage":0,"enemies":"3 Louse","floor":12,"turns":4},{"damage":0,"enemies":"Gremlin Nob","floor":14,"turns":3},{"damage":0,"enemies":"The Guardian","floor":16,"turns":5},{"damage":0,"enemies":"Shell Parasite","floor":18,"turns":3},{"damage":0,"enemies":"Chosen","floor":19,"turns":3},{"damage":0,"enemies":"Sentry and Sphere","floor":21,"turns":3},{"damage":0,"enemies":"Book of Stabbing","floor":24,"turns":2},{"damage":0,"enemies":"Snecko","floor":27,"turns":1},{"damage":0,"enemies":"Shelled Parasite and Fungi","floor":29,"turns":2},{"damage":0,"enemies":"Gremlin Leader","floor":31,"turns":2},{"damage":0,"enemies":"Automaton","floor":33,"turns":3},{"damage":0,"enemies":"Orb Walker","floor":35,"turns":1},{"damage":0,"enemies":"3 Darklings","floor":36,"turns":2},{"damage":0,"enemies":"Reptomancer","floor":40,"turns":2},{"damage":0,"enemies":"Maw","floor":42,"turns":3},{"damage":0,"enemies":"Giant Head","floor":45,"turns":3},{"damage":0,"enemies":"Reptomancer","floor":47,"turns":2},{"damage":0,"enemies":"Jaw Worm Horde","floor":48,"turns":1},{"damage":0,"enemies":"infinitespire:MassOfShapes","floor":50,"turns":1},{"damage":0,"enemies":"Shield and Spear","floor":54,"turns":2},{"damage":0,"enemies":"The Heart","floor":55,"turns":3}],"seed_played":"1546022453703211629","potions_obtained":[{"floor":0,"key":"EntropicBrew"},{"floor":0,"key":"potionbrewer:StunPotion"},{"floor":0,"key":"Energy Potion"},{"floor":3,"key":"Swift Potion"},{"floor":14,"key":"potionbrewer:ToxicPotion"},{"floor":16,"key":"EntropicBrew"},{"floor":29,"key":"potionbrewer:ToxicPotion"}],"is_trial":false,"path_per_floor":["M","M","M","?","$","E","?","E","T","M","E","M","?","E","R","B",null,"M","M","AVR","M","?","R","E","R","T","M","?","M","?","E","R","B",null,"M","M","$","?","?","E","$","M","T","R","E","R","E","M","R","B",null,"R","$","E","B",null],"character_chosen":"THE_SILENT","items_purchased":["MerchantsRug","Cauldron","Centennial Puzzle","DemoMod:MonsterBlood","Medical Kit","TheAbacus","infinitespire:PuzzleCube","PreservedInsect","Frozen Eye","Prepared","Escape Plan","Gremlin Horn","ClockworkSouvenir","hubris:Insight","EntropicBrew","DuplicationPotion","GamblersBrew"],"campfire_rested":0,"item_purchase_floors":[0,0,0,0,0,0,0,5,37,37,37,41,41,41,53,53,53],"current_hp_per_floor":[70,70,70,59,59,59,59,59,59,59,59,59,62,62,62,62,76,76,76,76,76,76,76,76,76,76,76,76,80,80,87,87,87,87,87,87,87,87,87,87,87,87,87,87,87,87,87,87,87,87,87,87,87,87,87],"gold":107,"neow_bonus":"","is_daily":false,"chose_seed":false,"campfire_upgraded":7,"win_rate":0.0,"timestamp":1610913166,"path_taken":["M","M","?","?","$","E","?","E","T","M","E","M","?","E","R","BOSS","M","M","AVR","M","?","R","E","R","T","M","?","M","?","E","R","BOSS","M","?","$","?","?","E","$","M","T","R","E","R","E","M","R","BOSS","R","$","E","BOSS"],"items_purchased_type":["Relic","Relic","Relic","Relic","Relic","Relic","Relic","Relic","Relic","Card","Card","Relic","Relic","Card","Potion","Potion","Potion"],"build_version":"2020-12-22","purchased_purges":0,"victory":true,"max_hp_per_floor":[77,77,77,77,77,77,77,77,77,77,77,77,80,80,80,80,80,80,80,80,80,80,80,80,80,80,80,80,80,80,87,87,87,87,87,87,87,87,87,87,87,87,87,87,87,87,87,87,87,87,87,87,87,87,87],"card_choices":[{"not_picked":["Predator","Well Laid Plans","Deadly Poison"],"picked":"SKIP","floor":1},{"not_picked":["PiercingWail","Slice","Cloak And Dagger"],"picked":"SKIP","floor":2},{"not_picked":["Dagger Spray","Deadly Poison"],"picked":"Envenom","floor":3},{"not_picked":["Dash","All Out Attack"],"picked":"Noxious Fumes","floor":6},{"not_picked":["hubris:Counter","All Out Attack"],"picked":"Caltrops","floor":8},{"not_picked":["Backflip","Quick Slash","Bouncing Flask"],"picked":"SKIP","floor":10},{"not_picked":["hubris:Counter","Sucker Punch","Doppelganger"],"picked":"SKIP","floor":11},{"not_picked":["Poisoned Stab","Deflect","Dash"],"picked":"SKIP","floor":12},{"not_picked":["Dagger Spray","Outmaneuver","Doppelganger"],"picked":"SKIP","floor":14},{"not_picked":["Doppelganger","Grand Finale"],"picked":"A Thousand Cuts","floor":16},{"not_picked":["Acrobatics","hubris:SlightOfHand+1"],"picked":"Prepared","floor":18},{"not_picked":["hubris:SlightOfHand","PiercingWail","Slice+1"],"picked":"SKIP","floor":19},{"not_picked":["Dodge and Roll","Sucker Punch+1"],"picked":"Calculated Gamble+1","floor":21},{"not_picked":["Setup","Endless Agony+1"],"picked":"A Thousand Cuts","floor":24},{"not_picked":["Quick Slash+1","Poisoned Stab+1"],"picked":"Caltrops","floor":27},{"not_picked":["Cloak And Dagger+1","Flechettes+1","Blade Dance"],"picked":"SKIP","floor":29},{"not_picked":["Dagger Throw+1","Deflect+1","Leg Sweep"],"picked":"SKIP","floor":31},{"not_picked":["Envenom","Wraith Form v2"],"picked":"infinitespire:Neurotoxin","floor":33},{"not_picked":["Bane+1","Acrobatics","Blade Dance"],"picked":"SKIP","floor":35},{"not_picked":["Accuracy+1","hubris:Counter+1","Quick Slash+1"],"picked":"SKIP","floor":36},{"not_picked":["Bandage Up","Metamorphosis"],"picked":"Madness","floor":38},{"not_picked":["infinitespire:Neurotoxin","Storm of Steel"],"picked":"Prepared","floor":40},{"not_picked":["Infinite Blades+1","Deflect+1","Night Terror"],"picked":"SKIP","floor":42},{"not_picked":["Malaise","Infinite Blades+1"],"picked":"Terror+1","floor":45},{"not_picked":["Poisoned Stab+1","Bouncing Flask+1"],"picked":"Escape Plan+1","floor":47},{"not_picked":["Outmaneuver+1","Endless Agony+1"],"picked":"Escape Plan+1","floor":48},{"not_picked":["Wraith Form v2","Backstab+1"],"picked":"Reflex","floor":54}],"player_experience":873914,"relics_obtained":[{"floor":6,"key":"Tough Bandages"},{"floor":8,"key":"potionbrewer:ToyAutogyro"},{"floor":11,"key":"DemoMod:ResourcefulSack"},{"floor":14,"key":"Letter Opener"},{"floor":24,"key":"potionbrewer:MortarAndPestle"},{"floor":26,"key":"potionbrewer:WarMedal"},{"floor":31,"key":"Strawberry"},{"floor":40,"key":"Unceasing Top"},{"floor":43,"key":"Juzu Bracelet"},{"floor":45,"key":"Pen Nib"},{"floor":47,"key":"DemoMod:ClearGuonStone"},{"floor":54,"key":"Boot"}],"event_choices":[{"damage_healed":0,"gold_gain":75,"player_choice":"Gather Gold","damage_taken":11,"max_hp_gain":0,"max_hp_loss":0,"event_name":"World of Goop","floor":4,"gold_loss":0},{"damage_healed":0,"gold_gain":0,"player_choice":"Simplicity","damage_taken":0,"max_hp_gain":0,"max_hp_loss":0,"event_name":"Back to Basics","floor":22,"gold_loss":0,"cards_upgraded":[]},{"damage_healed":0,"gold_gain":0,"player_choice":"Opened","damage_taken":0,"relics_obtained":["infinitespire:WardingShard"],"max_hp_gain":0,"max_hp_loss":0,"event_name":"The Mausoleum","floor":28,"gold_loss":0,"cards_obtained":["Writhe"]},{"damage_healed":0,"gold_gain":0,"player_choice":"Traded Relic","damage_taken":0,"relics_obtained":["Nloth\u0027s Gift"],"max_hp_gain":0,"max_hp_loss":0,"event_name":"N\u0027loth","floor":30,"relics_lost":["Anvil of the Gods"],"gold_loss":0},{"damage_healed":0,"gold_gain":0,"player_choice":"Memory 1","damage_taken":0,"max_hp_gain":0,"max_hp_loss":0,"event_name":"SensoryStone","floor":38,"gold_loss":0},{"damage_healed":0,"gold_gain":0,"player_choice":"Ignored","damage_taken":0,"max_hp_gain":0,"max_hp_loss":0,"event_name":"Purifier","floor":39,"gold_loss":0}],"is_beta":false,"boss_relics":[{"not_picked":["hubris:GrandSneckoEye","Snecko Eye"],"picked":"HoveringKite"},{"not_picked":["Sozu","infinitespire:Cupcake"],"picked":"Philosopher\u0027s Stone"}],"items_purged_floors":[],"is_endless":false,"potions_floor_spawned":[3,11,14,16,24,29,31,42,45,48,54],"ascension_level":8}}