{"host":"7tqog9fnhs0gxmti","time":1610849698,"event":{"mods":["AchievementEnabler","Act Like it!","Astrologer","BaseMod","Colored Map","Colored Powertips","Highlight Path","Koishi","Minty Spire (QoL Compilation)","StSLib","The Cursed","The Hierophant","everything is the same but u backflip on backflip"],"gold_per_floor":[112,112,135,159,14,49,49,70,70,70,93,122,122,122],"floor_reached":13,"language":"ENG","playtime":545,"items_purged":["hierophant:Strike_Hierophant"],"score":87,"play_id":"0575b070-8f88-4bca-8cba-97c6c09ce089","local_time":"20210117101458","is_ascension_mode":false,"campfire_choices":[{"data":"hierophant:Doubloon","floor":7,"key":"SMITH"}],"circlet_count":0,"master_deck":["hierophant:Strike_Hierophant","hierophant:Strike_Hierophant","hierophant:Strike_Hierophant","hierophant:Punish+1","hierophant:Defend_Hierophant","hierophant:Defend_Hierophant","hierophant:Defend_Hierophant","hierophant:Defend_Hierophant","hierophant:ChurchCoffers","hierophant:OrnateJavelin","hierophant:Encroach","hierophant:OrnateBuckler","hierophant:CursedGold","hierophant:Doubloon+1","hierophant:RepressedViolence","hierophant:Doubloon"],"relics":["hierophant:PropheticMaskRelic","White Beast Statue","Mercury Hourglass","Vajra"],"acts_visited":["Exordium"],"potions_floor_usage":[6],"damage_taken":[{"damage":0,"enemies":"Cultist","floor":1,"turns":3},{"damage":6,"enemies":"Jaw Worm","floor":3,"turns":3},{"damage":5,"enemies":"Small Slimes","floor":4,"turns":4},{"damage":40,"enemies":"Lagavulin","floor":6,"turns":8},{"damage":2,"enemies":"Blue Slaver","floor":8,"turns":5},{"damage":9,"enemies":"3 Louse","floor":11,"turns":2},{"damage":1,"enemies":"Red Slaver","floor":12,"turns":4},{"damage":56,"enemies":"Gremlin Nob","floor":13,"turns":4}],"seed_played":"9060279865429488933","potions_obtained":[{"floor":1,"key":"Block Potion"},{"floor":3,"key":"Strength Potion"},{"floor":4,"key":"SkillPotion"},{"floor":6,"key":"Energy Potion"},{"floor":8,"key":"Explosive Potion"}],"is_trial":false,"path_per_floor":["M","T","M","M","$","E","R","M","T","$","M","M","E"],"character_chosen":"HIEROPHANT","items_purchased":["hierophant:CursedGold"],"campfire_rested":0,"item_purchase_floors":[5],"current_hp_per_floor":[75,75,69,64,64,24,24,22,22,22,13,12,0,0],"gold":122,"neow_bonus":"UPGRADE_CARD","is_daily":false,"chose_seed":false,"campfire_upgraded":1,"win_rate":0.0,"timestamp":1610849698,"path_taken":["M","?","M","M","?","E","R","M","T","$","?","M","E"],"items_purchased_type":["Card"],"build_version":"2020-12-22","purchased_purges":1,"victory":false,"max_hp_per_floor":[75,75,75,75,75,75,75,75,75,75,75,75,75,75],"card_choices":[{"not_picked":["hierophant:PristineSoul","hierophant:MorningPrayer"],"picked":"hierophant:OrnateJavelin","floor":1},{"not_picked":["hierophant:Mercenaries","hierophant:Smite"],"picked":"hierophant:Encroach","floor":3},{"not_picked":["hierophant:Doubloon","hierophant:Empathy"],"picked":"hierophant:OrnateBuckler","floor":4},{"not_picked":["hierophant:Sermon","hierophant:Racketeering"],"picked":"hierophant:RepressedViolence","floor":6},{"not_picked":["hierophant:Alms","hierophant:Zeal","hierophant:SealAway"],"picked":"SKIP","floor":8},{"not_picked":["hierophant:CursedGold","hierophant:EyeForCoin"],"picked":"hierophant:Doubloon","floor":11},{"not_picked":["hierophant:HolyVerse","hierophant:Chorus","hierophant:Zeal"],"picked":"SKIP","floor":12}],"player_experience":753868,"relics_obtained":[{"floor":2,"key":"White Beast Statue"},{"floor":6,"key":"Mercury Hourglass"},{"floor":9,"key":"Vajra"}],"event_choices":[],"is_beta":false,"boss_relics":[],"items_purged_floors":[5],"is_endless":false,"potions_floor_spawned":[1,3,4,6,8,11,12],"killed_by":"Gremlin Nob","ascension_level":0}}