{"host":"6p0attdrtjqaih7v","time":1610868270,"event":{"mods":["2.2 Compatiblity","AchievementEnabler","Bard","BaseMod","Better Skull","Better Third Choice","Colored Powertips","Hermit","Highlight Path","Jorbs\u0027s Wanderer Trilogy","Key Reminder","Minty Spire (QoL Compilation)","Permanent Neow","Quick Restart","Random Character Button","Relic Stats","Replay The Spire","Robot Space Explorer","StSLib"],"gold_per_floor":[210,224,234,234,234,178,178,197,197,211,236,253,253,286,286,365,365,376,301,313,313,313],"floor_reached":21,"language":"ENG","playtime":843,"items_purged":[],"score":382,"play_id":"51c69611-9317-4cc1-94fc-dc4ed6a1540e","local_time":"20210117022430","is_ascension_mode":true,"campfire_choices":[{"data":"Bash","floor":7,"key":"SMITH"},{"data":"Carnage","floor":13,"key":"SMITH"},{"data":"Berserk","floor":15,"key":"SMITH"}],"circlet_count":0,"master_deck":["AscendersBane","Strike_R","Strike_R","Strike_R","Defend_R","Defend_R","Defend_R","Defend_R","Bash+1","Iron Wave","Sword Boomerang","Carnage+1","Twin Strike","Berserk+1","Shockwave","Pommel Strike","Thunderclap","Fiend Fire","Warcry+1","Pommel Strike"],"relics":["Burning Blood","ReplayFunnel","Dream Catcher","Runic Cube"],"acts_visited":["Exordium","TheCity"],"potions_floor_usage":[11,14,14,20,21],"damage_taken":[{"damage":3,"enemies":"2 Louse","floor":1,"turns":4},{"damage":1,"enemies":"Cultist","floor":2,"turns":3},{"damage":13,"enemies":"Small Slimes","floor":3,"turns":4},{"damage":8,"enemies":"Blue Slaver","floor":8,"turns":3},{"damage":7,"enemies":"Looter","floor":10,"turns":3},{"damage":3,"enemies":"Gremlin Nob","floor":11,"turns":3},{"damage":6,"enemies":"Exordium Wildlife","floor":12,"turns":4},{"damage":11,"enemies":"3 Sentries","floor":14,"turns":6},{"damage":33,"enemies":"The Guardian","floor":16,"turns":12},{"damage":29,"enemies":"3 Byrds","floor":18,"turns":4},{"damage":22,"enemies":"Shell Parasite","floor":20,"turns":5},{"damage":42,"enemies":"Centurion and Healer","floor":21,"turns":4}],"seed_played":"-6271184761539636819","potions_obtained":[{"floor":2,"key":"Fire Potion"},{"floor":3,"key":"Strength Potion"},{"floor":11,"key":"Elixir"},{"floor":14,"key":"DuplicationPotion"},{"floor":18,"key":"Block Potion"}],"is_trial":false,"path_per_floor":["M","M","M","?","$","$","R","M","T","M","E","M","R","E","R","B",null,"M","?","M","M"],"character_chosen":"IRONCLAD","items_purchased":["Twin Strike"],"campfire_rested":0,"item_purchase_floors":[6],"current_hp_per_floor":[71,75,68,68,68,68,68,66,66,65,68,68,68,63,63,36,65,42,42,26,0,0],"gold":313,"neow_bonus":"HUNDRED_GOLD","is_daily":false,"chose_seed":false,"campfire_upgraded":3,"win_rate":0.0,"timestamp":1610868270,"path_taken":["M","M","M","?","?","$","R","?","T","?","E","M","R","E","R","BOSS","M","?","M","M"],"items_purchased_type":["Card"],"build_version":"2020-12-22","purchased_purges":0,"victory":false,"max_hp_per_floor":[75,75,75,75,75,75,75,75,75,75,75,75,75,75,75,75,75,75,75,75,75,75],"relic_stats":{"Dream Catcher":0,"counters":[12,55],"obtain_stats":[{"ReplayFunnel":9,"Dream Catcher":14,"Burning Blood":0,"Runic Cube":17},{"ReplayFunnel":4,"Dream Catcher":8,"Burning Blood":0,"Runic Cube":9},{"ReplayFunnel":14,"Dream Catcher":30,"Burning Blood":0,"Runic Cube":42}],"Burning Blood":65,"Runic Cube":[19]},"card_choices":[{"not_picked":["Armaments","Wild Strike"],"picked":"Iron Wave","floor":1},{"not_picked":["Havoc","Rage"],"picked":"Sword Boomerang","floor":2},{"not_picked":["Sword Boomerang","Dropkick"],"picked":"Carnage","floor":3},{"not_picked":["Body Slam","Sever Soul"],"picked":"Berserk","floor":8},{"not_picked":["True Grit","Feel No Pain"],"picked":"Shockwave","floor":10},{"not_picked":["Searing Blow","Entrench"],"picked":"Pommel Strike","floor":11},{"not_picked":["Carnage","Uppercut","Havoc"],"picked":"SKIP","floor":12},{"not_picked":["Intimidate","Ghostly Armor"],"picked":"Thunderclap","floor":14},{"not_picked":["Corruption","Impervious"],"picked":"Fiend Fire","floor":16},{"not_picked":["Sword Boomerang","Uppercut"],"picked":"Warcry+1","floor":18},{"not_picked":["Hemokinesis","Heavy Blade"],"picked":"Pommel Strike","floor":20}],"player_experience":864287,"relics_obtained":[{"floor":9,"key":"ReplayFunnel"},{"floor":14,"key":"Dream Catcher"}],"event_choices":[{"cards_removed":["Strike_R"],"damage_healed":0,"gold_gain":0,"player_choice":"Card Removal","damage_taken":0,"max_hp_gain":0,"max_hp_loss":0,"event_name":"Wheel of Change","floor":4,"gold_loss":0},{"cards_removed":["Strike_R"],"damage_healed":0,"gold_gain":0,"player_choice":"Gave Gold","damage_taken":0,"max_hp_gain":0,"max_hp_loss":0,"event_name":"Beggar","floor":19,"gold_loss":75}],"is_beta":false,"boss_relics":[{"not_picked":["Runic Dome","Tiny House"],"picked":"Runic Cube"}],"items_purged_floors":[],"is_endless":false,"potions_floor_spawned":[2,3,11,14,18],"killed_by":"Centurion and Healer","ascension_level":20}}