{"host":"gk9qdtkqd8dwfeg2","time":1610882679,"event":{"mods":["Act Like it!","Aspiration","BaseMod","Colored Powertips","KomeijiMod","Minty Spire (QoL Compilation)","Quick Restart","Replay The Spire","Shop Mod","StSLib","TestMod","The Gatherer","The Servant 0.9.4","Waifu the Spire","WarShipGirlsR/战舰少女R mod","Yuri Mod"],"gold_per_floor":[115,40,40,40,140,171,171,190,190,224,242,242,252,266,266,343,343,362,412,412,412,250,250,278,278,346,379,379,397,117,153,153,241,241,265,139,139,539,564,564,608,608,608,651,631,673,8,8,8,33,41,41,41,3,38,38],"floor_reached":57,"language":"ZHS","playtime":1865,"items_purged":["Overencumbered","ReplayTheSpireMod:Restless Dread"],"score":3171,"play_id":"caacd4e2-d4c6-4711-b026-65947c731d4c","local_time":"20210117192439","is_ascension_mode":true,"campfire_choices":[{"data":"Zap","floor":7.0,"key":"SMITH"},{"data":"Beam Cell","floor":15.0,"key":"SMITH"},{"data":"Meteor Strike","floor":23.0,"key":"SMITH"},{"data":"Self Repair","floor":25.0,"key":"SMITH"},{"data":"Reprogram","floor":28.0,"key":"SMITH"},{"data":"Calculated Gamble","floor":32.0,"key":"SMITH"},{"data":"Thunder Strike","floor":40,"key":"SMITH"},{"floor":42,"key":"RECALL"},{"data":"ReplayTheSpireMod:Speed Training","floor":49,"key":"SMITH"},{"data":"Gash","floor":53,"key":"SMITH"}],"circlet_count":0,"master_deck":["AscendersBane","Defend_B","Zap+1","Dualcast+1","ReplayTheSpireMod:Doomed","Clumsy","Beam Cell+1","Thunder Strike+1","Meteor Strike+1","Gash+1","ReplayTheSpireMod:Speed Training+1","Calculated Gamble+1","Self Repair+1","Reprogram+1","Echo Form","Gash+1","Skim+1","testmod-DisillusionmentEcho+1"],"relics":["Cracked Core","NeowsBlessing","Ring of Misfortune","ReplayTheSpireMod:Ring of Exchange","Replay:Bottled Flurry","testmod-Laevatain","Snack Pack","Replay:Drink Me","Replay:Ringing Soul","MerchantsRug","The Courier","Blue Doll","Sundial","aspiration:ChemicalBlood","aspiration:Lifesprig","Symbiotic Virus","Ice Cream","Replay:WaspNest","Bag of Preparation","testmod-RainbowHikingShoes","Art of War"],"acts_visited":["Exordium","TheCity","TheBeyond","TheEnding"],"potions_floor_usage":[35,50,51,51,56,56,56,56,56],"damage_taken":[{"damage":0.0,"enemies":"2 Louse","floor":1.0,"turns":1.0},{"damage":0.0,"enemies":"3 Sentries","floor":6.0,"turns":1.0},{"damage":0.0,"enemies":"Jaw Worm","floor":8.0,"turns":1.0},{"damage":8.0,"enemies":"Gremlin Nob","floor":10.0,"turns":3.0},{"damage":0.0,"enemies":"Cultist","floor":11.0,"turns":3.0},{"damage":0.0,"enemies":"Looter","floor":13.0,"turns":2.0},{"damage":0.0,"enemies":"Blue Slaver","floor":14.0,"turns":2.0},{"damage":46.0,"enemies":"Fading Forest","floor":16.0,"turns":13.0},{"damage":0.0,"enemies":"2 Thieves","floor":18.0,"turns":2.0},{"damage":15.0,"enemies":"Replay:Snechameleon","floor":24.0,"turns":2.0},{"damage":0.0,"enemies":"Book of Stabbing","floor":27.0,"turns":4.0},{"damage":15.0,"enemies":"Shell Parasite","floor":29.0,"turns":3.0},{"damage":4.0,"enemies":"Replay:Snechameleon","floor":31.0,"turns":3.0},{"damage":0.0,"enemies":"Champ","floor":33.0,"turns":6.0},{"damage":36,"enemies":"3 Darklings","floor":35,"turns":3},{"damage":3,"enemies":"3 Shapes","floor":39,"turns":4},{"damage":2,"enemies":"R_Hoarder","floor":41,"turns":3},{"damage":24,"enemies":"Nemesis","floor":44,"turns":3},{"damage":0,"enemies":"Giant Head","floor":46,"turns":4},{"damage":1,"enemies":"Awakened One","floor":50,"turns":3},{"damage":30,"enemies":"Time Eater","floor":51,"turns":3},{"damage":0,"enemies":"Shield and Spear","floor":55,"turns":1},{"damage":67,"enemies":"The Heart","floor":56,"turns":4}],"seed_played":"7776625348734996182","potions_obtained":[{"floor":1.0,"key":"Death Potion"},{"floor":10.0,"key":"EssenceOfSteel"},{"floor":11.0,"key":"GamblersBrew"},{"floor":14.0,"key":"Fire Potion"},{"floor":27.0,"key":"PowerPotion"},{"floor":33.0,"key":"Elixir"},{"floor":41,"key":"JyouchiReiPotion"},{"floor":44,"key":"Elixir"}],"is_trial":false,"path_per_floor":["M","?","?","$","?","E","R","M","T","E","M","?","M","M","R","B",null,"M","?","T","?","$","R","E","R","T","E","R","M","$","E","R","B",null,"M","$","?","?","M","R","E","R","T","E","?","E","$","?","R","B","B",null,"R","$","E","B",null],"character_chosen":"DEFECT","items_purchased":["MerchantsRug","Sundial","testmod-Acrobat","aspiration:ChemicalBlood","Replay:Wax Seal","Bag of Preparation","testmod-RainbowHikingShoes","Pear","testmod-DisillusionmentEcho+1","DistilledChaos","CultistPotion"],"campfire_rested":0,"item_purchase_floors":[22,30,30,36,36,47,47,47,54,54,54],"current_hp_per_floor":[64,64,64,64,64,64,64,64,64,56,58,58,60,60,60,39,50,50,50,50,53,53,53,43,43,43,58,58,53,53,59,59,66,66,47,47,47,47,56,56,68,68,68,60,60,72,82,82,82,82,64,78,78,81,85,59],"gold":38,"neow_bonus":"THREE_ENEMY_KILL","is_daily":false,"chose_seed":false,"campfire_upgraded":9,"win_rate":0.0,"timestamp":1610882679,"path_taken":["M","?","?","$","?","E","R","?","T","E","M","?","M","M","R","BOSS","M","?","?","?","$","R","E","R","T","E","R","M","$","E","R","BOSS","M","$","?","?","M","R","E","R","T","E","?","E","$","?","R","BOSS","BOSS","R","$","E","BOSS"],"items_purchased_type":["Relic","Relic","Relic","Relic","Relic","Relic","Relic","Relic","Card","Potion","Potion"],"build_version":"2020-12-22","purchased_purges":2,"victory":true,"max_hp_per_floor":[71,71,71,71,71,71,71,71,71,71,71,71,71,71,71,71,54,54,54,54,57,57,57,60,60,60,63,63,63,63,63,63,66,66,69,69,69,69,69,69,69,69,69,72,72,72,82,82,82,82,82,82,82,85,85,85],"card_choices":[{"not_picked":["aspiration:Polymerization","Leap","Sweeping Beam"],"picked":"SKIP","floor":1.0},{"not_picked":["Fusion","Sweeping Beam","Heatsinks"],"picked":"SKIP","floor":6.0},{"not_picked":["Streamline","Turbo","BasicCrystalCard"],"picked":"SKIP","floor":8.0},{"not_picked":["Leap","Electrodynamics","Steam"],"picked":"SKIP","floor":10.0},{"not_picked":["Conserve Battery","Crystallizer"],"picked":"Beam Cell","floor":11.0},{"not_picked":["FTL","Chill","Hologram"],"picked":"SKIP","floor":13.0},{"not_picked":["Beam Cell","Auto Shields","Sweeping Beam"],"picked":"SKIP","floor":14.0},{"not_picked":["Hyperbeam","ReplayTheSpireMod:Omega Cannon"],"picked":"Meteor Strike","floor":16.0},{"not_picked":["Coolheaded","Steam"],"picked":"Gash","floor":18.0},{"not_picked":["Darkness","FTL"],"picked":"Self Repair","floor":24.0},{"not_picked":["White Noise","Coolheaded"],"picked":"Reprogram","floor":27.0},{"not_picked":["Compile Driver","Conserve Battery","Panic Button"],"picked":"SKIP","floor":29.0},{"not_picked":["Leap","Static Discharge","Time Bomb"],"picked":"SKIP","floor":31.0},{"not_picked":["Mirror Shield","ReplayTheSpireMod:Omega Cannon"],"picked":"Echo Form","floor":33.0},{"not_picked":["Sweeping Beam","Coolheaded"],"picked":"Gash+1","floor":35},{"not_picked":["Ball Lightning+1","Rip and Tear+1","Storm+1"],"picked":"SKIP","floor":39},{"not_picked":["Auto Shields+1","Heatsinks","BasicCrystalCard"],"picked":"SKIP","floor":41},{"not_picked":["Turbo","Cold Snap"],"picked":"Skim","floor":44},{"not_picked":["Core Surge","ReplayTheSpireMod:Repulse","Sweeping Beam+1"],"picked":"SKIP","floor":46},{"not_picked":["Panic Button","Hologram","Streamline"],"picked":"SKIP","floor":55}],"player_experience":646063,"relics_obtained":[{"floor":3.0,"key":"Ring of Misfortune"},{"floor":3.0,"key":"ReplayTheSpireMod:Ring of Exchange"},{"floor":6.0,"key":"Replay:Bottled Flurry"},{"floor":9.0,"key":"testmod-Laevatain"},{"floor":10.0,"key":"Snack Pack"},{"floor":20.0,"key":"Replay:Ringing Soul"},{"floor":24.0,"key":"The Courier"},{"floor":27.0,"key":"Blue Doll"},{"floor":31.0,"key":"Juzu Bracelet"},{"floor":41,"key":"Symbiotic Virus"},{"floor":43,"key":"Ice Cream"},{"floor":44,"key":"Replay:WaspNest"},{"floor":46,"key":"Torii"},{"floor":55,"key":"Art of War"}],"event_choices":[{"cards_removed":["Strike_B"],"damage_healed":0.0,"max_hp_gain":0.0,"max_hp_loss":0.0,"gold_gain":0.0,"event_name":"The Cleric","player_choice":"Card Removal","floor":2.0,"gold_loss":75.0,"damage_taken":0.0},{"damage_healed":0.0,"max_hp_gain":0.0,"max_hp_loss":0.0,"gold_gain":100.0,"event_name":"Wheel of Change","player_choice":"Gold","floor":5.0,"gold_loss":0.0,"damage_taken":0.0},{"damage_healed":0.0,"max_hp_gain":0.0,"max_hp_loss":0.0,"gold_gain":50.0,"event_name":"Nest","player_choice":"Stole From Cult","floor":19.0,"gold_loss":0.0,"damage_taken":0.0},{"cards_removed":["Heel Hook"],"damage_healed":0,"gold_gain":0,"player_choice":"Gave Card","damage_taken":0,"relics_obtained":["aspiration:Lifesprig"],"max_hp_gain":0,"max_hp_loss":0,"event_name":"WeMeetAgain","floor":37,"gold_loss":0},{"damage_healed":0,"gold_gain":400,"player_choice":"Sell","damage_taken":0,"max_hp_gain":0,"max_hp_loss":0,"event_name":"恩洛斯的盘子","floor":38,"relics_lost":["testmod-TestBox"],"gold_loss":0},{"damage_healed":0,"gold_gain":0,"player_choice":"Forge","damage_taken":0,"max_hp_gain":0,"max_hp_loss":0,"event_name":"Accursed Blacksmith","floor":48,"gold_loss":0,"cards_upgraded":["Skim"]}],"is_beta":false,"boss_relics":[{"not_picked":["testmod-BloodSacrificeSpiritualization","PrismaticShard"],"picked":"Replay:Drink Me"},{"not_picked":["Runic Dome","Toolbox"],"picked":"aspiration:RandomNobGenerator"}],"items_purged_floors":[36,47],"is_endless":false,"potions_floor_spawned":[1,10,11,14,27,31,33,41,44],"ascension_level":20}}