{"host":"leop","time":1610877266,"event":{"mods":["ATMod(°¢èªMod)","Act Like it!","BaseMod","GifTheSpireLib","Minty Spire (QoL Compilation)","MostiFishMod","Shop Mod","Spicy Shops","StSLib","TestMod","[IsaacMod]ÒÔÈö¼âËþ","¡¾ÒÅÎï¿¨ÅÆ¡¿REMEMod"],"gold_per_floor":[112,112,128,147,158,158,184,197,197,232,245,70,70,85,85,85,85],"floor_reached":16,"language":"ZHS","playtime":557,"items_purged":["Defend_P","Defend_P"],"score":328,"play_id":"3f7f0bf6-5e40-4466-b82a-695f5e861276","local_time":"20210117175426","is_ascension_mode":true,"campfire_choices":[{"data":"Eruption","floor":6.0,"key":"SMITH"},{"data":"Blade Dance","floor":15.0,"key":"SMITH"}],"circlet_count":0,"master_deck":["AscendersBane","Strike_P","Strike_P","Strike_P","Strike_P","Defend_P","Eruption+1","Vigilance","AT_FamilyPortrait","Dual Wield","Meditate","Blade Dance+1","Blade Dance+1","Whirlwind"],"relics":["PureWater","testmod-TestBox","DaveBox","REME_ComplimentaryCards","AT_ATBox","HushsDoor","testmod-IWantAll","PrismaticShard","PillsDrop","NeowsBlessing","SynthV:TestCard","Toxic Egg 2","SatanicBible"],"acts_visited":["Exordium"],"potions_floor_usage":[16],"damage_taken":[{"damage":0.0,"enemies":"Jaw Worm","floor":1.0,"turns":1.0},{"damage":0.0,"enemies":"Cultist","floor":3.0,"turns":1.0},{"damage":0.0,"enemies":"2 Louse","floor":4.0,"turns":1.0},{"damage":9.0,"enemies":"2 Fungi Beasts","floor":5.0,"turns":4.0},{"damage":22.0,"enemies":"3 Sentries","floor":7.0,"turns":7.0},{"damage":0.0,"enemies":"Exordium Thugs","floor":8.0,"turns":5.0},{"damage":0.0,"enemies":"Gremlin Nob","floor":10.0,"turns":2.0},{"damage":8.0,"enemies":"3 Louse","floor":11.0,"turns":2.0},{"damage":0.0,"enemies":"Exordium Wildlife","floor":14.0,"turns":2.0},{"damage":10,"enemies":"Hexaghost","floor":16,"turns":4}],"seed_played":"4577766788144312485","potions_obtained":[{"floor":3.0,"key":"Fire Potion"},{"floor":10.0,"key":"LiquidMemories"},{"floor":11.0,"key":"FearPotion"}],"is_trial":false,"path_per_floor":["M","?","M","M","M","R","E","M","T","E","M","$","?","M","R","B"],"character_chosen":"WATCHER","items_purchased":[],"campfire_rested":0,"item_purchase_floors":[],"current_hp_per_floor":[61,46,46,46,37,37,15,15,15,15,10,10,10,10,10,0,0],"gold":85,"neow_bonus":"THREE_ENEMY_KILL","is_daily":false,"chose_seed":false,"campfire_upgraded":2,"win_rate":0.0,"timestamp":1610877266,"path_taken":["M","?","M","M","M","R","E","M","T","E","M","?","?","M","R","BOSS"],"items_purchased_type":[],"build_version":"2020-12-18","purchased_purges":2,"victory":false,"max_hp_per_floor":[68,68,68,68,68,68,68,68,68,68,71,71,71,71,71,71,71],"card_choices":[{"not_picked":["Backflip","Rage","AT_IchimonjiDouble"],"picked":"SKIP","floor":1.0},{"not_picked":["Slice","Dagger Throw","Thunderclap","Reckless Charge"],"picked":"Dual Wield","floor":3.0},{"not_picked":["Coolheaded","Tactician","FollowUp","Flex"],"picked":"Meditate","floor":4.0},{"not_picked":["AT_ThunderBolt","MostiFishMod:PushDownKick","Redo","Shrug It Off"],"picked":"Blade Dance","floor":5.0},{"not_picked":["Pommel Strike","MostiFishMod:PushDownKick","Clash","Grand Finale","Heavy Blade"],"picked":"SKIP","floor":7.0},{"not_picked":["Shrug It Off+1","Anger","Deadly Poison+1","testmod-Collector"],"picked":"Whirlwind","floor":8.0},{"not_picked":["Headbutt","Skewer","Forethought+1","AT_TinkerSharpsword+1","White Noise+1"],"picked":"SKIP","floor":10.0},{"not_picked":["Panacea+1","Sanctity+1","Perseverance+1","Catalyst+1","Flex+1"],"picked":"SKIP","floor":11.0},{"not_picked":["Blade Dance+1","Bouncing Flask+1","Clash","Redo+1","PiercingWail+1"],"picked":"SKIP","floor":14.0}],"player_experience":1097746,"relics_obtained":[{"floor":1.0,"key":"SynthV:TestCard"},{"floor":7.0,"key":"Toxic Egg 2"},{"floor":10.0,"key":"SatanicBible"}],"event_choices":[{"cards_removed":["Defend_P"],"damage_healed":0.0,"max_hp_gain":0.0,"max_hp_loss":0.0,"gold_gain":0.0,"event_name":"Living Wall","player_choice":"Forget","floor":13.0,"gold_loss":0.0,"damage_taken":0.0}],"is_beta":true,"boss_relics":[],"items_purged_floors":[12,12],"is_endless":false,"potions_floor_spawned":[3,10,11],"killed_by":"Hexaghost","ascension_level":20}}