{"host":"oehe2dxjvdgux73m","time":1610861505,"event":{"mods":["AchievementEnabler","BaseMod","Colored Map","Colored Powertips","DeckTracker","Keyboard Shortcuts","Minty Spire (QoL Compilation)","Permanent Neow","Quick Restart","StSLib","SuperFastMode"],"gold_per_floor":[365,292,305,305,323,340,415,415,415,443,60,76,76,86,86,181,181,193,206,223,322,25,25,52,62,134,134,134,134,134,148,148,148,148],"floor_reached":33,"language":"KOR","playtime":1267,"items_purged":["Defend_R"],"score":427,"play_id":"b2f227a5-e7ce-4f4e-84cf-80ac1d1c71e2","local_time":"20210117143145","is_ascension_mode":true,"campfire_choices":[{"data":"Battle Trance","floor":8.0,"key":"SMITH"},{"data":"Body Slam","floor":15.0,"key":"SMITH"},{"floor":23.0,"key":"REST"},{"floor":30,"key":"REST"},{"floor":32,"key":"REST"}],"circlet_count":0,"master_deck":["AscendersBane","Strike_R","Strike_R","Strike_R","Strike_R","Strike_R","Defend_R","Defend_R","Defend_R","Bash","Twin Strike","Pommel Strike+1","Shrug It Off","Battle Trance","Battle Trance+1","Body Slam+1","Parasite","Headbutt","Offering","Wild Strike","Pommel Strike","Flame Barrier","Seeing Red","Ghostly Armor","Battle Trance+1","Perfected Strike","Perfected Strike","Second Wind","Feel No Pain+1","Twin Strike"],"relics":["Burning Blood","Gambling Chip","Peace Pipe","Dead Branch","Mark of Pain","Dream Catcher","Orrery","Art of War","Mercury Hourglass"],"acts_visited":["Exordium","TheCity"],"potions_floor_usage":[33],"damage_taken":[{"damage":11.0,"enemies":"Cultist","floor":1.0,"turns":4.0},{"damage":0.0,"enemies":"Small Slimes","floor":3.0,"turns":3.0},{"damage":2.0,"enemies":"Jaw Worm","floor":5.0,"turns":4.0},{"damage":6.0,"enemies":"Blue Slaver","floor":6.0,"turns":4.0},{"damage":34.0,"enemies":"Gremlin Nob","floor":10.0,"turns":5.0},{"damage":7.0,"enemies":"Gremlin Gang","floor":12.0,"turns":4.0},{"damage":7.0,"enemies":"Exordium Wildlife","floor":14.0,"turns":3.0},{"damage":5.0,"enemies":"Slime Boss","floor":16.0,"turns":6.0},{"damage":29.0,"enemies":"3 Byrds","floor":18.0,"turns":6.0},{"damage":16.0,"enemies":"Shell Parasite","floor":19.0,"turns":3.0},{"damage":26.0,"enemies":"Snecko","floor":20.0,"turns":4.0},{"damage":27.0,"enemies":"Gremlin Leader","floor":24.0,"turns":5.0},{"damage":6.0,"enemies":"3 Cultists","floor":25.0,"turns":4.0},{"damage":6,"enemies":"Cultist and Chosen","floor":31,"turns":3},{"damage":73,"enemies":"Champ","floor":33,"turns":10}],"seed_played":"-8490060248485055539","potions_obtained":[{"floor":10.0,"key":"LiquidMemories"},{"floor":12.0,"key":"EssenceOfSteel"},{"floor":14.0,"key":"FearPotion"},{"floor":18.0,"key":"Dexterity Potion"},{"floor":20.0,"key":"DistilledChaos"}],"is_trial":false,"path_per_floor":["M","$","M","?","M","M","?","R","T","E","$","M","?","M","R","B",null,"M","M","M","?","$","R","E","M","T","?","$","$","R","M","R","B"],"character_chosen":"IRONCLAD","items_purchased":["Pommel Strike","Explosive Potion","Dead Branch","Dream Catcher","Orrery"],"campfire_rested":3,"item_purchase_floors":[2,2,11,22,22],"current_hp_per_floor":[46,46,52,52,56,56,45,45,45,17,17,16,36,35,35,36,69,46,36,16,16,16,40,19,19,19,19,19,19,43,43,67,0,0],"gold":148,"neow_bonus":"TWO_FIFTY_GOLD","is_daily":false,"chose_seed":false,"campfire_upgraded":2,"win_rate":0.0,"timestamp":1610861505,"path_taken":["M","$","?","?","M","M","?","R","T","E","?","?","?","M","R","BOSS","M","M","M","?","$","R","E","M","T","?","$","?","R","M","R","BOSS"],"items_purchased_type":["Card","Potion","Relic","Relic","Relic"],"build_version":"2020-12-22","purchased_purges":1,"victory":false,"max_hp_per_floor":[80,80,80,80,80,80,80,80,80,80,80,80,80,80,80,80,80,80,80,80,80,80,80,80,80,80,80,80,80,80,80,80,80,80],"card_choices":[{"not_picked":["Clothesline","Cleave"],"picked":"Twin Strike","floor":1.0},{"not_picked":["Headbutt","Rupture"],"picked":"Shrug It Off","floor":3.0},{"not_picked":["Havoc","Clothesline"],"picked":"Battle Trance","floor":5.0},{"not_picked":["Fire Breathing","Iron Wave"],"picked":"Battle Trance","floor":6.0},{"not_picked":["Anger","Rupture","Uppercut"],"picked":"SKIP","floor":10.0},{"not_picked":["Pommel Strike","Sever Soul"],"picked":"Body Slam","floor":12.0},{"not_picked":["Pommel Strike","Iron Wave"],"picked":"Headbutt","floor":14.0},{"not_picked":["Impervious","Demon Form"],"picked":"Offering","floor":16.0},{"not_picked":["Warcry","Heavy Blade"],"picked":"Wild Strike","floor":18.0},{"not_picked":["Reckless Charge","Anger"],"picked":"Pommel Strike","floor":19.0},{"not_picked":["True Grit","Iron Wave"],"picked":"Flame Barrier","floor":20.0},{"not_picked":["Cleave","Clothesline"],"picked":"Seeing Red","floor":22.0},{"not_picked":["Metallicize","Cleave"],"picked":"Ghostly Armor","floor":22.0},{"not_picked":["Dropkick","Searing Blow"],"picked":"Battle Trance+1","floor":22.0},{"not_picked":["Juggernaut","Seeing Red+1"],"picked":"Perfected Strike","floor":22.0},{"not_picked":["Bloodletting","Second Wind"],"picked":"Perfected Strike","floor":23.0},{"not_picked":["Sword Boomerang","Shrug It Off"],"picked":"Second Wind","floor":24.0},{"not_picked":["Armaments","Sword Boomerang","Body Slam"],"picked":"SKIP","floor":25.0},{"not_picked":["Sword Boomerang","Searing Blow+1"],"picked":"Feel No Pain+1","floor":31},{"not_picked":["Sword Boomerang","Shrug It Off"],"picked":"Twin Strike","floor":32}],"player_experience":253995,"relics_obtained":[{"floor":9.0,"key":"Gambling Chip"},{"floor":10.0,"key":"Peace Pipe"},{"floor":24.0,"key":"Art of War"},{"floor":26.0,"key":"Mercury Hourglass"}],"event_choices":[{"damage_healed":0.0,"max_hp_gain":0.0,"max_hp_loss":0.0,"gold_gain":0.0,"event_name":"Living Wall","player_choice":"Grow","floor":4.0,"gold_loss":0.0,"damage_taken":0.0,"cards_upgraded":["Pommel Strike"]},{"damage_healed":0.0,"max_hp_gain":0.0,"max_hp_loss":0.0,"gold_gain":75.0,"event_name":"World of Goop","player_choice":"Gather Gold","floor":7.0,"gold_loss":0.0,"damage_taken":11.0},{"damage_healed":20.0,"max_hp_gain":0.0,"max_hp_loss":0.0,"gold_gain":0.0,"event_name":"Mushrooms","player_choice":"Healed and dodged fight","floor":13.0,"gold_loss":0.0,"damage_taken":0.0,"cards_obtained":["Parasite"]},{"damage_healed":0.0,"max_hp_gain":0.0,"max_hp_loss":0.0,"gold_gain":99.0,"event_name":"Nest","player_choice":"Stole From Cult","floor":21.0,"gold_loss":0.0,"damage_taken":0.0},{"damage_healed":0.0,"max_hp_gain":0.0,"max_hp_loss":0.0,"gold_gain":0.0,"event_name":"Ghosts","player_choice":"Ignored","floor":27.0,"gold_loss":0.0,"damage_taken":0.0}],"is_beta":false,"boss_relics":[{"not_picked":["Busted Crown","SlaversCollar"],"picked":"Mark of Pain"}],"items_purged_floors":[11],"is_endless":false,"potions_floor_spawned":[10,12,14,18,20],"killed_by":"Champ","ascension_level":12}}