{"host":"l4kdldlios54gl54","time":1610926577,"event":{"mods":["AchievementEnabler","BaseMod","Colored Map","Colored Powertips","Minty Spire (QoL Compilation)","Random Character Button"],"gold_per_floor":[118,135,146,31,50,82,101,101,101,120,45,45,0,0,0,74,74,86,96,96,110,134,134,144,197,197,208,220,232,75,75,75,75,75],"floor_reached":33,"language":"ENG","playtime":1124,"items_purged":["Strike_R","Strike_R"],"score":502,"play_id":"e12fac87-d47c-4125-a9c9-58d81183df59","local_time":"20210118003617","is_ascension_mode":true,"campfire_choices":[{"data":"Spot Weakness","floor":8,"key":"SMITH"},{"data":"Carnage","floor":15,"key":"SMITH"},{"floor":23,"key":"REST"},{"floor":32,"key":"REST"}],"circlet_count":0,"master_deck":["AscendersBane","Strike_R","Strike_R","Strike_R","Defend_R","Defend_R","Defend_R","Defend_R","Bash","Twin Strike","Rage","Cleave","Carnage+1","Battle Trance","Shrug It Off","Spot Weakness+1","Metallicize","Reaper","Heavy Blade","Writhe"],"relics":["Burning Blood","Pocketwatch","Tiny Chest","InkBottle","Busted Crown","Juzu Bracelet","Orichalcum","Darkstone Periapt","Lantern"],"acts_visited":["Exordium","TheCity"],"potions_floor_usage":[6,7,33,33],"damage_taken":[{"damage":6,"enemies":"Cultist","floor":1,"turns":3},{"damage":4,"enemies":"Jaw Worm","floor":2,"turns":4},{"damage":8,"enemies":"2 Louse","floor":3,"turns":3},{"damage":13,"enemies":"Blue Slaver","floor":5,"turns":4},{"damage":20,"enemies":"Lagavulin","floor":6,"turns":6},{"damage":7,"enemies":"Gremlin Gang","floor":7,"turns":3},{"damage":11,"enemies":"3 Louse","floor":10,"turns":3},{"damage":11,"enemies":"The Guardian","floor":16,"turns":12},{"damage":23,"enemies":"Shell Parasite","floor":18,"turns":3},{"damage":0,"enemies":"Chosen","floor":19,"turns":3},{"damage":34,"enemies":"Shelled Parasite and Fungi","floor":21,"turns":5},{"damage":28,"enemies":"Sentry and Sphere","floor":24,"turns":6},{"damage":8,"enemies":"Centurion and Healer","floor":27,"turns":6},{"damage":16,"enemies":"3 Cultists","floor":28,"turns":5},{"damage":32,"enemies":"Sentry and Sphere","floor":29,"turns":6},{"damage":47,"enemies":"Automaton","floor":33,"turns":6}],"seed_played":"-6062543405330097438","potions_obtained":[{"floor":2,"key":"HeartOfIron"},{"floor":3,"key":"Dexterity Potion"},{"floor":6,"key":"AttackPotion"},{"floor":10,"key":"LiquidBronze"}],"is_trial":false,"path_per_floor":["M","M","M","$","M","E","M","R","T","M","$","?","?","T","R","B",null,"M","M","?","M","T","R","M","T","T","M","M","M","$","?","R","B"],"character_chosen":"IRONCLAD","items_purchased":["Carnage","Battle Trance","PowerPotion"],"campfire_rested":2,"item_purchase_floors":[4,4,30],"current_hp_per_floor":[75,77,75,75,68,54,53,53,53,48,48,48,48,48,48,43,72,63,69,45,25,25,51,33,33,33,31,33,7,7,13,40,0,0],"gold":75,"neow_bonus":"TEN_PERCENT_HP_BONUS","is_daily":false,"chose_seed":false,"campfire_upgraded":2,"win_rate":0.0,"timestamp":1610926577,"path_taken":["M","M","M","$","M","E","M","R","T","?","$","?","?","?","R","BOSS","M","?","?","M","?","R","M","?","T","M","M","M","$","?","R","BOSS"],"items_purchased_type":["Card","Card","Potion"],"build_version":"2020-12-22","purchased_purges":2,"victory":false,"max_hp_per_floor":[82,82,82,82,82,82,82,82,82,82,82,82,82,82,82,82,82,82,82,87,87,87,87,87,87,87,87,87,87,87,93,93,93,93],"card_choices":[{"not_picked":["Warcry","Thunderclap"],"picked":"Twin Strike","floor":1},{"not_picked":["Perfected Strike","Sword Boomerang"],"picked":"Rage","floor":2},{"not_picked":["Flex","True Grit"],"picked":"Cleave","floor":3},{"not_picked":["Clothesline","Pommel Strike","Combust"],"picked":"SKIP","floor":5},{"not_picked":["Flex","Dual Wield"],"picked":"Shrug It Off","floor":6},{"not_picked":["Pommel Strike","Body Slam"],"picked":"Spot Weakness","floor":7},{"not_picked":["Feel No Pain","Anger"],"picked":"Metallicize","floor":10},{"not_picked":["Bludgeon","Double Tap"],"picked":"Reaper","floor":16},{"not_picked":["Combust"],"picked":"SKIP","floor":18},{"not_picked":[],"picked":"Heavy Blade","floor":19},{"not_picked":["Heavy Blade"],"picked":"SKIP","floor":21},{"not_picked":["Heavy Blade"],"picked":"SKIP","floor":24},{"not_picked":["Twin Strike"],"picked":"SKIP","floor":27},{"not_picked":["Anger+1"],"picked":"SKIP","floor":28},{"not_picked":["Warcry"],"picked":"SKIP","floor":29}],"player_experience":873194,"relics_obtained":[{"floor":6,"key":"Pocketwatch"},{"floor":9,"key":"Tiny Chest"},{"floor":14,"key":"InkBottle"},{"floor":22,"key":"Juzu Bracelet"},{"floor":25,"key":"Orichalcum"},{"floor":26,"key":"Darkstone Periapt"}],"event_choices":[{"damage_healed":0,"gold_gain":0,"player_choice":"Fled","damage_taken":0,"max_hp_gain":0,"max_hp_loss":0,"event_name":"Scrap Ooze","floor":12,"gold_loss":0},{"damage_healed":0,"gold_gain":0,"player_choice":"Left Gold","damage_taken":0,"max_hp_gain":0,"max_hp_loss":0,"event_name":"World of Goop","floor":13,"gold_loss":45},{"damage_healed":0,"gold_gain":0,"player_choice":"Shed Blood","damage_taken":29,"max_hp_gain":5,"max_hp_loss":0,"event_name":"Forgotten Altar","floor":20,"gold_loss":0},{"damage_healed":0,"gold_gain":0,"player_choice":"Opened","damage_taken":0,"relics_obtained":["Lantern"],"max_hp_gain":0,"max_hp_loss":0,"event_name":"The Mausoleum","floor":31,"gold_loss":0,"cards_obtained":["Writhe"]}],"is_beta":false,"boss_relics":[{"not_picked":["Velvet Choker","Black Blood"],"picked":"Busted Crown"}],"items_purged_floors":[11,30],"is_endless":false,"potions_floor_spawned":[2,3,5,6,10,24,28,29],"killed_by":"Automaton","ascension_level":20}}