{"host":"sum4dy402bbv9y4o","time":1610905378,"event":{"mods":["Aspiration","BaseMod","Conspire","Highlight Path","Minty Spire (QoL Compilation)","StSLib"],"gold_per_floor":[113,38,48,98,117,117,150,150,175,186,201,126,26,39,39,115,115,134,168,183,183,255,289,300,335,335,346,364,81,99,111,111,111,111],"floor_reached":33,"language":"ENG","playtime":1294,"items_purged":["Defend_R","Strike_R","Defend_R"],"score":607,"play_id":"b681cb14-8241-4f43-818f-1c0e1ca3f781","local_time":"20210117204258","is_ascension_mode":true,"campfire_choices":[{"data":"Uppercut","floor":6,"key":"SMITH"},{"data":"Rage","floor":8,"key":"SMITH"},{"data":"Twin Strike","floor":15,"key":"SMITH"},{"data":"Feed","floor":32,"key":"SMITH"}],"circlet_count":0,"master_deck":["AscendersBane","Defend_R","Defend_R","Uppercut+1","Twin Strike+1","Pommel Strike","Rage+1","Flex","Cleave","Feed+1","True Grit+1","Bite","Bite","Bite","Bite","Bite","Battle Trance","Rampage"],"relics":["Burning Blood","aspiration:Nostalgia","Cracked Core","StrikeDummy","aspiration:Lifesprig","SlaversCollar","Red Mask","White Beast Statue","Blood Vial","Centennial Puzzle","Singing Bowl","ClockworkSouvenir"],"acts_visited":["Exordium","TheCity"],"potions_floor_usage":[5,7,16,19,24,27,27,28,33,33],"damage_taken":[{"damage":7,"enemies":"Small Slimes","floor":1,"turns":3},{"damage":1,"enemies":"Cultist","floor":3,"turns":3},{"damage":2,"enemies":"Jaw Worm","floor":5,"turns":2},{"damage":6,"enemies":"Gremlin Nob","floor":7,"turns":3},{"damage":4,"enemies":"Blue Slaver","floor":10,"turns":2},{"damage":4,"enemies":"Red Slaver","floor":11,"turns":2},{"damage":1,"enemies":"Looter","floor":14,"turns":2},{"damage":16,"enemies":"The Guardian","floor":16,"turns":8},{"damage":0,"enemies":"Spheric Guardian","floor":18,"turns":3},{"damage":10,"enemies":"Masked Bandits","floor":19,"turns":3},{"damage":29,"enemies":"2 Thieves","floor":20,"turns":5},{"damage":44,"enemies":"Slavers","floor":23,"turns":6},{"damage":13,"enemies":"Centurion and Healer","floor":24,"turns":6},{"damage":62,"enemies":"Gremlin Leader","floor":25,"turns":8},{"damage":3,"enemies":"Snake Plant","floor":27,"turns":4},{"damage":18,"enemies":"3 Cultists","floor":28,"turns":5},{"damage":13,"enemies":"Sentry and Sphere","floor":30,"turns":4},{"damage":3,"enemies":"Centurion and Healer","floor":31,"turns":5},{"damage":95,"enemies":"conspire:MysteriousRune","floor":33,"turns":7}],"seed_played":"8356567233374992143","potions_obtained":[{"floor":1,"key":"SneckoOil"},{"floor":3,"key":"Fire Potion"},{"floor":10,"key":"ColorlessPotion"},{"floor":18,"key":"SkillPotion"},{"floor":23,"key":"DuplicationPotion"},{"floor":24,"key":"Energy Potion"},{"floor":25,"key":"Block Potion"},{"floor":27,"key":"Block Potion"},{"floor":28,"key":"Dexterity Potion"},{"floor":30,"key":"EssenceOfSteel"}],"is_trial":false,"path_per_floor":["M","?","M","?","M","R","E","R","T","M","M","$","$","M","R","B",null,"M","?","M","?","T","E","M","E","T","M","M","$","M","M","R","B"],"character_chosen":"IRONCLAD","items_purchased":["ClockworkSouvenir"],"campfire_rested":0,"item_purchase_floors":[29],"current_hp_per_floor":[67,67,72,65,69,69,69,69,69,71,73,73,73,75,75,65,73,78,77,54,54,54,30,47,16,16,35,46,46,56,73,73,0,0],"gold":111,"neow_bonus":"NOSTALGIA","is_daily":false,"chose_seed":false,"campfire_upgraded":4,"win_rate":0.0,"timestamp":1610905378,"path_taken":["M","?","M","?","?","R","E","R","T","M","M","?","$","?","R","BOSS","M","?","M","?","?","E","M","E","T","?","M","$","M","M","R","BOSS"],"items_purchased_type":["Relic"],"build_version":"2020-12-22","purchased_purges":3,"victory":false,"max_hp_per_floor":[75,75,75,75,75,75,75,75,75,75,75,75,75,75,75,75,75,78,81,81,56,56,56,56,56,56,58,63,63,68,73,73,73,73],"card_choices":[{"not_picked":["Heavy Blade","Shockwave"],"picked":"Uppercut","floor":1},{"not_picked":["Pommel Strike","Warcry"],"picked":"Twin Strike","floor":3},{"not_picked":["Brutality","Sentinel"],"picked":"Pommel Strike","floor":5},{"not_picked":["Heavy Blade","Evolve"],"picked":"Rage","floor":7},{"not_picked":["Uppercut","Hemokinesis"],"picked":"Flex","floor":10},{"not_picked":["Iron Wave","Shrug It Off"],"picked":"Cleave","floor":11},{"not_picked":["True Grit","Flex","Flame Barrier"],"picked":"SKIP","floor":14},{"not_picked":["Immolate","Double Tap"],"picked":"Feed","floor":16},{"not_picked":["Clash","Iron Wave","Headbutt"],"picked":"SKIP","floor":18},{"not_picked":["Whirlwind","Reckless Charge"],"picked":"True Grit+1","floor":19},{"not_picked":["Havoc","Hemokinesis","Heavy Blade"],"picked":"SKIP","floor":20},{"not_picked":["Twin Strike","Barricade"],"picked":"Battle Trance","floor":23},{"not_picked":["Reckless Charge","Clash","Thunderclap"],"picked":"SKIP","floor":24},{"not_picked":["Fire Breathing","Battle Trance"],"picked":"Rampage","floor":25},{"not_picked":["Armaments","Searing Blow","Seeing Red"],"picked":"Singing Bowl","floor":27},{"not_picked":["Pummel","Thunderclap","Armaments"],"picked":"Singing Bowl","floor":28},{"not_picked":["Flex","Cleave","Exhume"],"picked":"Singing Bowl","floor":30},{"not_picked":["Feel No Pain","Flex","Wild Strike"],"picked":"Singing Bowl","floor":31}],"player_experience":2950947,"relics_obtained":[{"floor":7,"key":"StrikeDummy"},{"floor":9,"key":"aspiration:Lifesprig"},{"floor":19,"key":"Red Mask"},{"floor":22,"key":"White Beast Statue"},{"floor":23,"key":"Blood Vial"},{"floor":25,"key":"Centennial Puzzle"},{"floor":26,"key":"Singing Bowl"}],"event_choices":[{"cards_removed":["Bash"],"damage_healed":0,"gold_gain":0,"player_choice":"Card Removal","damage_taken":0,"max_hp_gain":0,"max_hp_loss":0,"event_name":"The Cleric","floor":2,"gold_loss":75},{"damage_healed":0,"gold_gain":50,"player_choice":"Touch","damage_taken":7,"max_hp_gain":0,"max_hp_loss":0,"event_name":"FaceTrader","floor":4,"gold_loss":0},{"damage_healed":0,"gold_gain":0,"player_choice":"Fought Bandits","damage_taken":0,"max_hp_gain":0,"max_hp_loss":0,"event_name":"Masked Bandits","floor":19,"gold_loss":0},{"damage_healed":0,"gold_gain":0,"player_choice":"Became a vampire","damage_taken":0,"max_hp_gain":0,"max_hp_loss":25,"event_name":"Vampires","floor":21,"gold_loss":0,"cards_obtained":["Bite","Bite","Bite","Bite","Bite"]}],"is_beta":false,"boss_relics":[{"not_picked":["Black Blood","Runic Pyramid"],"picked":"SlaversCollar"}],"items_purged_floors":[12,13,29],"is_endless":false,"potions_floor_spawned":[1,3,10,18,23,24,25,27,28,30,31],"killed_by":"conspire:MysteriousRune","ascension_level":20}}