{"host":"ypphcgdomtfqpc2w","time":1610887544,"event":{"mods":["BaseMod","DeckTracker","Minty Spire (QoL Compilation)","Relic Stats","StSLib"],"gold_per_floor":[117,117,129,43,60,60,73,73,73,89,89,164,194,214,214,285,285,304,320,320,21,71,71,87,87,87,113,113,113,113,147,147,226,226,242,267,281,503,516,549,549,574,574,574,574,574,574],"floor_reached":46,"language":"ENG","playtime":3208,"items_purged":["Decay"],"score":1038,"play_id":"0eb645b1-f7e9-418e-9a52-da3a2c2767f3","local_time":"20210117214544","is_ascension_mode":true,"campfire_choices":[{"data":"Pommel Strike","floor":6,"key":"SMITH"},{"floor":11,"key":"REST"},{"floor":15,"key":"REST"},{"data":"Bludgeon","floor":23,"key":"SMITH"},{"data":"Uppercut","floor":25,"key":"SMITH"},{"data":"Rupture","floor":30,"key":"SMITH"},{"floor":32,"key":"REST"},{"floor":41,"key":"REST"},{"data":"Feel No Pain","floor":45,"key":"SMITH"}],"circlet_count":0,"master_deck":["AscendersBane","Bash","Offering","Metallicize","Pommel Strike+1","Rupture","Clothesline","Wild Strike","Metallicize","Warcry+1","Rupture+1","Exhume+1","Rupture","Heavy Blade","Feel No Pain+1","Searing Blow","Searing Blow","Thunderclap","Entrench+1","Uppercut+1","Bludgeon+1","True Grit+1","Shrug It Off+1","Battle Trance+1","True Grit+1","Metallicize","Immolate","Clothesline+1","Headbutt+1","Disarm+1"],"relics":["Burning Blood","Toxic Egg 2","Bag of Marbles","Pandora\u0027s Box","Lee\u0027s Waffle","Magic Flower","Pen Nib","Red Mask","Snecko Eye","Dead Branch","The Courier","Dream Catcher"],"acts_visited":["Exordium","TheCity","TheBeyond"],"potions_floor_usage":[13,16,27,37,40],"damage_taken":[{"damage":15,"enemies":"Small Slimes","floor":1,"turns":6},{"damage":11,"enemies":"Jaw Worm","floor":3,"turns":5},{"damage":1,"enemies":"Cultist","floor":5,"turns":3},{"damage":13,"enemies":"3 Louse","floor":7,"turns":4},{"damage":15,"enemies":"Large Slime","floor":10,"turns":5},{"damage":23,"enemies":"Gremlin Nob","floor":13,"turns":4},{"damage":7,"enemies":"2 Fungi Beasts","floor":14,"turns":3},{"damage":31,"enemies":"The Guardian","floor":16,"turns":17},{"damage":39,"enemies":"3 Byrds","floor":18,"turns":7},{"damage":12,"enemies":"Spheric Guardian","floor":19,"turns":5},{"damage":36,"enemies":"Snake Plant","floor":24,"turns":6},{"damage":23,"enemies":"Gremlin Leader","floor":27,"turns":8},{"damage":21,"enemies":"Masked Bandits","floor":31,"turns":4},{"damage":41,"enemies":"Champ","floor":33,"turns":16},{"damage":6,"enemies":"Orb Walker","floor":35,"turns":2},{"damage":18,"enemies":"Mind Bloom Boss Battle","floor":36,"turns":4},{"damage":6,"enemies":"3 Darklings","floor":37,"turns":5},{"damage":26,"enemies":"Maw","floor":39,"turns":9},{"damage":42,"enemies":"Reptomancer","floor":40,"turns":6},{"damage":20,"enemies":"Giant Head","floor":42,"turns":5},{"damage":34,"enemies":"Writhing Mass","floor":46,"turns":10}],"seed_played":"3638196267625439864","potions_obtained":[{"floor":5,"key":"EssenceOfSteel"},{"floor":10,"key":"PowerPotion"},{"floor":18,"key":"Explosive Potion"},{"floor":27,"key":"Explosive Potion"},{"floor":33,"key":"HeartOfIron"},{"floor":36,"key":"GamblersBrew"},{"floor":40,"key":"Explosive Potion"}],"is_trial":false,"path_per_floor":["M","?","M","$","M","R","M","?","T","M","R","?","E","M","R","B",null,"M","M","?","$","?","R","M","R","T","E","?","?","R","?","R","B",null,"M","?","M","?","M","E","R","E","T","?","R","M"],"character_chosen":"IRONCLAD","items_purchased":["Rupture","Lee\u0027s Waffle","Shrug It Off+1"],"campfire_rested":4,"item_purchase_floors":[4,21,21],"current_hp_per_floor":[59,36,31,31,36,36,29,29,29,20,42,31,14,13,35,10,59,26,20,20,82,82,82,52,52,52,38,38,38,38,26,50,18,66,69,60,63,63,46,13,37,26,26,26,26,0,0],"gold":574,"neow_bonus":"ONE_RANDOM_RARE_CARD","is_daily":false,"chose_seed":false,"campfire_upgraded":5,"win_rate":0.0,"timestamp":1610887544,"path_taken":["M","?","M","$","M","R","M","?","T","?","R","?","E","M","R","BOSS","M","M","?","$","?","R","M","R","T","E","?","?","R","?","R","BOSS","M","?","M","?","M","E","R","E","T","?","R","M"],"items_purchased_type":["Card","Relic","Card"],"build_version":"2020-12-22","purchased_purges":1,"victory":false,"max_hp_per_floor":[75,75,75,75,75,75,75,75,75,75,75,75,75,75,75,75,75,75,75,75,82,82,82,82,82,82,82,82,82,82,82,82,82,82,82,82,82,82,82,82,82,82,82,82,82,82,82],"relic_stats":{"Lee\u0027s Waffle":62,"Dream Catcher":0,"counters":[21,134],"Dead Branch":[33],"Magic Flower":[27],"Snecko Eye":[82,101,75,100],"Pandora\u0027s Box":["Rupture","Heavy Blade","Feel No Pain","Searing Blow","Searing Blow","Thunderclap","Entrench","Uppercut","Bludgeon"],"Pen Nib":[8],"obtain_stats":[{"Lee\u0027s Waffle":21,"Dream Catcher":42,"Dead Branch":36,"Magic Flower":26,"Snecko Eye":34,"Pandora\u0027s Box":17,"Pen Nib":27,"The Courier":40,"Bag of Marbles":13,"Red Mask":31,"Toxic Egg 2":9,"Burning Blood":0},{"Lee\u0027s Waffle":10,"Dream Catcher":20,"Dead Branch":16,"Magic Flower":11,"Snecko Eye":14,"Pandora\u0027s Box":8,"Pen Nib":12,"The Courier":19,"Bag of Marbles":6,"Red Mask":13,"Toxic Egg 2":4,"Burning Blood":0},{"Lee\u0027s Waffle":59,"Dream Catcher":124,"Dead Branch":99,"Magic Flower":65,"Snecko Eye":93,"Pandora\u0027s Box":47,"Pen Nib":73,"The Courier":119,"Bag of Marbles":27,"Red Mask":77,"Toxic Egg 2":18,"Burning Blood":0}],"Burning Blood":147},"card_choices":[{"not_picked":["Headbutt","Body Slam"],"picked":"Metallicize","floor":1},{"not_picked":["Warcry","Armaments"],"picked":"Pommel Strike","floor":3},{"not_picked":["Havoc","Perfected Strike"],"picked":"Clothesline","floor":5},{"not_picked":["Sword Boomerang","Armaments"],"picked":"Wild Strike","floor":7},{"not_picked":["Havoc+1","Wild Strike"],"picked":"Metallicize","floor":10},{"not_picked":["Dual Wield+1","Pummel"],"picked":"Warcry+1","floor":13},{"not_picked":["Uppercut","Cleave"],"picked":"Rupture","floor":14},{"not_picked":["Fiend Fire","Double Tap+1"],"picked":"Exhume+1","floor":16},{"not_picked":["Blood for Blood","Flex+1"],"picked":"True Grit+1","floor":18},{"not_picked":["Cleave+1","Whirlwind","Entrench+1"],"picked":"SKIP","floor":19},{"not_picked":["Clash","Flex+1"],"picked":"Battle Trance+1","floor":24},{"not_picked":["Pommel Strike","Inflame"],"picked":"True Grit+1","floor":27},{"not_picked":["Corruption","Fiend Fire"],"picked":"Immolate","floor":33},{"not_picked":["Body Slam","Thunderclap","Havoc+1"],"picked":"SKIP","floor":35},{"not_picked":["Havoc+1","Clash"],"picked":"Clothesline+1","floor":36},{"not_picked":["Cleave","Havoc+1","Pommel Strike"],"picked":"SKIP","floor":37},{"not_picked":["Cleave","Havoc+1","Pommel Strike"],"picked":"SKIP","floor":37},{"not_picked":["Perfected Strike","Inflame","Clothesline"],"picked":"SKIP","floor":39},{"not_picked":["Anger","Twin Strike"],"picked":"Headbutt+1","floor":40},{"not_picked":["Flex+1","Warcry+1"],"picked":"Disarm+1","floor":42}],"player_experience":2035353,"relics_obtained":[{"floor":9,"key":"Toxic Egg 2"},{"floor":13,"key":"Bag of Marbles"},{"floor":26,"key":"Magic Flower"},{"floor":27,"key":"Pen Nib"},{"floor":31,"key":"Red Mask"},{"floor":36,"key":"Dead Branch"},{"floor":40,"key":"The Courier"},{"floor":42,"key":"Dream Catcher"}],"event_choices":[{"damage_healed":0,"gold_gain":0,"player_choice":"Entered Light","damage_taken":23,"max_hp_gain":0,"max_hp_loss":0,"event_name":"Shining Light","floor":2,"gold_loss":0,"cards_upgraded":["Strike_R","Strike_R"]},{"damage_healed":0,"gold_gain":0,"player_choice":"0 cards matched","damage_taken":0,"max_hp_gain":0,"max_hp_loss":0,"event_name":"Match and Keep!","floor":8,"gold_loss":0,"cards_obtained":[]},{"damage_healed":0,"gold_gain":75,"player_choice":"Gather Gold","damage_taken":11,"max_hp_gain":0,"max_hp_loss":0,"event_name":"World of Goop","floor":12,"gold_loss":0},{"damage_healed":0,"gold_gain":0,"player_choice":"Smashed Altar","damage_taken":0,"max_hp_gain":0,"max_hp_loss":0,"event_name":"Forgotten Altar","floor":20,"gold_loss":0,"cards_obtained":["Decay"]},{"damage_healed":0,"gold_gain":50,"player_choice":"Stole From Cult","damage_taken":0,"max_hp_gain":0,"max_hp_loss":0,"event_name":"Nest","floor":22,"gold_loss":0},{"damage_healed":0,"gold_gain":0,"player_choice":"Ignored","damage_taken":0,"max_hp_gain":0,"max_hp_loss":0,"event_name":"Vampires","floor":28,"gold_loss":0},{"damage_healed":0,"gold_gain":0,"player_choice":"Read","damage_taken":0,"max_hp_gain":0,"max_hp_loss":0,"event_name":"The Library","floor":29,"gold_loss":0,"cards_obtained":["Metallicize"]},{"damage_healed":0,"gold_gain":0,"player_choice":"Fought Bandits","damage_taken":0,"max_hp_gain":0,"max_hp_loss":0,"event_name":"Masked Bandits","floor":31,"gold_loss":0},{"damage_healed":0,"gold_gain":0,"player_choice":"Fight","damage_taken":0,"max_hp_gain":0,"max_hp_loss":0,"event_name":"MindBloom","floor":36,"gold_loss":0},{"damage_healed":0,"gold_gain":222,"player_choice":"Wore Mask","damage_taken":0,"max_hp_gain":0,"max_hp_loss":0,"event_name":"Tomb of Lord Red Mask","floor":38,"gold_loss":0},{"damage_healed":0,"gold_gain":0,"player_choice":"Ignored","damage_taken":0,"max_hp_gain":0,"max_hp_loss":0,"event_name":"Mysterious Sphere","floor":44,"gold_loss":0}],"is_beta":false,"boss_relics":[{"not_picked":["Runic Pyramid","Astrolabe"],"picked":"Pandora\u0027s Box"},{"not_picked":["Cursed Key","Black Star"],"picked":"Snecko Eye"}],"items_purged_floors":[21],"is_endless":false,"potions_floor_spawned":[5,10,18,27,33,36,40],"killed_by":"Writhing Mass","ascension_level":20}}