{"host":"75t5dw8c2tyw3fa7","time":1610878543,"event":{"mods":["BaseMod","Minty Spire (QoL Compilation)","Replay The Spire","StSLib"],"gold_per_floor":[366,378,390,390,409,409,436,40,91,91,91,107,117,144,144,246,246,256,196,117,42,61,86,103,135,135,152,152,152,152,152],"floor_reached":30,"language":"ENG","playtime":1189,"items_purged":["Regret"],"score":405,"play_id":"a5dd8d74-7592-4bff-b908-4b4394d3b9fd","local_time":"20210117021543","is_ascension_mode":true,"campfire_choices":[{"floor":6.0,"key":"REST"},{"floor":10.0,"key":"REST"},{"data":"Blade Dance","floor":15.0,"key":"SMITH"},{"floor":28.0,"key":"REST"}],"circlet_count":0,"master_deck":["AscendersBane","Strike_G","Strike_G","Strike_G","Defend_G","Defend_G","Defend_G","Defend_G","Defend_G","Survivor","Neutralize","Blade Dance+1","Poisoned Stab","Hidden Blade","Backflip","Footwork+1","Expertise","Accuracy","Glass Knife","Terror","Accuracy","Blade Dance","Deflect+1","PiercingWail+1","Accuracy+1","After Image+1","Decay"],"relics":["Ring of the Snake","Vajra","Odd Mushroom","Quantum Egg","MealTicket","Lantern","Black Star","ReplayTheSpireMod:TigerMarble","Golden Egg","Frozen Egg 2","Garlic","Mummified Hand"],"acts_visited":["Exordium","TheCity"],"potions_floor_usage":[],"damage_taken":[{"damage":0.0,"enemies":"Cultist","floor":1.0,"turns":4.0},{"damage":2.0,"enemies":"2 Louse","floor":2.0,"turns":2.0},{"damage":3.0,"enemies":"Jaw Worm","floor":3.0,"turns":4.0},{"damage":19.0,"enemies":"3 Louse","floor":5.0,"turns":5.0},{"damage":11.0,"enemies":"The Mushroom Lair","floor":7.0,"turns":4.0},{"damage":1.0,"enemies":"Red Slaver","floor":12.0,"turns":3.0},{"damage":1.0,"enemies":"Looter","floor":13.0,"turns":3.0},{"damage":4.0,"enemies":"Replay:BlueRogue","floor":14.0,"turns":7.0},{"damage":9.0,"enemies":"Hexaghost","floor":16.0,"turns":8.0},{"damage":12.0,"enemies":"3 Byrds","floor":18.0,"turns":5.0},{"damage":12.0,"enemies":"2 Thieves","floor":22.0,"turns":4.0},{"damage":10.0,"enemies":"Replay:Snechameleon","floor":23.0,"turns":3.0},{"damage":7.0,"enemies":"3 Cultists","floor":24.0,"turns":4.0},{"damage":30.0,"enemies":"Book of Stabbing","floor":25.0,"turns":6.0},{"damage":1.0,"enemies":"Sentry and Sphere","floor":27.0,"turns":4.0},{"damage":29,"enemies":"Gremlin Leader","floor":30,"turns":4}],"seed_played":"-4220164766307986078","potions_obtained":[{"floor":5.0,"key":"DuplicationPotion"},{"floor":7.0,"key":"ColorlessPotion"},{"floor":13.0,"key":"SkillPotion"},{"floor":23.0,"key":"Explosive Potion"}],"is_trial":false,"path_per_floor":["M","M","M","?","M","R","?","$","T","R","?","M","M","E","R","B",null,"M","?","$","?","M","E","M","E","T","M","R","?","E"],"character_chosen":"THE_SILENT","items_purchased":["Quantum Egg","Footwork+1","Accuracy"],"campfire_rested":3,"item_purchase_floors":[8,8,20],"current_hp_per_floor":[45,43,40,40,21,42,31,31,31,52,52,51,50,46,46,37,62,50,50,65,65,53,43,36,6,6,5,26,26,0,0],"gold":152,"neow_bonus":"TWO_FIFTY_GOLD","is_daily":false,"chose_seed":false,"campfire_upgraded":1,"win_rate":0.0,"timestamp":1610878543,"path_taken":["M","?","M","?","M","R","?","?","T","R","?","M","M","E","R","BOSS","M","?","$","?","?","E","M","E","T","M","R","?","E"],"items_purchased_type":["Relic","Card","Card"],"build_version":"2020-12-22","purchased_purges":1,"victory":false,"max_hp_per_floor":[70,70,70,70,70,70,70,70,70,70,70,70,70,70,70,70,70,70,70,70,70,70,70,70,70,70,70,70,70,70,70],"card_choices":[{"not_picked":["Dodge and Roll","Dagger Throw"],"picked":"Blade Dance","floor":1.0},{"not_picked":["Acrobatics","Prepared"],"picked":"Poisoned Stab","floor":2.0},{"not_picked":["Expertise","Setup","Dagger Throw"],"picked":"SKIP","floor":3.0},{"not_picked":["Sucker Punch","Bouncing Flask"],"picked":"Hidden Blade","floor":5.0},{"not_picked":["Blur","Choke"],"picked":"Backflip","floor":7.0},{"not_picked":["Flechettes","Deadly Poison"],"picked":"Accuracy","floor":12.0},{"not_picked":["Acrobatics","Underhanded Strike","Choke"],"picked":"SKIP","floor":13.0},{"not_picked":["Quick Slash","All Out Attack","Underhanded Strike"],"picked":"SKIP","floor":14.0},{"not_picked":["Tools of the Trade","Doppelganger"],"picked":"Glass Knife","floor":16.0},{"not_picked":["Distraction+1","Flying Knee"],"picked":"Terror","floor":18.0},{"not_picked":["Hidden Blade+1","PiercingWail"],"picked":"Blade Dance","floor":22.0},{"not_picked":["Backflip+1","ReplayTheSpireMod:Tripwire"],"picked":"Deflect+1","floor":23.0},{"not_picked":["Well Laid Plans","Backstab"],"picked":"PiercingWail+1","floor":24.0},{"not_picked":["All Out Attack+1","ReplayTheSpireMod:The Works"],"picked":"Accuracy+1","floor":25.0},{"not_picked":["Well Laid Plans+1","Dagger Throw"],"picked":"After Image+1","floor":27.0}],"player_experience":448213,"relics_obtained":[{"floor":7.0,"key":"Odd Mushroom"},{"floor":9.0,"key":"MealTicket"},{"floor":14.0,"key":"Lantern"},{"floor":23.0,"key":"ReplayTheSpireMod:TigerMarble"},{"floor":23.0,"key":"Golden Egg"},{"floor":25.0,"key":"Frozen Egg 2"},{"floor":25.0,"key":"Garlic"},{"floor":26.0,"key":"Mummified Hand"}],"event_choices":[{"damage_healed":0.0,"max_hp_gain":0.0,"max_hp_loss":0.0,"gold_gain":0.0,"event_name":"Big Fish","player_choice":"Box","floor":4.0,"gold_loss":0.0,"damage_taken":0.0,"relics_obtained":["Vajra"],"cards_obtained":["Regret"]},{"damage_healed":0.0,"max_hp_gain":0.0,"max_hp_loss":0.0,"gold_gain":0.0,"event_name":"Mushrooms","player_choice":"Fought Mushrooms","floor":7.0,"gold_loss":0.0,"damage_taken":0.0},{"damage_healed":0.0,"max_hp_gain":0.0,"max_hp_loss":0.0,"gold_gain":0.0,"cards_transformed":["Strike_G"],"event_name":"Transmorgrifier","player_choice":"Transformed","floor":11.0,"gold_loss":0.0,"damage_taken":0.0,"cards_obtained":["Expertise"]},{"cards_removed":["Strike_G"],"damage_healed":0.0,"max_hp_gain":0.0,"max_hp_loss":0.0,"gold_gain":0.0,"event_name":"Beggar","player_choice":"Gave Gold","floor":21.0,"gold_loss":75.0,"damage_taken":0.0},{"damage_healed":0.0,"max_hp_gain":0.0,"max_hp_loss":0.0,"gold_gain":0.0,"event_name":"Forgotten Altar","player_choice":"Smashed Altar","floor":29.0,"gold_loss":0.0,"damage_taken":0.0,"cards_obtained":["Decay"]}],"is_beta":false,"boss_relics":[{"not_picked":["Kintsugi","Snecko Eye"],"picked":"Black Star"}],"items_purged_floors":[8],"is_endless":false,"potions_floor_spawned":[5,7,13,23],"killed_by":"Gremlin Leader","ascension_level":10}}