{"host":"ibtxpp7hbhk6t4eo","time":1610854034,"event":{"mods":["BaseMod","Downfall","Minty Spire (QoL Compilation)","StSLib","UnlockEverythingMod","Waifu the Spire"],"gold_per_floor":[99,117,127,186,178,208,232,270,291,325,336,364,395,417,432,540,540,440,458,458,483,583,180,205,238,281,313,359,391,526,545,569,664,664,564,584,601,619,50,50,123,190,233,133,158,183,227,50,74,74,74,120,40,40,40,40],"floor_reached":57,"language":"ZHS","playtime":3449,"items_purged":["Establishment+1","hexamod:FirstSeal"],"score":1636,"play_id":"774f4ecb-f768-429d-bf51-f98117e5bcef","local_time":"20210117112714","daily_mods":["SealedDeck","Vintage","Purple Cards","Heirloom","Time Dilation","Flight","downfall:Lament","DeadlyEvents","Elite Swarm"],"is_ascension_mode":false,"campfire_choices":[{"data":"hexamod:CatchUp","floor":1,"key":"SMITH"},{"data":"Judgement","floor":18,"key":"SMITH"},{"data":"PathToVictory","floor":35,"key":"SMITH"},{"floor":40,"key":"RECALL"},{"data":"expansioncontent:QuickStudy","floor":44,"key":"SMITH"},{"data":"hexamod:TimeOfNeed","floor":54,"key":"SMITH"}],"circlet_count":0,"master_deck":["hexamod:GhostShield+1","hexamod:GhostShield+1","hexamod:HeatMetal","InnerPeace+1","CutThroughFate+1","PathToVictory+1","ReachHeaven+1","Pray+1","hexamod:ShieldOfDarkness+1","hexamod:CatchUp+1","EmptyBody+1","hexamod:FourthSeal","hexamod:SecondSeal","hexamod:ApocalypseNow+1","Vault+1","DeusExMachina+1","Judgement+1","ConjureBlade","Vengeance+1","hexamod:TimeWarp+1","hexamod:SixthSeal","hexamod:TimeWarp","hexamod:NightmareStrike+1","expansioncontent:QuickStudy+1","EmptyFist+1","Wish+1","hexamod:TimeOfNeed+1"],"relics":["hexamod:SpiritBrand","NeowsBlessing","StoneCalendar","Thread and Needle","Singing Bowl","Pear","Guardian:PocketSentry","Mercury Hourglass","Bronze Scales","hexamod:BolsterEngine","Tiny Chest","Letter Opener","Slimebound:PreparedRelic","Bag of Marbles","hexamod:InflammatoryLetter","hexamod:IceCube","downfall:HeartBlessingGreen","Omamori","PreservedInsect","Kunai","Toy Ornithopter","Meat on the Bone","Ornamental Fan","hexamod:MatchstickCase","Potion Belt","Lantern","bronze:BronzeIdol","Du-Vu Doll","SacredBark","downfall:HeartBlessingBlue","CeramicFish","Slimebound:StickyStick","The Courier","Vajra","Whetstone","Happy Flower","Shuriken","White Beast Statue","champ:DeflectingBracers","sneckomod:BlankCard","downfall:HeartBlessingRed","Art of War","Nunchaku","Gremlin Horn","Bag of Preparation","Anchor","Blue Candle"],"acts_visited":["Exordium","TheCity","TheBeyond","TheEnding"],"potions_floor_usage":[13,23,30,30,43,45,50,50,56,56,56,56],"damage_taken":[{"damage":0,"enemies":"Small Slimes","floor":2,"turns":1},{"damage":0,"enemies":"Jaw Worm","floor":3,"turns":1},{"damage":0,"enemies":"Gremlin Nob","floor":4,"turns":1},{"damage":2,"enemies":"Lagavulin","floor":6,"turns":4},{"damage":0,"enemies":"Gremlin Nob","floor":8,"turns":4},{"damage":0,"enemies":"2 Louse","floor":9,"turns":3},{"damage":7,"enemies":"Lagavulin","floor":10,"turns":4},{"damage":0,"enemies":"Blue Slaver","floor":11,"turns":3},{"damage":3,"enemies":"Gremlin Nob","floor":12,"turns":3},{"damage":0,"enemies":"3 Sentries","floor":13,"turns":3},{"damage":0,"enemies":"Exordium Wildlife","floor":14,"turns":2},{"damage":16,"enemies":"Exordium Thugs","floor":15,"turns":3},{"damage":6,"enemies":"SI_SHIV_ARCHETYPE","floor":16,"turns":6},{"damage":0,"enemies":"Chosen","floor":19,"turns":3},{"damage":0,"enemies":"downfall:FleeingMerchant","floor":23,"turns":5},{"damage":3,"enemies":"Book of Stabbing","floor":25,"turns":4},{"damage":14,"enemies":"Gremlin Leader","floor":26,"turns":5},{"damage":0,"enemies":"Book of Stabbing","floor":27,"turns":4},{"damage":2,"enemies":"Gremlin Leader","floor":29,"turns":4},{"damage":0,"enemies":"downfall:FleeingMerchant","floor":30,"turns":5},{"damage":0,"enemies":"Spheric Guardian","floor":31,"turns":1},{"damage":0,"enemies":"Centurion and Healer","floor":32,"turns":4},{"damage":1,"enemies":"IC_MUSHROOM_ARCHETYPE","floor":33,"turns":4},{"damage":0,"enemies":"3 Shapes","floor":36,"turns":2},{"damage":0,"enemies":"3 Darklings","floor":37,"turns":3},{"damage":1,"enemies":"Spire Growth","floor":38,"turns":4},{"damage":19,"enemies":"Spire Growth","floor":42,"turns":5},{"damage":0,"enemies":"Nemesis","floor":43,"turns":4},{"damage":0,"enemies":"Reptomancer","floor":45,"turns":3},{"damage":0,"enemies":"Nemesis","floor":46,"turns":3},{"damage":22,"enemies":"Reptomancer","floor":47,"turns":3},{"damage":0,"enemies":"Maw","floor":49,"turns":4},{"damage":88,"enemies":"WA_ARCHETYPE_DIVINITY","floor":50,"turns":7},{"damage":1,"enemies":"downfall:CharBossMerchant","floor":52,"turns":7},{"damage":64,"enemies":"downfall:NeowBoss","floor":55,"turns":9},{"damage":60,"enemies":"downfall:NeowBossFinal","floor":56,"turns":6}],"seed_played":"1178884301355341290","potions_obtained":[{"floor":3,"key":"Swift Potion"},{"floor":6,"key":"Block Potion"},{"floor":8,"key":"Ancient Potion"},{"floor":8,"key":"Ancient Potion"},{"floor":9,"key":"Fire Potion"},{"floor":15,"key":"Fire Potion"},{"floor":16,"key":"BlessingOfTheForge"},{"floor":23,"key":"SteroidPotion"},{"floor":26,"key":"Regen Potion"},{"floor":29,"key":"Energy Potion"},{"floor":30,"key":"SteroidPotion"},{"floor":31,"key":"EntropicBrew"},{"floor":33,"key":"Block Potion"},{"floor":42,"key":"Block Potion"},{"floor":43,"key":"DuplicationPotion"},{"floor":45,"key":"Fruit Juice"},{"floor":45,"key":"Explosive Potion"},{"floor":52,"key":"hexamod:EctoCoolerPotion"}],"is_trial":true,"path_per_floor":["R","M","M","?","?","E","T","E","M","E","M","E","E","M","M","B",null,"R","M","?","T","?","$","T","E","E","E","T","E","$","M","M","B",null,"R","M","M","M","$","R","T","?","E","R","E","E","E","$","M","B",null,"E","$","R","B","B",null],"character_chosen":"THE_SPIRIT","items_purchased":["PreservedInsect","Kunai","expansioncontent:QuickStudy","Vajra","Whetstone","Happy Flower","Shuriken","Bag of Preparation"],"campfire_rested":0,"item_purchase_floors":[23,23,30,39,39,39,39,48],"current_hp_per_floor":[70,70,70,80,73,71,71,71,71,71,71,68,75,75,66,67,80,80,80,65,65,65,72,72,76,62,64,64,62,72,72,72,73,89,99,99,99,98,98,98,98,79,93,93,110,112,97,97,104,55,115,114,114,114,62,34],"gold":40,"neow_bonus":"","is_daily":false,"chose_seed":false,"campfire_upgraded":5,"win_rate":0.0,"timestamp":1610854034,"path_taken":["R","M","M","?","?","E","T","E","?","E","?","E","?","?","M","BOSS","R","M","?","?","?","$","T","?","?","E","?","E","$","?","M","BOSS","R","M","M","M","$","R","T","?","E","R","E","E","E","$","M","BOSS","E","$","R","BOSS","BOSS"],"items_purchased_type":["Relic","Relic","Card","Relic","Relic","Relic","Relic","Relic"],"build_version":"2020-12-22","purchased_purges":2,"victory":true,"max_hp_per_floor":[70,70,70,80,80,80,80,80,80,80,80,80,80,80,80,80,80,80,80,85,85,85,85,85,85,85,87,87,87,87,87,87,89,89,99,99,99,99,99,99,99,99,101,101,113,115,115,115,115,115,115,115,115,115,115,115],"card_choices":[{"not_picked":["ClearTheMind","Nirvana"],"picked":"EmptyBody","floor":4},{"not_picked":["hexamod:WildfireWeapon","hexamod:UnlimitedPower"],"picked":"hexamod:ApocalypseNow","floor":6},{"not_picked":["hexamod:UnleashSpirits","Blasphemy"],"picked":"Vault","floor":8},{"not_picked":["hexamod:ApocalypticArmor","hexamod:GiftsFromTheDead"],"picked":"DeusExMachina","floor":10},{"not_picked":["hexamod:UnlimitedPower","hexamod:UnleashSpirits"],"picked":"Judgement","floor":12},{"not_picked":["hexamod:GiftsFromTheDead","Omniscience"],"picked":"Establishment","floor":13},{"not_picked":["Brilliance","Establishment"],"picked":"ConjureBlade","floor":16},{"not_picked":["hexamod:RecurringNightmare+1","hexamod:BacktrackSmack+1"],"picked":"Vengeance","floor":23},{"not_picked":["ConjureBlade","hexamod:GiftsFromTheDead"],"picked":"hexamod:TimeWarp","floor":25},{"not_picked":["Devotion","DevaForm"],"picked":"hexamod:SixthSeal","floor":26},{"not_picked":["LessonLearned","Scrawl","MasterReality"],"picked":"Singing Bowl","floor":27},{"not_picked":["ConjureBlade","hexamod:FlameSwitch"],"picked":"hexamod:TimeWarp","floor":29},{"not_picked":["CutThroughFate","Tantrum"],"picked":"hexamod:NightmareStrike+1","floor":30},{"not_picked":["hexamod:Toasty","hexamod:UnleashSpirits","Brilliance"],"picked":"Singing Bowl","floor":33},{"not_picked":["Crescendo","Evaluate+1"],"picked":"EmptyFist+1","floor":42},{"not_picked":["hexamod:SearingWound","hexamod:UnleashSpirits","hexamod:WildfireWeapon"],"picked":"Singing Bowl","floor":43},{"not_picked":["hexamod:ApocalypseNow","hexamod:ApocalypticArmor","hexamod:GiftsFromTheDead"],"picked":"Singing Bowl","floor":45},{"not_picked":["Blasphemy","hexamod:ParanormalForm","Alpha"],"picked":"Singing Bowl","floor":46},{"not_picked":["hexamod:ParanormalForm","hexamod:ApocalypticArmor"],"picked":"Wish","floor":47},{"not_picked":["hexamod:FlameSwitch","SpiritShield"],"picked":"hexamod:TimeOfNeed","floor":52}],"player_experience":64836,"relics_obtained":[{"floor":2,"key":"Thread and Needle"},{"floor":3,"key":"Singing Bowl"},{"floor":4,"key":"Pear"},{"floor":7,"key":"Guardian:PocketSentry"},{"floor":8,"key":"Mercury Hourglass"},{"floor":9,"key":"Bronze Scales"},{"floor":10,"key":"hexamod:BolsterEngine"},{"floor":11,"key":"Tiny Chest"},{"floor":12,"key":"Letter Opener"},{"floor":13,"key":"Slimebound:PreparedRelic"},{"floor":14,"key":"Bag of Marbles"},{"floor":15,"key":"hexamod:InflammatoryLetter"},{"floor":19,"key":"Omamori"},{"floor":24,"key":"Toy Ornithopter"},{"floor":25,"key":"Meat on the Bone"},{"floor":26,"key":"Ornamental Fan"},{"floor":27,"key":"hexamod:MatchstickCase"},{"floor":28,"key":"Potion Belt"},{"floor":29,"key":"Lantern"},{"floor":31,"key":"bronze:BronzeIdol"},{"floor":32,"key":"Du-Vu Doll"},{"floor":36,"key":"CeramicFish"},{"floor":37,"key":"Slimebound:StickyStick"},{"floor":38,"key":"The Courier"},{"floor":41,"key":"White Beast Statue"},{"floor":42,"key":"champ:DeflectingBracers"},{"floor":43,"key":"sneckomod:BlankCard"},{"floor":45,"key":"Art of War"},{"floor":46,"key":"Nunchaku"},{"floor":47,"key":"Gremlin Horn"},{"floor":49,"key":"Anchor"},{"floor":52,"key":"Blue Candle"}],"event_choices":[],"is_beta":false,"boss_relics":[{"not_picked":["Runic Pyramid","Runic Dome"],"picked":"hexamod:IceCube"},{"not_picked":["Coffee Dripper","Cursed Key"],"picked":"SacredBark"}],"items_purged_floors":[48,53],"is_endless":false,"potions_floor_spawned":[3,6,8,12,15,16,19,26,27,31,33,36,37,42,43,45,46,47,49,52],"ascension_level":0}}