{"host":"i0s8vbixp24k5aul","time":1610920963,"event":{"mods":["2.2 Compatiblity","Act Like it!","Aspiration","BaseMod","Better Note","Better Third Choice","Better Vampires","BetterUpgradePreview","Colorless Booster Pack","Displayed Cursed Tome","Energized Spire","Fox Events","GifTheSpireLib","Halation","Hermit","Hubris","Infinite Spire","Jedi Mod","Minty Spire (QoL Compilation)","Optimize The Spire","Poor People Problems","Random Character Mod","Shade Mod","StSLib","Stuff the Spire","Swap Starting Deck Mod","The Bug Knight","The Construct","The Cursed","The Disciple","The Mystic","TheHero","TheWitcher","vexMod","??????REMEMod"],"gold_per_floor":[116,91,16,29,29,29,29,29,29,53,6,41,41,41,41,41,41],"floor_reached":16,"language":"RUS","playtime":725,"items_purged":[],"score":168,"play_id":"750c8f73-c914-4f33-85da-912baae18b2a","local_time":"20210118010243","is_ascension_mode":true,"campfire_choices":[{"data":"Neutralize","floor":6,"key":"SMITH"},{"floor":15,"key":"REST"}],"circlet_count":0,"master_deck":["AscendersBane","Strike_G","Strike_G","Strike_G","Strike_G","Defend_G","Defend_G","Defend_G","Defend_G","Defend_G","Survivor","Neutralize+1","SnafuTest:SpellArcaneDomain","Poisoned Stab","Dagger Spray","infinitespire:Oblivion","Injury","Leg Sweep","Outmaneuver","Dagger Spray"],"relics":["Ring of the Snake","REME_ComplimentaryCards","aspiration:Nostalgia","animeID:HeroCostume","halation:LettersToHer","hubris:SlimyHat","hubris:KleinBottle","hubris:FruitBowl","Vajra","Golden Idol","StuffTheSpire:Expresso","hubris:SphereOfDissonance","construct:RocketBooster"],"acts_visited":["Exordium"],"potions_floor_usage":[12],"damage_taken":[{"damage":0,"enemies":"2 Louse","floor":1,"turns":9},{"damage":21,"enemies":"infinitespire:Voidling","floor":4,"turns":6},{"damage":4,"enemies":"Small Slimes","floor":10,"turns":12},{"damage":17,"enemies":"3 Sentries","floor":12,"turns":4},{"damage":58,"enemies":"The Guardian","floor":16,"turns":17}],"seed_played":"-6061193049745573545","potions_obtained":[{"floor":4,"key":"Strength Potion"}],"is_trial":false,"path_per_floor":["M","?","?","M","?","R","$","?","T","M","$","E","$","T","R","B"],"character_chosen":"THE_SILENT","items_purchased":["hubris:KleinBottle","hubris:FruitBowl","Vajra","Outmaneuver"],"campfire_rested":1,"item_purchase_floors":[7,7,7,11],"current_hp_per_floor":[63,63,63,65,65,65,17,17,17,19,19,6,6,6,25,0,0],"gold":41,"neow_bonus":"NOSTALGIA","is_daily":false,"chose_seed":false,"campfire_upgraded":1,"win_rate":0.0,"timestamp":1610920963,"path_taken":["M","?","?","M","?","R","?","?","T","?","?","E","$","?","R","BOSS"],"items_purchased_type":["Relic","Relic","Relic","Card"],"build_version":"2020-12-22","purchased_purges":0,"victory":false,"max_hp_per_floor":[66,66,66,66,66,66,66,66,66,66,66,66,66,66,66,66,66],"card_choices":[{"not_picked":["Prepared","Acrobatics"],"picked":"Poisoned Stab","floor":1},{"not_picked":["Outmaneuver","Blur"],"picked":"Dagger Spray","floor":4},{"not_picked":["hubris:Rewind","infinitespire:SevenWalls"],"picked":"infinitespire:Oblivion","floor":7},{"not_picked":["Dodge and Roll","StuffTheSpire:Incantation"],"picked":"Leg Sweep","floor":10},{"not_picked":["Poisoned Stab","StuffTheSpire:Python"],"picked":"Dagger Spray","floor":12}],"player_experience":955877,"relics_obtained":[{"floor":5,"key":"hubris:SlimyHat"},{"floor":9,"key":"halation:LettersToHer"},{"floor":9,"key":"StuffTheSpire:Expresso"},{"floor":12,"key":"hubris:SphereOfDissonance"},{"floor":14,"key":"halation:LettersToHer"},{"floor":14,"key":"construct:RocketBooster"}],"event_choices":[{"cards_removed":["Strike_G"],"damage_healed":0,"gold_gain":0,"player_choice":"Card Removal","damage_taken":0,"max_hp_gain":0,"max_hp_loss":0,"event_name":"The Cleric","floor":3,"gold_loss":75},{"damage_healed":0,"gold_gain":0,"player_choice":"Take Wound","damage_taken":0,"relics_obtained":["Golden Idol"],"max_hp_gain":0,"max_hp_loss":0,"event_name":"Golden Idol","floor":8,"gold_loss":0,"cards_obtained":["Injury"]}],"is_beta":false,"boss_relics":[],"items_purged_floors":[],"is_endless":false,"potions_floor_spawned":[4],"killed_by":"The Guardian","ascension_level":15}}