{"host":"2se5dq1do2gp0x9k","time":1610861134,"event":{"mods":["AchievementEnabler","BaseMod","Block Reminder","Colored Map","Colored Powertips","Minty Spire (QoL Compilation)","Relic Stats","StSLib","SuperFastMode"],"gold_per_floor":[114,64,77,77,2,2,2,33,58,58,72,102,113,38,38,38,38],"floor_reached":16,"language":"ENG","playtime":508,"items_purged":["Strike_G"],"score":216,"play_id":"29ef9bf7-c04e-462b-826e-eaf2452a985c","local_time":"20210116212534","is_ascension_mode":true,"campfire_choices":[{"data":"Neutralize","floor":6,"key":"SMITH"},{"floor":10,"key":"REST"},{"floor":15,"key":"REST"}],"circlet_count":0,"master_deck":["AscendersBane","Strike_G","Strike_G","Strike_G","Defend_G","Defend_G","Defend_G","Defend_G","Defend_G","Survivor","Neutralize+1","Blade Dance","Cloak And Dagger","Backflip","Dagger Spray","Backflip","Blade Dance","Dagger Throw"],"relics":["Ring of the Snake","Tough Bandages","WarpedTongs","Ancient Tea Set","Regal Pillow","WingedGreaves"],"acts_visited":["Exordium"],"potions_floor_usage":[8,12,13],"damage_taken":[{"damage":1,"enemies":"Small Slimes","floor":1,"turns":5},{"damage":1,"enemies":"Cultist","floor":3,"turns":3},{"damage":22,"enemies":"3 Sentries","floor":8,"turns":8},{"damage":0,"enemies":"Jaw Worm","floor":11,"turns":4},{"damage":42,"enemies":"Gremlin Nob","floor":12,"turns":4},{"damage":0,"enemies":"Blue Slaver","floor":13,"turns":4},{"damage":55,"enemies":"The Guardian","floor":16,"turns":13}],"seed_played":"6801488631120567114","potions_obtained":[{"floor":1,"key":"Explosive Potion"},{"floor":11,"key":"CunningPotion"},{"floor":12,"key":"GamblersBrew"}],"is_trial":false,"path_per_floor":["M","$","M","?","$","R","?","E","T","R","M","E","M","?","R","B"],"character_chosen":"THE_SILENT","items_purchased":["Cloak And Dagger"],"campfire_rested":2,"item_purchase_floors":[2],"current_hp_per_floor":[43,43,42,35,35,35,35,13,13,47,47,5,5,5,39,0,0],"gold":38,"neow_bonus":"ONE_RARE_RELIC","is_daily":false,"chose_seed":false,"campfire_upgraded":1,"win_rate":0.0,"timestamp":1610861134,"path_taken":["M","$","M","?","$","R","?","E","T","R","M","E","?","?","R","BOSS"],"items_purchased_type":["Card"],"build_version":"2020-12-22","purchased_purges":1,"victory":false,"max_hp_per_floor":[66,66,66,66,66,66,66,66,66,66,66,66,66,66,66,66,66],"relic_stats":{"Tough Bandages":[39],"Regal Pillow":30,"counters":[7,41],"obtain_stats":[{"Tough Bandages":0,"Regal Pillow":9,"WingedGreaves":12,"Ancient Tea Set":8,"Ring of the Snake":0,"WarpedTongs":7},{"Tough Bandages":0,"Regal Pillow":3,"WingedGreaves":5,"Ancient Tea Set":3,"Ring of the Snake":0,"WarpedTongs":2},{"Tough Bandages":0,"Regal Pillow":16,"WingedGreaves":24,"Ancient Tea Set":16,"Ring of the Snake":0,"WarpedTongs":8}],"Ring of the Snake":[14],"WarpedTongs":[32]},"card_choices":[{"not_picked":["Concentrate","Prepared"],"picked":"Blade Dance","floor":1},{"not_picked":["Flying Knee","Dodge and Roll"],"picked":"Backflip","floor":3},{"not_picked":["Night Terror","Escape Plan"],"picked":"Dagger Spray","floor":8},{"not_picked":["Setup","Dodge and Roll"],"picked":"Backflip","floor":11},{"not_picked":["Caltrops","Deadly Poison"],"picked":"Blade Dance","floor":12},{"not_picked":["Deflect","Acrobatics"],"picked":"Dagger Throw","floor":13}],"player_experience":3881844,"relics_obtained":[{"floor":8,"key":"Ancient Tea Set"},{"floor":9,"key":"Regal Pillow"},{"floor":12,"key":"WingedGreaves"}],"event_choices":[{"cards_removed":["Strike_G"],"damage_healed":0,"gold_gain":0,"player_choice":"Card Removal","damage_taken":7,"max_hp_gain":0,"max_hp_loss":0,"event_name":"Golden Wing","floor":4,"gold_loss":0},{"damage_healed":0,"gold_gain":0,"player_choice":"Rummage","damage_taken":0,"relics_obtained":["WarpedTongs"],"max_hp_gain":0,"max_hp_loss":0,"event_name":"Accursed Blacksmith","floor":7,"gold_loss":0,"cards_obtained":["Pain"]},{"cards_removed":["Pain"],"damage_healed":0,"gold_gain":0,"player_choice":"Card Removal","damage_taken":0,"max_hp_gain":0,"max_hp_loss":0,"event_name":"The Cleric","floor":14,"gold_loss":75}],"is_beta":false,"boss_relics":[],"items_purged_floors":[5],"is_endless":false,"potions_floor_spawned":[1,11,12],"killed_by":"The Guardian","ascension_level":20}}