{"host":"lh9qfzqeqctr28d2","time":1610899855,"event":{"mods":["BaseMod","CapriCore","Luminous","Minty Spire (QoL Compilation)","Quick Restart","Relic Stats","Remilia£®¿Ÿ√◊¿Ú—«£©","StSLib","Yakumo Yukari mod"],"gold_per_floor":[117,117,117,117,130,158,158,188,264,283,283,302,321,333,333,436,436,452,470,489,502,513,548,548,648,648,648,393,412,442,454,454,553,553,563,563,617,617,617,649,649,682,682,28,28,58,58,69,69,69],"floor_reached":51,"language":"ZHS","playtime":8126,"items_purged":["Regret","Writhe"],"score":1219,"play_id":"c5d3c9b0-f0fa-4f84-9785-c83221a5424e","local_time":"20210118001055","is_ascension_mode":true,"campfire_choices":[{"data":"ScarletDream","floor":7.0,"key":"SMITH"},{"data":"SuperhumanBloodyKnife","floor":11.0,"key":"SMITH"},{"data":"HunterOfTheNight","floor":15.0,"key":"SMITH"},{"floor":24.0,"key":"REST"},{"data":"StarOfDavid","floor":27.0,"key":"SMITH"},{"data":"UnderTheZenith","floor":32.0,"key":"SMITH"},{"data":"Madness","floor":41,"key":"SMITH"},{"data":"BloodyHallows","floor":45,"key":"SMITH"},{"data":"ForecastOfChange","floor":49,"key":"SMITH"}],"circlet_count":0,"master_deck":["Strike_RM","Strike_RM","Strike_RM","Defend_RM","Defend_RM","Defend_RM","Defend_RM","RedMoon","ScarletShoot","BombardNight","ScarletDream+1","EndlessAdversity","NightDance","ForecastOfChange","SuperhumanBloodyKnife+1","HunterOfTheNight+1","UnstableMagic+1","MillenniumVampire","StarOfDavid+1","DevilSight","UnderTheZenith+1","ScarletSymphony+1","ForecastOfChange","ForecastOfChange+1","BloodyHallows+1","CurseOfTheBell","ScarletDevilSign+1","Madness+1","BloodHunter+1"],"relics":["ScarletHat","NeowsBlessing","Bronze Scales","Ginger","WingedGreaves","Anchor","Gremlin Horn","Cursed Key","Blood Vial","Prayer Wheel","AntiCross","Pen Nib","InkBottle","Calling Bell","Juzu Bracelet","Meat on the Bone","Ice Cream","Gungnir","Frozen Egg 2","Peace Pipe","The Courier","Bag of Preparation","Medical Kit","Pear","Potion Belt","Dream Catcher"],"acts_visited":["Exordium","TheCity","TheBeyond"],"potions_floor_usage":[40,40,42,50],"damage_taken":[{"damage":0.0,"enemies":"Jaw Worm","floor":1.0,"turns":1.0},{"damage":0.0,"enemies":"Cultist","floor":5.0,"turns":1.0},{"damage":0.0,"enemies":"3 Sentries","floor":6.0,"turns":1.0},{"damage":0.0,"enemies":"Gremlin Nob","floor":8.0,"turns":2.0},{"damage":3.0,"enemies":"2 Louse","floor":10.0,"turns":3.0},{"damage":3.0,"enemies":"Lots of Slimes","floor":12.0,"turns":2.0},{"damage":0.0,"enemies":"3 Louse","floor":13.0,"turns":1.0},{"damage":0.0,"enemies":"Looter","floor":14.0,"turns":2.0},{"damage":35.0,"enemies":"Slime Boss","floor":16.0,"turns":9.0},{"damage":2.0,"enemies":"Spheric Guardian","floor":18.0,"turns":3.0},{"damage":28.0,"enemies":"Chosen","floor":19.0,"turns":5.0},{"damage":6.0,"enemies":"Snake Plant","floor":20.0,"turns":2.0},{"damage":23.0,"enemies":"Shelled Parasite and Fungi","floor":21.0,"turns":3.0},{"damage":0.0,"enemies":"Chosen and Byrds","floor":22.0,"turns":6.0},{"damage":1.0,"enemies":"Book of Stabbing","floor":23.0,"turns":4.0},{"damage":4.0,"enemies":"Cultist and Chosen","floor":29.0,"turns":4.0},{"damage":3.0,"enemies":"Gremlin Leader","floor":30.0,"turns":3.0},{"damage":0.0,"enemies":"Snake Plant","floor":31.0,"turns":2.0},{"damage":45,"enemies":"Collector","floor":33,"turns":6},{"damage":14,"enemies":"3 Darklings","floor":35,"turns":3},{"damage":0,"enemies":"2 Orb Walkers","floor":37,"turns":2},{"damage":16,"enemies":"Nemesis","floor":40,"turns":5},{"damage":24,"enemies":"Giant Head","floor":42,"turns":4},{"damage":25,"enemies":"Reptomancer","floor":46,"turns":4},{"damage":4,"enemies":"3 Shapes","floor":48,"turns":2},{"damage":48,"enemies":"Donu and Deca","floor":50,"turns":5}],"seed_played":"-1449244376150227909","potions_obtained":[{"floor":1.0,"key":"Regen Potion"},{"floor":8.0,"key":"DestinyDice"},{"floor":13.0,"key":"LiquidBronze"},{"floor":20.0,"key":"DuplicationPotion"},{"floor":21.0,"key":"SpeedPotion"},{"floor":23.0,"key":"Swift Potion"},{"floor":31.0,"key":"Swift Potion"},{"floor":33,"key":"PowerPotion"},{"floor":40,"key":"EssenceOfSteel"},{"floor":42,"key":"FearPotion"}],"is_trial":false,"path_per_floor":["M","?","?","T","M","E","R","E","T","M","R","M","M","M","R","B",null,"M","M","M","M","M","E","R","?","T","R","$","M","E","M","R","B",null,"M","?","?","?","?","E","R","E","T","$","R","E","$","M","R","B",null],"character_chosen":"REMILIA","items_purchased":["Pen Nib","UnderTheZenith","Bag of Preparation","Medical Kit","Pear","Potion Belt"],"campfire_rested":1,"item_purchase_floors":[28,28,44,44,44,44],"current_hp_per_floor":[68,68,68,68,68,68,68,70,70,67,67,66,66,66,66,43,67,65,41,46,25,30,35,57,57,57,57,57,57,59,61,61,37,66,62,62,73,73,73,61,61,75,75,85,85,78,78,82,82,55],"gold":69,"neow_bonus":"THREE_ENEMY_KILL","is_daily":false,"chose_seed":false,"campfire_upgraded":8,"win_rate":0.0,"timestamp":1610899855,"path_taken":["M","?","?","?","M","E","R","E","T","M","R","?","M","M","R","BOSS","M","M","?","M","M","E","R","?","T","R","$","M","E","?","R","BOSS","M","?","?","?","?","E","R","E","T","$","R","E","?","M","R","BOSS"],"items_purchased_type":["Relic","Card","Relic","Relic","Relic","Relic"],"build_version":"2020-12-22","purchased_purges":2,"victory":true,"max_hp_per_floor":[75,75,75,75,75,75,75,75,75,75,75,75,75,75,75,75,75,75,75,75,75,75,75,75,75,75,75,75,75,75,75,75,75,75,75,75,75,75,75,75,75,75,75,85,85,85,85,85,85,85],"relic_stats":{"Gremlin Horn":[30,31],"counters":[26,85],"Pen Nib":[11],"Juzu Bracelet":1,"Bag of Preparation":[6],"Ginger":[27],"Cursed Key":2,"Medical Kit":[0],"Blood Vial":30,"Peace Pipe":1,"Dream Catcher":0,"Bronze Scales":[158],"Prayer Wheel":4,"obtain_stats":[{"Ice Cream":34,"Gremlin Horn":9,"Juzu Bracelet":34,"Bag of Preparation":44,"Ginger":4,"Cursed Key":17,"ScarletHat":0,"Blood Vial":18,"Dream Catcher":46,"Prayer Wheel":23,"AntiCross":26,"WingedGreaves":6,"InkBottle":30,"Potion Belt":44,"Pear":44,"NeowsBlessing":0,"Pen Nib":28,"The Courier":43,"Frozen Egg 2":40,"Medical Kit":44,"Calling Bell":34,"Gungnir":37,"Peace Pipe":42,"Anchor":8,"Bronze Scales":3,"Meat on the Bone":34},{"Ice Cream":19,"Gremlin Horn":4,"Juzu Bracelet":19,"Bag of Preparation":23,"Ginger":1,"Cursed Key":9,"ScarletHat":0,"Blood Vial":10,"Dream Catcher":24,"Prayer Wheel":15,"AntiCross":15,"WingedGreaves":3,"InkBottle":17,"Potion Belt":23,"Pear":23,"NeowsBlessing":0,"Pen Nib":15,"The Courier":23,"Frozen Egg 2":22,"Medical Kit":23,"Calling Bell":19,"Gungnir":21,"Peace Pipe":23,"Anchor":4,"Bronze Scales":1,"Meat on the Bone":19},{"Ice Cream":60,"Gremlin Horn":5,"Juzu Bracelet":60,"Bag of Preparation":74,"Ginger":1,"Cursed Key":22,"ScarletHat":0,"Blood Vial":25,"Dream Catcher":78,"Prayer Wheel":45,"AntiCross":45,"WingedGreaves":3,"InkBottle":52,"Potion Belt":74,"Pear":74,"NeowsBlessing":0,"Pen Nib":45,"The Courier":74,"Frozen Egg 2":70,"Medical Kit":74,"Calling Bell":60,"Gungnir":65,"Peace Pipe":74,"Anchor":5,"Bronze Scales":1,"Meat on the Bone":60}],"InkBottle":[17],"Meat on the Bone":0},"card_choices":[{"not_picked":["GlobalNightmare","ScarletImprint"],"picked":"BombardNight","floor":1.0},{"not_picked":["NightDance","ChainGang"],"picked":"EndlessAdversity","floor":5.0},{"not_picked":["VampireClaw","UnderTheZenith"],"picked":"NightDance","floor":6.0},{"not_picked":["AfternoonTea","Septette"],"picked":"ForecastOfChange","floor":8.0},{"not_picked":["MillenniumVampire","GlobalNightmare"],"picked":"SuperhumanBloodyKnife","floor":10.0},{"not_picked":["RedNightlessCastle","Stigmanizer"],"picked":"HunterOfTheNight","floor":12.0},{"not_picked":["Stigmanizer","UltimateOffering","BloodyTrap"],"picked":"SKIP","floor":13.0},{"not_picked":["BombardNight","VampireKiss","BlasphemousPunishment"],"picked":"SKIP","floor":14.0},{"not_picked":["ScarletDevil","BloodAndWine"],"picked":"UnstableMagic+1","floor":18.0},{"not_picked":["StarOfDavid","RedMagic","ScarletImprint"],"picked":"SKIP","floor":19.0},{"not_picked":["GlobalNightmare","BombardNight"],"picked":"MillenniumVampire","floor":20.0},{"not_picked":["ScarletDevil+1","DiffusionOfMisfortune"],"picked":"StarOfDavid","floor":21.0},{"not_picked":["VampireKiss","VampirishNight","ScarletDevil"],"picked":"SKIP","floor":22.0},{"not_picked":["ScarletDevilSign+1","Maim"],"picked":"DevilSight","floor":23.0},{"not_picked":["UnstableMagic","ScarletImprint"],"picked":"ScarletSymphony+1","floor":29.0},{"not_picked":["VampireSweep","BombardNight","TwelveNightmare"],"picked":"SKIP","floor":29.0},{"not_picked":["Stigmanizer","Maim"],"picked":"ForecastOfChange","floor":30.0},{"not_picked":["NightDance","Ultimatum+1"],"picked":"ForecastOfChange","floor":31.0},{"not_picked":["BlasphemousPunishment","CharismaGuard","UnstableMagic"],"picked":"SKIP","floor":31.0},{"not_picked":["BloodyCatastrophe","CeilingFear"],"picked":"BloodyHallows","floor":33},{"not_picked":["ScarletDevil","UnstableMagic"],"picked":"ScarletDevilSign+1","floor":35},{"not_picked":["CharismaGuard+1","RedMagic","BlasphemousPunishment"],"picked":"SKIP","floor":35},{"not_picked":["Panacea","Enlightenment"],"picked":"Madness","floor":36},{"not_picked":["ScarletImprint","MastersStateliness+1"],"picked":"BloodHunter+1","floor":40},{"not_picked":["BadLadyScramble","BlasphemousPunishment+1","FavorOfDestiny"],"picked":"SKIP","floor":42},{"not_picked":["AfternoonTea+1","FavorOfDestiny+1","CharismaGuard+1"],"picked":"SKIP","floor":46},{"not_picked":["Stigmanizer+1","VampireKiss","HunterOfTheNight"],"picked":"SKIP","floor":48},{"not_picked":["FitfulNightmare+1","VampireKiss","UltimateOffering"],"picked":"SKIP","floor":48}],"player_experience":408309,"relics_obtained":[{"floor":4.0,"key":"Ginger"},{"floor":6.0,"key":"WingedGreaves"},{"floor":8.0,"key":"Anchor"},{"floor":9.0,"key":"Gremlin Horn"},{"floor":18.0,"key":"Blood Vial"},{"floor":23.0,"key":"Prayer Wheel"},{"floor":26.0,"key":"AntiCross"},{"floor":30.0,"key":"InkBottle"},{"floor":34,"key":"Juzu Bracelet"},{"floor":34,"key":"Meat on the Bone"},{"floor":34,"key":"Ice Cream"},{"floor":37,"key":"Gungnir"},{"floor":40,"key":"Frozen Egg 2"},{"floor":42,"key":"Peace Pipe"},{"floor":43,"key":"The Courier"},{"floor":46,"key":"Dream Catcher"}],"event_choices":[{"damage_healed":0.0,"max_hp_gain":0.0,"max_hp_loss":0.0,"gold_gain":0.0,"cards_transformed":["Strike_RM"],"event_name":"Living Wall","player_choice":"Change","floor":2.0,"gold_loss":0.0,"damage_taken":0.0,"cards_obtained":["ScarletDream"]},{"damage_healed":0.0,"max_hp_gain":0.0,"max_hp_loss":0.0,"gold_gain":0.0,"event_name":"Big Fish","player_choice":"Box","floor":3.0,"gold_loss":0.0,"damage_taken":0.0,"relics_obtained":["Bronze Scales"],"cards_obtained":["Regret"]},{"damage_healed":0.0,"max_hp_gain":0.0,"max_hp_loss":0.0,"gold_gain":100.0,"event_name":"Golden Shrine","player_choice":"Pray","floor":25.0,"gold_loss":0.0,"damage_taken":0.0},{"damage_healed":0,"gold_gain":0,"player_choice":"Memory 1","damage_taken":0,"max_hp_gain":0,"max_hp_loss":0,"event_name":"SensoryStone","floor":36,"gold_loss":0},{"damage_healed":0,"gold_gain":0,"player_choice":"Fight","damage_taken":0,"max_hp_gain":0,"max_hp_loss":0,"event_name":"Mysterious Sphere","floor":37,"gold_loss":0},{"cards_removed":["Regret"],"damage_healed":0,"gold_gain":0,"player_choice":"Purged","damage_taken":0,"max_hp_gain":0,"max_hp_loss":0,"event_name":"Purifier","floor":39,"gold_loss":0}],"is_beta":false,"boss_relics":[{"not_picked":["Philosopher\u0027s Stone","Tiny House"],"picked":"Cursed Key"},{"not_picked":["Velvet Choker","Fusion Hammer"],"picked":"Calling Bell"}],"items_purged_floors":[28,44],"is_endless":false,"potions_floor_spawned":[1,8,13,16,18,20,21,23,31,40,42],"ascension_level":8}}