{"host":"jpcy2bclvs7juczu","time":1610872800,"event":{"mods":["AchievementEnabler","BaseMod","Block Reminder","Colored Map","Colored Powertips","Curses Come First","Dark Map","Minty Spire (QoL Compilation)","Quick Restart","Relic Stats","StSLib","ojb\u0027s Better Paths Mod","ojb\u0027s Info Mod","slay the spire mod where everything is the same but ironclad has a cowboy hat"],"gold_per_floor":[119,138,156,171,184,184,184],"floor_reached":6,"language":"ENG","playtime":221,"items_purged":[],"score":80,"play_id":"46e7c0a5-be5c-47d5-a612-f7707ca20afb","local_time":"20210117084000","is_ascension_mode":true,"campfire_choices":[],"circlet_count":0,"master_deck":["AscendersBane","Strike_R","Strike_R","Strike_R","Strike_R","Strike_R","Defend_R","Defend_R","Defend_R","Defend_R","Bash","Twin Strike","Blood for Blood","Fire Breathing","Armaments"],"relics":["Velvet Choker"],"acts_visited":["Exordium"],"potions_floor_usage":[5],"damage_taken":[{"damage":12,"enemies":"Cultist","floor":1,"turns":4},{"damage":7,"enemies":"Jaw Worm","floor":2,"turns":3},{"damage":1,"enemies":"2 Louse","floor":3,"turns":3},{"damage":2,"enemies":"Looter","floor":4,"turns":3},{"damage":39,"enemies":"Gremlin Gang","floor":5,"turns":5},{"damage":0,"enemies":"Lagavulin","floor":6,"turns":1}],"seed_played":"8433330902704635166","potions_obtained":[{"floor":2,"key":"Energy Potion"},{"floor":4,"key":"GamblersBrew"}],"is_trial":false,"path_per_floor":["M","M","M","M","M","E"],"character_chosen":"IRONCLAD","items_purchased":[],"campfire_rested":0,"item_purchase_floors":[],"current_hp_per_floor":[56,49,48,46,7,7,7],"gold":184,"neow_bonus":"BOSS_RELIC","is_daily":false,"chose_seed":false,"campfire_upgraded":0,"win_rate":0.0,"timestamp":1610872800,"path_taken":["M","?","M","M","M","E"],"items_purchased_type":[],"build_version":"2020-12-22","purchased_purges":0,"victory":false,"max_hp_per_floor":[75,75,75,75,75,75,75],"relic_stats":{"counters":[6,19],"obtain_stats":[{"Velvet Choker":0,"Burning Blood":0},{"Velvet Choker":0,"Burning Blood":0},{"Velvet Choker":0,"Burning Blood":0}]},"card_choices":[{"not_picked":["Anger","Shrug It Off","Body Slam"],"picked":"SKIP","floor":1},{"not_picked":["Reckless Charge","Searing Blow"],"picked":"Twin Strike","floor":2},{"not_picked":["Armaments","Flex"],"picked":"Blood for Blood","floor":3},{"not_picked":["Fiend Fire","Sword Boomerang"],"picked":"Fire Breathing","floor":4},{"not_picked":["Inflame","Clothesline"],"picked":"Armaments","floor":5}],"player_experience":412659,"relics_obtained":[],"event_choices":[],"is_beta":false,"boss_relics":[],"items_purged_floors":[],"is_endless":false,"potions_floor_spawned":[2,4],"killed_by":"Lagavulin","ascension_level":20}}