{"host":"3ykswgue17e1ycc2","time":1610867471,"event":{"mods":["BaseMod","Colored Powertips","Dark Map","Downfall","Minty Spire (QoL Compilation)","Quick Restart","Rare Cards Sparkle","StSLib"],"gold_per_floor":[199,215,233,251,261,261,288,302,313,331,331,366,378,390,408,503,503,503,521,538,554,566,566,591,591,591,610,364,364,364,394,409,409,409,409],"floor_reached":33,"language":"ENG","playtime":4861,"items_purged":["champ:Strike"],"score":277,"play_id":"fde9f5ce-338e-4ef0-8800-558d0af86043","local_time":"20210117141111","is_ascension_mode":false,"campfire_choices":[{"data":"champ:Execute","floor":1,"key":"SMITH"},{"data":"champ:Taunt","floor":6,"key":"SMITH"},{"data":"champ:Encircle","floor":11,"key":"SMITH"},{"data":"champ:StanceDance","floor":18,"key":"SMITH"},{"floor":23,"key":"REST"},{"data":"champ:TornadoPunch","floor":25,"key":"SMITH"},{"data":"champ:ArenaPreparation","floor":30,"key":"SMITH"}],"circlet_count":0,"master_deck":["champ:Strike","champ:Strike","champ:Strike","champ:Defend","champ:Defend","champ:Defend","champ:Defend","champ:Execute+1","champ:Taunt+1","champ:Haymaker","champ:Endure","champ:PreciseThrust","champ:SkillfulDodge","champ:BringItOn","champ:TornadoPunch+1","champ:Encircle+1","champ:AdrenalArmor","champ:ArenaPreparation+1","champ:PreciseThrust","champ:StanceDance+1","champ:VampiricStrike","champ:RapidStrikes","champ:FlashCut","champ:GutPunch"],"relics":["champ:ChampionCrown","Strawberry","Juzu Bracelet","Busted Crown","Vajra","champ:FightingForDummies","Nunchaku","MealTicket","Oddly Smooth Stone"],"acts_visited":["Exordium","TheCity"],"potions_floor_usage":[9,14,16,16,31,32,33],"damage_taken":[{"damage":12,"enemies":"2 Louse","floor":2,"turns":3},{"damage":15,"enemies":"Small Slimes","floor":3,"turns":3},{"damage":13,"enemies":"Jaw Worm","floor":4,"turns":3},{"damage":0,"enemies":"3 Louse","floor":5,"turns":3},{"damage":25,"enemies":"Exordium Thugs","floor":8,"turns":4},{"damage":6,"enemies":"2 Fungi Beasts","floor":9,"turns":3},{"damage":22,"enemies":"Gremlin Gang","floor":10,"turns":4},{"damage":16,"enemies":"Gremlin Nob","floor":12,"turns":3},{"damage":22,"enemies":"3 Louse","floor":13,"turns":4},{"damage":17,"enemies":"Blue Slaver","floor":14,"turns":2},{"damage":11,"enemies":"Large Slime","floor":15,"turns":6},{"damage":82,"enemies":"WA_ARCHETYPE_RETAIN","floor":16,"turns":8},{"damage":35,"enemies":"Shell Parasite","floor":19,"turns":5},{"damage":65,"enemies":"3 Cultists","floor":20,"turns":5},{"damage":50,"enemies":"Snake Plant","floor":21,"turns":5},{"damage":53,"enemies":"Cultist and Chosen","floor":22,"turns":8},{"damage":0,"enemies":"3 Cultists","floor":27,"turns":4},{"damage":20,"enemies":"downfall:FleeingMerchant","floor":28,"turns":4},{"damage":49,"enemies":"Book of Stabbing","floor":31,"turns":5},{"damage":18,"enemies":"Snake Plant","floor":32,"turns":4},{"damage":40,"enemies":"SI_MIRROR_ARCHETYPE","floor":33,"turns":4}],"seed_played":"6630560724659818315","potions_obtained":[{"floor":4,"key":"Swift Potion"},{"floor":5,"key":"AttackPotion"},{"floor":9,"key":"SkillPotion"},{"floor":13,"key":"Dexterity Potion"},{"floor":15,"key":"Swift Potion"},{"floor":16,"key":"Ancient Potion"},{"floor":20,"key":"GamblersBrew"},{"floor":27,"key":"Regen Potion"},{"floor":31,"key":"LiquidBronze"},{"floor":32,"key":"Fruit Juice"}],"is_trial":false,"path_per_floor":["R","M","M","M","M","R","T","M","M","M","R","E","M","M","M","B",null,"R","M","M","M","M","R","T","R","?","M","$","?","R","E","M","B"],"character_chosen":"THE_CHAMP","items_purchased":["Nunchaku"],"campfire_rested":1,"item_purchase_floors":[28],"current_hp_per_floor":[90,88,83,80,80,80,87,82,76,64,64,58,56,49,48,10,97,97,87,67,37,19,48,48,48,48,48,43,43,43,33,35,0,0,0],"gold":409,"neow_bonus":"HUNDRED_GOLD","is_daily":false,"chose_seed":false,"campfire_upgraded":6,"win_rate":0.0,"timestamp":1610867471,"path_taken":["R","M","M","M","M","R","T","M","M","M","R","E","M","M","M","BOSS","R","M","M","M","M","R","T","R","?","M","$","?","R","E","M","BOSS"],"items_purchased_type":["Relic"],"build_version":"2020-12-22","purchased_purges":1,"victory":false,"max_hp_per_floor":[90,90,90,90,90,90,97,97,97,97,97,97,97,97,97,97,97,97,97,97,97,97,97,97,97,97,97,97,97,97,97,102,102,102,102],"card_choices":[{"not_picked":["champ:Parry","champ:FlashCut"],"picked":"champ:Haymaker","floor":2},{"not_picked":["champ:BringItOn","champ:GutPunch"],"picked":"champ:Endure","floor":3},{"not_picked":["champ:Circumvent","champ:PerfectedStrike"],"picked":"champ:PreciseThrust","floor":4},{"not_picked":["champ:Haymaker","champ:PerfectedStrike"],"picked":"champ:SkillfulDodge","floor":5},{"not_picked":["champ:TornadoPunch","champ:BladeFlurry"],"picked":"champ:BringItOn","floor":8},{"not_picked":["champ:FancyFootwork","champ:IronFortress"],"picked":"champ:TornadoPunch","floor":9},{"not_picked":["champ:FocusedDefense","champ:Duel"],"picked":"champ:Encircle","floor":10},{"not_picked":["champ:PerfectedStrike","champ:EnragedBash"],"picked":"champ:AdrenalArmor","floor":12},{"not_picked":["champ:MurderStrike","champ:AdrenalArmor"],"picked":"champ:ArenaPreparation","floor":13},{"not_picked":["champ:CalledShot","champ:Shatter"],"picked":"champ:PreciseThrust","floor":14},{"not_picked":["champ:EndlessRage","champ:GladiatorStyle"],"picked":"champ:StanceDance","floor":15},{"not_picked":["champ:Devastate","champ:StrikeOfGenius"],"picked":"champ:VampiricStrike","floor":16},{"not_picked":[],"picked":"champ:RapidStrikes","floor":19},{"not_picked":["champ:PreciseThrust"],"picked":"SKIP","floor":20},{"not_picked":[],"picked":"champ:FlashCut","floor":21},{"not_picked":["champ:FalseCounter"],"picked":"SKIP","floor":22},{"not_picked":["champ:Shatter"],"picked":"SKIP","floor":27},{"not_picked":[],"picked":"champ:GutPunch","floor":28},{"not_picked":["champ:ArenaPreparation"],"picked":"SKIP","floor":31},{"not_picked":["champ:EndlessRage"],"picked":"SKIP","floor":32}],"player_experience":397287,"relics_obtained":[{"floor":7,"key":"Strawberry"},{"floor":12,"key":"Juzu Bracelet"},{"floor":24,"key":"Vajra"},{"floor":31,"key":"Oddly Smooth Stone"}],"event_choices":[],"is_beta":false,"boss_relics":[{"not_picked":["Astrolabe","Sozu"],"picked":"Busted Crown"}],"items_purged_floors":[28],"is_endless":false,"potions_floor_spawned":[4,5,9,13,15,16,20,27,31,32],"killed_by":"SI_MIRROR_ARCHETYPE","ascension_level":0}}