{"host":"o8ich17pcr9p9m1c","time":1610876693,"event":{"mods":["Ascension Unlocker","BaseMod","Block Reminder","Colored Map","Colored Powertips","DeckTracker","Highlight Path","Minty Spire (QoL Compilation)","Quick Restart","Random Character Button","StSLib","SuperFastMode","UnlockEverythingMod"],"gold_per_floor":[119,394,413,429,444,444,444],"floor_reached":6,"language":"JPN","playtime":147,"items_purged":[],"score":76,"play_id":"3bd41000-912b-45d3-803f-82a33234e1b4","local_time":"20210117184453","is_ascension_mode":true,"campfire_choices":[],"circlet_count":0,"master_deck":["AscendersBane","Strike_P","Strike_P","Strike_P","Strike_P","Defend_P","Defend_P","Defend_P","Defend_P","Eruption","Vigilance","Consecrate","Regret","BowlingBash","WheelKick","Vengeance"],"relics":["Fusion Hammer"],"acts_visited":["Exordium"],"potions_floor_usage":[],"damage_taken":[{"damage":5.0,"enemies":"Small Slimes","floor":1.0,"turns":4.0},{"damage":3.0,"enemies":"Cultist","floor":3.0,"turns":3.0},{"damage":20.0,"enemies":"Jaw Worm","floor":4.0,"turns":5.0},{"damage":24.0,"enemies":"Exordium Wildlife","floor":5.0,"turns":2.0},{"damage":0,"enemies":"3 Sentries","floor":6,"turns":1}],"seed_played":"-1785909517635139637","potions_obtained":[{"floor":4.0,"key":"EssenceOfSteel"}],"is_trial":false,"path_per_floor":["M","?","M","M","M","E"],"character_chosen":"WATCHER","items_purchased":[],"campfire_rested":0,"item_purchase_floors":[],"current_hp_per_floor":[56,56,53,33,9,9,9],"gold":444,"neow_bonus":"BOSS_RELIC","is_daily":false,"chose_seed":false,"campfire_upgraded":0,"win_rate":0.0,"timestamp":1610876693,"path_taken":["M","?","?","M","M","E"],"items_purchased_type":[],"build_version":"2020-12-22","purchased_purges":0,"victory":false,"max_hp_per_floor":[68,68,68,68,68,68,68],"card_choices":[{"not_picked":["Protect","JustLucky"],"picked":"Consecrate","floor":1.0},{"not_picked":["Protect","FollowUp"],"picked":"BowlingBash","floor":3.0},{"not_picked":["Wireheading","CutThroughFate"],"picked":"WheelKick","floor":4.0},{"not_picked":["EmptyBody","CrushJoints"],"picked":"Vengeance","floor":5.0}],"player_experience":6966,"relics_obtained":[],"event_choices":[{"damage_healed":0.0,"max_hp_gain":0.0,"max_hp_loss":0.0,"gold_gain":275.0,"event_name":"Golden Shrine","player_choice":"Desecrate","floor":2.0,"gold_loss":0.0,"damage_taken":0.0,"cards_obtained":["Regret"]}],"is_beta":false,"boss_relics":[],"items_purged_floors":[],"is_endless":false,"potions_floor_spawned":[4],"killed_by":"3 Sentries","ascension_level":20}}