{"host":"vucub2jtaeo9vgh1","time":1610924875,"event":{"mods":["BaseMod","BetterRewards","Minty Spire (QoL Compilation)","Quick Restart","Rare Cards Sparkle","Replay The Spire","StSLib"],"gold_per_floor":[114,131,56,166,181,206,225,241,241,257,257,285,303,312,312,312,312],"floor_reached":16,"language":"ENG","playtime":577,"items_purged":["Strike_R"],"score":106,"play_id":"04494483-207f-43dd-a92f-77ee7ca3fea8","local_time":"20210118000755","is_ascension_mode":false,"campfire_choices":[{"data":"Rampage","floor":11,"key":"SMITH"},{"data":"Uppercut","floor":15,"key":"SMITH"}],"circlet_count":0,"master_deck":["Strike_R","Strike_R","Strike_R","Strike_R","Defend_R","Defend_R","Defend_R","Defend_R","Bash","Rampage+1","Power Through","Shrug It Off","Havoc","Uppercut+1","Hallucinations"],"relics":["Burning Blood","NeowsBlessing","CeramicFish","Replay:Bottled Flurry","Pantograph","ReplayTheSpireMod:Ring of Challenge","ReplayTheSpireMod:Ring of Collecting"],"acts_visited":["Exordium"],"potions_floor_usage":[13,16,16],"damage_taken":[{"damage":0.0,"enemies":"Jaw Worm","floor":1.0,"turns":1.0},{"damage":0.0,"enemies":"Small Slimes","floor":2.0,"turns":1.0},{"damage":0.0,"enemies":"2 Louse","floor":5.0,"turns":1.0},{"damage":24.0,"enemies":"Replay:BlueRogue","floor":6.0,"turns":8.0},{"damage":0.0,"enemies":"Large Slime","floor":7.0,"turns":8.0},{"damage":16.0,"enemies":"Lots of Slimes","floor":8.0,"turns":6.0},{"damage":5,"enemies":"Exordium Wildlife","floor":10,"turns":3},{"damage":0,"enemies":"Looter","floor":12,"turns":4},{"damage":2,"enemies":"2 Fungi Beasts","floor":13,"turns":3},{"damage":101,"enemies":"Fading Forest","floor":16,"turns":10}],"seed_played":"-1938566761207866426","potions_obtained":[{"floor":1.0,"key":"Adrenaline Potion"},{"floor":5.0,"key":"Explosive Potion"},{"floor":6.0,"key":"Elixir"},{"floor":10,"key":"BlessingOfTheForge"}],"is_trial":false,"path_per_floor":["M","M","$","?","M","E","M","M","T","M","R","M","M","?","R","B"],"character_chosen":"IRONCLAD","items_purchased":[],"campfire_rested":0,"item_purchase_floors":[],"current_hp_per_floor":[80,80,80,60,66,48,54,44,44,45,45,51,55,55,55,0,0],"gold":312,"neow_bonus":"THREE_ENEMY_KILL","is_daily":false,"chose_seed":false,"campfire_upgraded":2,"win_rate":0.0,"timestamp":1610924875,"path_taken":["M","M","$","?","M","E","M","M","T","M","R","M","M","?","R","BOSS"],"items_purchased_type":[],"build_version":"2020-12-22","purchased_purges":1,"victory":false,"max_hp_per_floor":[80,80,80,80,80,80,80,80,80,80,80,80,80,80,80,80,80],"card_choices":[{"not_picked":["Shrug It Off","Clash"],"picked":"Rampage","floor":1.0},{"not_picked":["Twin Strike","Perfected Strike"],"picked":"Power Through","floor":2.0},{"not_picked":["Metallicize","Seeing Red"],"picked":"Shrug It Off","floor":4.0},{"not_picked":["Flex","Rage"],"picked":"Havoc","floor":4.0},{"not_picked":["Dropkick","Run Through","Cleave"],"picked":"SKIP","floor":5.0},{"not_picked":["Iron Wave","Cleave","Reaper"],"picked":"SKIP","floor":6.0},{"not_picked":["Sword Boomerang","Body Slam","Heavy Blade"],"picked":"SKIP","floor":7.0},{"not_picked":["Sword Boomerang","Clash","Dark Embrace"],"picked":"SKIP","floor":8.0},{"not_picked":["Anger","Pommel Strike","ReplayTheSpireMod:LeadingStrike"],"picked":"SKIP","floor":10},{"not_picked":["Pommel Strike","Whirlwind"],"picked":"Uppercut","floor":12},{"not_picked":["Body Slam","Second Wind","Burning Pact"],"picked":"SKIP","floor":13}],"player_experience":283977,"relics_obtained":[{"floor":4.0,"key":"CeramicFish"},{"floor":6.0,"key":"Replay:Bottled Flurry"},{"floor":9.0,"key":"Pantograph"},{"floor":14,"key":"ReplayTheSpireMod:Ring of Challenge"},{"floor":14,"key":"ReplayTheSpireMod:Ring of Collecting"}],"event_choices":[],"is_beta":false,"boss_relics":[],"items_purged_floors":[3],"is_endless":false,"potions_floor_spawned":[1,5,6,10,12],"killed_by":"Fading Forest","ascension_level":0}}