{"host":"oehe2dxjvdgux73m","time":1610885697,"event":{"mods":["AchievementEnabler","BaseMod","Colored Map","Colored Powertips","DeckTracker","Keyboard Shortcuts","Minty Spire (QoL Compilation)","Permanent Neow","Quick Restart","StSLib","SuperFastMode"],"gold_per_floor":[118,137,137,157,176,176,76,76,99,114,141,152,164,191,191,191,191],"floor_reached":16,"language":"KOR","playtime":485,"items_purged":["Strike_G"],"score":278,"play_id":"f587393d-ec87-459a-9200-4c2a75a445b9","local_time":"20210117211457","is_ascension_mode":true,"campfire_choices":[{"data":"Blade Dance","floor":6.0,"key":"SMITH"},{"data":"Neutralize","floor":8.0,"key":"SMITH"},{"data":"Cloak And Dagger","floor":15.0,"key":"SMITH"}],"circlet_count":0,"master_deck":["AscendersBane","Strike_G","Strike_G","Strike_G","Defend_G","Defend_G","Defend_G","Defend_G","Defend_G","Survivor","Neutralize+1","Quick Slash","PiercingWail","Blade Dance+1","Escape Plan","Finisher","Backflip","Underhanded Strike","Blade Dance","Blade Dance","Acrobatics","Cloak And Dagger+1"],"relics":["Ring of the Snake","PreservedInsect","Regal Pillow","Question Card"],"acts_visited":["Exordium"],"potions_floor_usage":[],"damage_taken":[{"damage":4.0,"enemies":"Jaw Worm","floor":1.0,"turns":6.0},{"damage":10.0,"enemies":"Cultist","floor":2.0,"turns":5.0},{"damage":2.0,"enemies":"2 Louse","floor":4.0,"turns":3.0},{"damage":4.0,"enemies":"Blue Slaver","floor":5.0,"turns":4.0},{"damage":0.0,"enemies":"Looter","floor":10.0,"turns":3.0},{"damage":0.0,"enemies":"Gremlin Nob","floor":11.0,"turns":2.0},{"damage":7.0,"enemies":"Gremlin Gang","floor":12.0,"turns":5.0},{"damage":3.0,"enemies":"2 Fungi Beasts","floor":13.0,"turns":3.0},{"damage":2.0,"enemies":"3 Sentries","floor":14.0,"turns":4.0},{"damage":36,"enemies":"Slime Boss","floor":16,"turns":8}],"seed_played":"8113352910967156181","potions_obtained":[{"floor":4.0,"key":"FearPotion"},{"floor":11.0,"key":"GamblersBrew"},{"floor":12.0,"key":"Fruit Juice"},{"floor":13.0,"key":"AttackPotion"}],"is_trial":false,"path_per_floor":["M","M","?","M","M","R","$","R","T","M","E","M","M","E","R","B"],"character_chosen":"THE_SILENT","items_purchased":["Backflip"],"campfire_rested":0,"item_purchase_floors":[7],"current_hp_per_floor":[55,45,45,43,39,39,39,39,39,39,39,32,34,32,32,0,0],"gold":191,"neow_bonus":"THREE_CARDS","is_daily":false,"chose_seed":false,"campfire_upgraded":3,"win_rate":0.0,"timestamp":1610885697,"path_taken":["M","M","?","M","M","R","?","R","T","M","E","?","M","E","R","BOSS"],"items_purchased_type":["Card"],"build_version":"2020-12-22","purchased_purges":1,"victory":false,"max_hp_per_floor":[66,66,66,66,66,66,66,66,66,66,66,66,71,71,71,71,71],"card_choices":[{"not_picked":["Outmaneuver","Catalyst"],"picked":"Quick Slash","floor":0.0},{"not_picked":["Endless Agony","Skewer"],"picked":"PiercingWail","floor":1.0},{"not_picked":["Tactician","Predator"],"picked":"Blade Dance","floor":2.0},{"not_picked":["Outmaneuver","Calculated Gamble"],"picked":"Escape Plan","floor":4.0},{"not_picked":["Bane","Poisoned Stab"],"picked":"Finisher","floor":5.0},{"not_picked":["Backflip","Sucker Punch"],"picked":"Underhanded Strike","floor":10.0},{"not_picked":["Sucker Punch","Heel Hook"],"picked":"Blade Dance","floor":11.0},{"not_picked":["Outmaneuver","Poisoned Stab"],"picked":"Blade Dance","floor":12.0},{"not_picked":["Blade Dance","Deadly Poison"],"picked":"Acrobatics","floor":13.0},{"not_picked":["Malaise","Flechettes"],"picked":"Cloak And Dagger","floor":14.0}],"player_experience":262902,"relics_obtained":[{"floor":9.0,"key":"PreservedInsect"},{"floor":11.0,"key":"Regal Pillow"},{"floor":14.0,"key":"Question Card"}],"event_choices":[{"cards_removed":["Strike_G"],"damage_healed":0.0,"max_hp_gain":0.0,"max_hp_loss":0.0,"gold_gain":0.0,"event_name":"Bonfire Elementals","player_choice":"Offered Basic","floor":3.0,"gold_loss":0.0,"damage_taken":0.0}],"is_beta":false,"boss_relics":[],"items_purged_floors":[7],"is_endless":false,"potions_floor_spawned":[4,11,12,13],"killed_by":"Slime Boss","ascension_level":20}}