{"host":"sav7uxregyirlf69","time":1610848999,"event":{"mods":["AchievementEnabler","BaseMod","Colored Map","DeckTracker","Keyboard Shortcuts","Minty Spire (QoL Compilation)","READ ME - Guardian Mod","StSLib","SuperFastMode"],"gold_per_floor":[115,115,63,81,81,115,115,129,156,186,203,87,87,160,160,250,250,273,273,288,304,320,320,338,338,338,358,358,371,16,47,47,143,143,157,177,510,526,237,262,262,262,310,84,110,129,156,170,170,170,170],"floor_reached":50,"language":"KOR","playtime":1501,"items_purged":["Strike_G","Strike_G","Strike_G","Strike_G"],"score":1299,"play_id":"5de023e6-e521-4b3b-91bb-c44b37a65a0b","local_time":"20210117110319","is_ascension_mode":true,"campfire_choices":[{"data":"Dagger Spray","floor":7,"key":"SMITH"},{"data":"Adrenaline","floor":15,"key":"SMITH"},{"data":"Reflex","floor":23,"key":"SMITH"},{"floor":25,"key":"REST"},{"data":"Well Laid Plans","floor":28,"key":"SMITH"},{"data":"Discovery","floor":32,"key":"SMITH"},{"floor":49,"key":"RECALL"}],"circlet_count":0,"master_deck":["AscendersBane","Strike_G","Defend_G","Defend_G","Defend_G","Defend_G","Defend_G","Survivor","Neutralize+1","Flying Knee","Dagger Spray+1","Dash","Adrenaline+1","Dagger Throw+1","Dagger Throw+1","Reflex+1","After Image","Prepared+1","Well Laid Plans+1","Adrenaline","Reflex","Footwork","Discovery+1","After Image","Backflip","Adrenaline","Footwork"],"relics":["Ring of the Snake","NeowsBlessing","MealTicket","Molten Egg 2","Bag of Marbles","Happy Flower","Nunchaku","Sozu","PreservedInsect","Boot","HoveringKite","Sling","Art of War","White Beast Statue","Ginger"],"acts_visited":["Exordium","TheCity","TheBeyond"],"potions_floor_usage":[16,20,33],"damage_taken":[{"damage":0,"enemies":"2 Louse","floor":1,"turns":1},{"damage":0,"enemies":"Jaw Worm","floor":4,"turns":1},{"damage":0,"enemies":"3 Sentries","floor":6,"turns":1},{"damage":0,"enemies":"Small Slimes","floor":8,"turns":3},{"damage":21,"enemies":"Lagavulin","floor":10,"turns":6},{"damage":0,"enemies":"3 Louse","floor":11,"turns":2},{"damage":0,"enemies":"Gremlin Nob","floor":14,"turns":3},{"damage":12,"enemies":"Slime Boss","floor":16,"turns":6},{"damage":12,"enemies":"Shell Parasite","floor":18,"turns":4},{"damage":0,"enemies":"Spheric Guardian","floor":20,"turns":3},{"damage":23,"enemies":"Snecko","floor":21,"turns":7},{"damage":0,"enemies":"Centurion and Healer","floor":22,"turns":6},{"damage":0,"enemies":"3 Cultists","floor":24,"turns":3},{"damage":0,"enemies":"Cultist and Chosen","floor":27,"turns":3},{"damage":0,"enemies":"Centurion and Healer","floor":29,"turns":4},{"damage":0,"enemies":"Book of Stabbing","floor":31,"turns":2},{"damage":33,"enemies":"Collector","floor":33,"turns":14},{"damage":0,"enemies":"3 Shapes","floor":35,"turns":6},{"damage":7,"enemies":"Orb Walker","floor":36,"turns":3},{"damage":3,"enemies":"3 Darklings","floor":38,"turns":6},{"damage":14,"enemies":"Reptomancer","floor":40,"turns":7},{"damage":0,"enemies":"Nemesis","floor":45,"turns":5},{"damage":0,"enemies":"Spire Growth","floor":46,"turns":3},{"damage":10,"enemies":"Giant Head","floor":47,"turns":8},{"damage":4,"enemies":"4 Shapes","floor":48,"turns":3},{"damage":47,"enemies":"Time Eater","floor":50,"turns":17}],"seed_played":"8207135202164579015","potions_obtained":[{"floor":1,"key":"Dexterity Potion"},{"floor":6,"key":"EssenceOfSteel"},{"floor":14,"key":"Fire Potion"},{"floor":16,"key":"CunningPotion"}],"is_trial":false,"path_per_floor":["M","?","$","M","T","E","R","M","T","E","M","$","?","?","R","B",null,"M","?","M","M","M","R","M","R","T","M","R","M","$","E","R","B",null,"M","M","?","M","$","E","?","?","T","$","E","M","E","M","R","B"],"character_chosen":"THE_SILENT","items_purchased":["Dagger Spray","Reflex","Reflex","Footwork","Discovery","Sling","Footwork"],"campfire_rested":1,"item_purchase_floors":[3,12,30,30,30,39,44],"current_hp_per_floor":[59,64,64,64,64,64,64,64,64,43,43,58,58,58,58,46,60,48,48,48,25,25,25,25,44,44,44,44,44,59,59,59,26,55,55,48,48,45,60,46,46,46,46,61,61,61,51,47,47,0,0],"gold":170,"neow_bonus":"THREE_ENEMY_KILL","is_daily":false,"chose_seed":false,"campfire_upgraded":5,"win_rate":0.0,"timestamp":1610848999,"path_taken":["M","?","$","M","?","E","R","M","T","E","M","?","?","?","R","BOSS","M","?","M","?","M","R","M","R","T","M","R","M","$","E","R","BOSS","M","M","?","M","$","E","?","?","T","$","E","M","E","M","R","BOSS"],"items_purchased_type":["Card","Card","Card","Card","Card","Relic","Card"],"build_version":"2020-12-22","purchased_purges":4,"victory":false,"max_hp_per_floor":[66,71,71,71,71,71,71,71,71,71,71,71,64,64,64,64,64,64,64,64,64,64,64,64,64,64,64,64,64,64,64,64,64,64,64,64,64,64,64,64,64,64,64,64,64,64,64,64,64,64,64],"card_choices":[{"not_picked":["Dodge and Roll","Flechettes"],"picked":"Flying Knee","floor":1},{"not_picked":["Poisoned Stab","Dodge and Roll"],"picked":"Dash","floor":4},{"not_picked":["Flechettes+1","Infinite Blades"],"picked":"Adrenaline","floor":6},{"not_picked":["Leg Sweep","Deadly Poison"],"picked":"Dagger Throw+1","floor":8},{"not_picked":["Choke+1","Bouncing Flask","Blade Dance"],"picked":"SKIP","floor":10},{"not_picked":["Deflect","Outmaneuver"],"picked":"Dagger Throw+1","floor":11},{"not_picked":["Storm of Steel","A Thousand Cuts"],"picked":"After Image","floor":16},{"not_picked":["Setup+1","Slice+1","Dodge and Roll"],"picked":"SKIP","floor":18},{"not_picked":["PiercingWail","Cloak And Dagger+1"],"picked":"Prepared+1","floor":20},{"not_picked":["Bane+1","Sucker Punch+1"],"picked":"Well Laid Plans","floor":21},{"not_picked":["Deflect","Expertise","Underhanded Strike+1"],"picked":"SKIP","floor":22},{"not_picked":["Deflect+1","Flying Knee+1"],"picked":"Adrenaline","floor":24},{"not_picked":["PiercingWail","Prepared","Setup"],"picked":"SKIP","floor":27},{"not_picked":["Dodge and Roll","Outmaneuver","Bane+1"],"picked":"SKIP","floor":29},{"not_picked":["Prepared","Reflex","Choke+1"],"picked":"SKIP","floor":31},{"not_picked":["Venomology","Corpse Explosion"],"picked":"After Image","floor":33},{"not_picked":["Slice+1","Heel Hook+1","Predator+1"],"picked":"SKIP","floor":35},{"not_picked":["Reflex","All Out Attack+1","Quick Slash+1"],"picked":"SKIP","floor":36},{"not_picked":["Outmaneuver","Underhanded Strike+1"],"picked":"Backflip","floor":38},{"not_picked":["Underhanded Strike+1","Concentrate"],"picked":"Adrenaline","floor":40},{"not_picked":["Finisher+1","Skewer+1","Bane+1"],"picked":"SKIP","floor":45},{"not_picked":["Deadly Poison","Sucker Punch+1","Endless Agony+1"],"picked":"SKIP","floor":46},{"not_picked":["Crippling Poison+1","Expertise+1","Glass Knife+1"],"picked":"SKIP","floor":47},{"not_picked":["Endless Agony+1","Poisoned Stab+1","Dagger Spray+1"],"picked":"SKIP","floor":48}],"player_experience":1298611,"relics_obtained":[{"floor":5,"key":"MealTicket"},{"floor":6,"key":"Molten Egg 2"},{"floor":9,"key":"Bag of Marbles"},{"floor":10,"key":"Happy Flower"},{"floor":14,"key":"Nunchaku"},{"floor":26,"key":"PreservedInsect"},{"floor":31,"key":"Boot"},{"floor":40,"key":"Art of War"},{"floor":45,"key":"White Beast Statue"},{"floor":47,"key":"Ginger"}],"event_choices":[{"damage_healed":0,"gold_gain":0,"player_choice":"Donut","damage_taken":0,"max_hp_gain":5,"max_hp_loss":0,"event_name":"Big Fish","floor":2,"gold_loss":0},{"damage_healed":0,"gold_gain":0,"player_choice":"Lose Max HP","damage_taken":0,"relics_obtained":["Golden Idol"],"max_hp_gain":0,"max_hp_loss":7,"event_name":"Golden Idol","floor":13,"gold_loss":0},{"damage_healed":0,"gold_gain":0,"player_choice":"Searched \u00271\u0027 times","damage_taken":0,"max_hp_gain":0,"max_hp_loss":0,"event_name":"Dead Adventurer","floor":14,"gold_loss":0},{"damage_healed":0,"gold_gain":0,"player_choice":"Forge","damage_taken":0,"max_hp_gain":0,"max_hp_loss":0,"event_name":"Accursed Blacksmith","floor":19,"gold_loss":0,"cards_upgraded":["Neutralize"]},{"damage_healed":0,"gold_gain":333,"player_choice":"Gave Idol","damage_taken":0,"max_hp_gain":0,"max_hp_loss":0,"event_name":"The Moai Head","floor":37,"relics_lost":["Golden Idol"],"gold_loss":0},{"damage_healed":0,"gold_gain":0,"player_choice":"Ignored","damage_taken":0,"max_hp_gain":0,"max_hp_loss":0,"event_name":"Tomb of Lord Red Mask","floor":41,"gold_loss":0},{"damage_healed":0,"gold_gain":0,"player_choice":"Got Potions","damage_taken":0,"max_hp_gain":0,"max_hp_loss":0,"event_name":"Lab","floor":42,"gold_loss":0}],"is_beta":false,"boss_relics":[{"not_picked":["Ectoplasm","Runic Dome"],"picked":"Sozu"},{"not_picked":["Tiny House","Black Star"],"picked":"HoveringKite"}],"items_purged_floors":[12,30,39,44],"is_endless":false,"potions_floor_spawned":[1,6,10,14,16,18,20,22,33,36,46,47,48],"killed_by":"Time Eater","ascension_level":20}}