{"host":"wghdsg8ym2wc7ov9","time":1610872151,"event":{"mods":["AchievementEnabler","Astrologer","BaseMod","Beaked The Cultist","Better Altar","Better Note","Colored Map","Downfall","Hermit","Highlight Path","Jorbs\u0027s Wanderer Trilogy","KinomotoSakuraMod(????)","Minty Spire (QoL Compilation)","Random Character Button","Relic Stats","SIMod","Shop Mod","StSLib","The Blackbeard","The Bladedancer","The Construct","The Cursed","The Death Knight","The Gatherer","The Hierophant","The Marked","The Mystic","The Necromancer","The Runesmith","The Senshi","The Servant 0.9.4"],"gold_per_floor":[213,233,233,246,256,256,256,289,289,320,320,338,396,410,410,410,410],"floor_reached":16,"language":"ENG","playtime":2131,"items_purged":[],"score":112,"play_id":"48edc630-183a-454a-96be-a17304904c43","local_time":"20210117002911","is_ascension_mode":false,"campfire_choices":[{"floor":6,"key":"RECALL"},{"floor":11,"key":"REST"},{"floor":15,"key":"REST"}],"circlet_count":0,"master_deck":["mysticmod:Strike_Mystic","mysticmod:Strike_Mystic","mysticmod:Strike_Mystic","mysticmod:Strike_Mystic","mysticmod:Defend_Mystic","mysticmod:Defend_Mystic","mysticmod:Defend_Mystic","mysticmod:Defend_Mystic","mysticmod:ArcaneDodge","mysticmod:ShockingGrasp","mysticmod:PunishingArmor","mysticmod:ComponentsPouch","mysticmod:Riposte","mysticmod:Sideswipe","mysticmod:LightningBolt","mysticmod:MysticalShield","mysticmod:Flourish","mysticmod:HeavyStrike","mysticmod:Disengage","mysticmod:MightyMagic","mysticmod:IllusionOfCalm"],"relics":["mysticmod:SpellBook","Dream Catcher","mysticmod:RabbitsFoot","Matryoshka","Pen Nib","HornCleat"],"acts_visited":["Exordium"],"potions_floor_usage":[10,13,16,16,16],"damage_taken":[{"damage":0,"enemies":"2 Louse","floor":1,"turns":2},{"damage":2,"enemies":"Jaw Worm","floor":2,"turns":5},{"damage":0,"enemies":"Small Slimes","floor":4,"turns":2},{"damage":0,"enemies":"Blue Slaver","floor":5,"turns":3},{"damage":48,"enemies":"Lagavulin","floor":8,"turns":7},{"damage":14,"enemies":"Gremlin Nob","floor":10,"turns":4},{"damage":15,"enemies":"Lots of Slimes","floor":12,"turns":4},{"damage":5,"enemies":"Gremlin Nob","floor":13,"turns":3},{"damage":0,"enemies":"2 Fungi Beasts","floor":14,"turns":3},{"damage":39,"enemies":"Slime Boss","floor":16,"turns":14}],"seed_played":"1714270635996070534","potions_obtained":[{"floor":4,"key":"bronze:BurnAndBuffPotion"},{"floor":5,"key":"Strength Potion"},{"floor":10,"key":"SpeedPotion"},{"floor":12,"key":"SteroidPotion"},{"floor":14,"key":"SpeedPotion"}],"is_trial":false,"path_per_floor":["M","M","?","M","M","R","T","E","T","E","R","M","?","M","R","B"],"character_chosen":"MYSTIC_CLASS","items_purchased":[],"campfire_rested":2,"item_purchase_floors":[],"current_hp_per_floor":[77,75,75,75,75,75,75,27,27,13,36,21,16,16,39,0,0],"gold":410,"neow_bonus":"HUNDRED_GOLD","is_daily":false,"chose_seed":false,"campfire_upgraded":0,"win_rate":0.0,"timestamp":1610872151,"path_taken":["M","M","?","M","M","R","?","E","T","E","R","M","?","M","R","BOSS"],"items_purchased_type":[],"build_version":"2020-12-22","purchased_purges":0,"victory":false,"max_hp_per_floor":[77,77,77,77,77,77,77,77,77,77,77,77,77,77,77,77,77],"relic_stats":{"Dream Catcher":2,"counters":[10,47],"Pen Nib":[4],"obtain_stats":[{"Dream Catcher":7,"Matryoshka":9,"HornCleat":13,"mysticmod:RabbitsFoot":8,"mysticmod:SpellBook":0,"Pen Nib":10},{"Dream Catcher":4,"Matryoshka":5,"HornCleat":8,"mysticmod:RabbitsFoot":5,"mysticmod:SpellBook":0,"Pen Nib":6},{"Dream Catcher":12,"Matryoshka":19,"HornCleat":30,"mysticmod:RabbitsFoot":19,"mysticmod:SpellBook":0,"Pen Nib":23}]},"card_choices":[{"not_picked":["mysticmod:Probe","mysticmod:Feint"],"picked":"mysticmod:PunishingArmor","floor":1},{"not_picked":["mysticmod:CorrosiveTouch","mysticmod:EarthenWall"],"picked":"mysticmod:ComponentsPouch","floor":2},{"not_picked":["mysticmod:EarthenWall","mysticmod:ChargedParry"],"picked":"mysticmod:Riposte","floor":4},{"not_picked":["mysticmod:Feint","mysticmod:Shield"],"picked":"mysticmod:Sideswipe","floor":5},{"not_picked":["mysticmod:Sideswipe","mysticmod:Grease"],"picked":"mysticmod:LightningBolt","floor":8},{"not_picked":["mysticmod:Fly","mysticmod:Sideswipe"],"picked":"mysticmod:MysticalShield","floor":10},{"not_picked":["mysticmod:EarthenWall","mysticmod:Snowball"],"picked":"mysticmod:Flourish","floor":11},{"not_picked":["mysticmod:BulkUp","mysticmod:Sideswipe"],"picked":"mysticmod:HeavyStrike","floor":12},{"not_picked":["mysticmod:AllIn","mysticmod:DiviningBlow"],"picked":"mysticmod:Disengage","floor":13},{"not_picked":["mysticmod:DiviningBlow","mysticmod:BulkUp"],"picked":"mysticmod:MightyMagic","floor":14},{"not_picked":["mysticmod:LightningBolt","mysticmod:Shield"],"picked":"mysticmod:IllusionOfCalm","floor":15}],"player_experience":691575,"relics_obtained":[{"floor":7,"key":"Dream Catcher"},{"floor":8,"key":"mysticmod:RabbitsFoot"},{"floor":9,"key":"Matryoshka"},{"floor":10,"key":"Pen Nib"},{"floor":13,"key":"HornCleat"}],"event_choices":[{"damage_healed":0,"gold_gain":0,"player_choice":"Ignored","damage_taken":0,"max_hp_gain":0,"max_hp_loss":0,"event_name":"Golden Wing","floor":3,"gold_loss":0},{"damage_healed":0,"gold_gain":0,"player_choice":"Searched \u00272\u0027 times","damage_taken":0,"max_hp_gain":0,"max_hp_loss":0,"event_name":"Dead Adventurer","floor":13,"gold_loss":0}],"is_beta":false,"boss_relics":[],"items_purged_floors":[],"is_endless":false,"potions_floor_spawned":[4,5,10,12,14],"killed_by":"Slime Boss","ascension_level":0}}