{"host":"bplbr8uekuotory4","time":1610868056,"event":{"mods":["Act Like it!","BaseMod","Custom Start","Gensokyo","GungeonMod","Hermit","KinomotoSakuraMod(木之本樱)","Koishi","Marisa（F雨　魔理沙）","Minty Spire (QoL Compilation)","Prisma Mod","Quick Restart","Reimu（博丽灵梦）","SOS（斯巴达之子）","Spicy Shops","StSLib","TestMod","The Alterego","The Blackbeard","The Cursed","The Marked","The Mystic","The Runesmith","The Saiyan","The Servant 0.9.4","Yuri Mod","[IsaacMod]以撒尖塔","vexMod"],"gold_per_floor":[113,125,125,144,33,78,108,108,108,108],"floor_reached":8,"language":"ZHS","playtime":182,"items_purged":["blackbeard:BlackbeardDefend"],"score":73,"play_id":"3c011c5e-249c-42e9-aca5-54b7dab56c57","local_time":"20210117152056","is_ascension_mode":true,"campfire_choices":[],"circlet_count":0,"master_deck":["blackbeard:BlackbeardStrike","blackbeard:BlackbeardStrike","blackbeard:BlackbeardStrike","blackbeard:IntimidatingStrike","blackbeard:BlackbeardDefend","blackbeard:BlackbeardDefend","blackbeard:BlackbeardDefend","blackbeard:Cutlass","blackbeard:CannonBarrage","blackbeard:Boarding","blackbeard:Rum","blackbeard:PowerHungry","blackbeard:RearmingStrike"],"relics":["blackbeard:LoadTheCannons","testmod-TestBox","HushsDoor","SteamSale","testmod-Charity","NeowsBlessing","blackbeard:TreasureChest","DemoMod:Metronome"],"acts_visited":["Exordium"],"potions_floor_usage":[6],"damage_taken":[{"damage":0,"enemies":"Jaw Worm","floor":1,"turns":1},{"damage":0,"enemies":"2 Louse","floor":2,"turns":1},{"damage":0,"enemies":"Small Slimes","floor":4,"turns":1},{"damage":56,"enemies":"Lagavulin","floor":6,"turns":8},{"damage":1,"enemies":"3 Louse","floor":7,"turns":2},{"damage":29,"enemies":"Gremlin Nob","floor":8,"turns":3}],"seed_played":"5114418008205341621","potions_obtained":[{"floor":1,"key":"Dexterity Potion"},{"floor":4,"key":"DuplicationPotion"},{"floor":6,"key":"DemoMod:LeadSkinPotion"}],"is_trial":false,"path_per_floor":["M","M","?","M","$","E","M","E"],"character_chosen":"BLACKBEARD_CLASS","items_purchased":["blackbeard:TreasureChest"],"campfire_rested":0,"item_purchase_floors":[5],"current_hp_per_floor":[76,77,77,78,78,24,25,0,0,0],"gold":108,"neow_bonus":"THREE_ENEMY_KILL","is_daily":false,"chose_seed":false,"campfire_upgraded":0,"win_rate":0.0,"timestamp":1610868056,"path_taken":["M","M","?","M","$","E","M","E"],"items_purchased_type":["Relic"],"build_version":"2020-12-22","purchased_purges":1,"victory":false,"max_hp_per_floor":[76,77,77,78,78,80,82,82,82,82],"card_choices":[{"not_picked":["blackbeard:Fencing","blackbeard:GoldenDefense"],"picked":"blackbeard:CannonBarrage","floor":1},{"not_picked":["blackbeard:GoldenDefense","blackbeard:Sharpening"],"picked":"blackbeard:Boarding","floor":2},{"not_picked":["blackbeard:BountyHunter","blackbeard:WiseDefense"],"picked":"blackbeard:Rum","floor":4},{"not_picked":["blackbeard:GoldenCannonball","blackbeard:CloakAndCannonball"],"picked":"blackbeard:PowerHungry","floor":6},{"not_picked":["blackbeard:WiseDefense","blackbeard:Rum"],"picked":"blackbeard:RearmingStrike","floor":7}],"player_experience":1218881,"relics_obtained":[{"floor":6,"key":"DemoMod:Metronome"}],"event_choices":[{"cards_removed":["blackbeard:BlackbeardStrike"],"damage_healed":0,"gold_gain":0,"player_choice":"Forget","damage_taken":0,"max_hp_gain":0,"max_hp_loss":0,"event_name":"Living Wall","floor":3,"gold_loss":0}],"is_beta":false,"boss_relics":[],"items_purged_floors":[5],"is_endless":false,"potions_floor_spawned":[1,4,6],"killed_by":"Gremlin Nob","ascension_level":5}}