{"host":"kdt6w7ix8lwe69i9","time":1610906337,"event":{"mods":["100% Spire Juice","Bartender","BaseMod","ChefMod","Downfall","Fiend Mod","Jorbs\u0027s Wanderer Trilogy","Minty Spire (QoL Compilation)","Reimu（博丽灵梦）","Robot Space Explorer","Shade Mod","StSLib","The Caster","The Cursed","The Disciple","The Dragon Tamer","The Druid","The Fake Hero","The Forsaken","The Gatherer","The Marked","TheBandit","TheSwordswoman"],"gold_per_floor":[111,386,399,417,417,417,448,458,458,458,478,503,503,522,522,627,627,639,19,37,50,50,50,83,83,160,55,75,106,106,120,120,223,223,241,168,168,186,206,234,234,264,264,275,275,275,286,286,286],"floor_reached":48,"language":"ENG","playtime":5867,"items_purged":[],"score":592,"play_id":"d6117d9c-c19a-4616-a5b3-f79ed3aa2d13","local_time":"20210117125857","is_ascension_mode":false,"campfire_choices":[{"data":"chefmod:Fillet","floor":6,"key":"SMITH"},{"data":"chefmod:FreezeSolid","floor":10,"key":"SMITH"},{"data":"chefmod:QuickThaw","floor":15,"key":"SMITH"},{"floor":23,"key":"REST"},{"floor":30,"key":"REST"},{"floor":32,"key":"RECALL"},{"floor":41,"key":"REST"}],"circlet_count":0,"master_deck":["chefmod:Strike+1","chefmod:Strike+1","chefmod:QuickThaw+1","chefmod:Defend+1","chefmod:Defend+1","chefmod:TodaysSpecial","chefmod:Fillet+1","chefmod:BaoBuns","chefmod:FreezeSolid+1","chefmod:BleedOut","chefmod:Chop","chefmod:Granita+1","chefmod:Sorbet+1","chefmod:ColdSteel","chefmod:CandyBowl+1","chefmod:TwoForOne+1","chefmod:Flambe+1","chefmod:RaidPantry+1","chefmod:DimSum+1","chefmod:TodaysSpecial+1","chefmod:FreezerBurn","chefmod:FarmersMarket+1","chefmod:FreshProduce","chefmod:KnifeFlurry","chefmod:SaveForLater+1","chefmod:Escargot+1","chefmod:ColdSteel+1","chefmod:FiveAlarmChili","chefmod:VegetableTart+1","chefmod:FrozenTuna","chefmod:Fillet","chefmod:Cleavers","chefmod:SearedScallops+1","chefmod:Gelato+1","chefmod:Canape+1","chefmod:LiquidNitrogen+1","chefmod:FarmersMarket+1","Madness+1","Madness+1","Master of Strategy+1","Sadistic Nature","Forethought+1","chefmod:SliceAndDice"],"relics":["chefmod:TrustyPot","Protect_Vest","Toxic Egg 2","Darkstone Periapt","StrikeDummy","Astrolabe","Mercury Hourglass","DollysMirror","Meat on the Bone","Ancient Tea Set","Bottled Tornado","Centennial Puzzle","Fiend:Scarf","Kunai","Eternal Feather"],"acts_visited":["Exordium","TheCity","TheBeyond"],"potions_floor_usage":[12,16,24,24,27,33,40,44,47],"damage_taken":[{"damage":0,"enemies":"Jaw Worm","floor":1,"turns":5},{"damage":1,"enemies":"Cultist","floor":3,"turns":4},{"damage":0,"enemies":"Small Slimes","floor":4,"turns":3},{"damage":9,"enemies":"Gremlin Nob","floor":7,"turns":5},{"damage":0,"enemies":"Blue Slaver","floor":8,"turns":4},{"damage":8,"enemies":"Exordium Thugs","floor":11,"turns":5},{"damage":9,"enemies":"3 Sentries","floor":12,"turns":10},{"damage":3,"enemies":"Lots of Slimes","floor":14,"turns":5},{"damage":24,"enemies":"Slime Boss","floor":16,"turns":10},{"damage":0,"enemies":"Shell Parasite","floor":18,"turns":5},{"damage":26,"enemies":"2 Thieves","floor":20,"turns":5},{"damage":10,"enemies":"Centurion and Healer","floor":21,"turns":8},{"damage":28,"enemies":"Slavers","floor":24,"turns":4},{"damage":2,"enemies":"Snake Plant","floor":28,"turns":4},{"damage":26,"enemies":"Book of Stabbing","floor":29,"turns":6},{"damage":12,"enemies":"Cultist and Chosen","floor":31,"turns":6},{"damage":43,"enemies":"Collector","floor":33,"turns":10},{"damage":12,"enemies":"3 Darklings","floor":35,"turns":4},{"damage":3,"enemies":"3 Shapes","floor":38,"turns":2},{"damage":30,"enemies":"Spire Growth","floor":39,"turns":5},{"damage":6,"enemies":"Nemesis","floor":40,"turns":5},{"damage":4,"enemies":"Giant Head","floor":42,"turns":7},{"damage":21,"enemies":"Sphere and 2 Shapes","floor":44,"turns":4},{"damage":20,"enemies":"Jaw Worm Horde","floor":47,"turns":3},{"damage":15,"enemies":"Reptomancer","floor":48,"turns":2}],"seed_played":"-5480074858149139343","potions_obtained":[{"floor":3,"key":"LiquidBronze"},{"floor":8,"key":"Strength Potion"},{"floor":14,"key":"Dexterity Potion"},{"floor":18,"key":"CultistPotion"},{"floor":31,"key":"sneckomod:MuddlingPotion"},{"floor":33,"key":"Slimebound:ThreeZeroPotion"},{"floor":35,"key":"Swift Potion"},{"floor":42,"key":"champ:CounterPotion"},{"floor":47,"key":"BlessingOfTheForge"}],"is_trial":false,"path_per_floor":["M","?","M","M","?","R","E","M","T","R","M","E","?","M","R","B",null,"M","$","M","M","T","R","E","?","T","$","M","E","R","M","R","B",null,"M","$","?","M","M","E","R","E","T","M","?","?","M","E"],"character_chosen":"THE_CHEF","items_purchased":["Mercury Hourglass","DollysMirror","chefmod:FreezerBurn","chefmod:FarmersMarket+1","chefmod:FreshProduce","Fruit Juice","chefmod:Cleavers"],"campfire_rested":3,"item_purchase_floors":[19,19,19,19,19,27,36],"current_hp_per_floor":[76,76,75,75,68,68,59,59,59,59,51,42,42,39,39,15,76,76,76,50,40,40,62,46,46,46,51,49,35,59,47,47,16,81,69,69,69,66,48,42,66,62,62,41,31,21,13,0,0],"gold":286,"neow_bonus":"RANDOM_COMMON_RELIC","is_daily":false,"chose_seed":false,"campfire_upgraded":3,"win_rate":0.0,"timestamp":1610906337,"path_taken":["M","?","?","M","?","R","E","M","T","R","M","E","?","?","R","BOSS","M","$","?","M","?","R","E","?","T","?","M","E","R","M","R","BOSS","M","$","?","M","M","E","R","E","T","M","?","?","M","E"],"items_purchased_type":["Relic","Relic","Card","Card","Card","Potion","Card"],"build_version":"2020-12-22","purchased_purges":0,"victory":false,"max_hp_per_floor":[76,76,76,76,76,76,76,76,76,76,76,76,76,76,76,76,76,76,76,76,76,76,76,76,76,76,81,81,81,81,81,81,81,81,81,81,81,81,81,81,81,81,81,81,81,81,81,81,81],"card_choices":[{"not_picked":["chefmod:FryPan","chefmod:Sorbet"],"picked":"chefmod:Fillet","floor":1},{"not_picked":["chefmod:AllYouCanEat","chefmod:Granita"],"picked":"chefmod:BaoBuns","floor":3},{"not_picked":["chefmod:AllYouCanEat","chefmod:FarmersMarket"],"picked":"chefmod:FreezeSolid","floor":4},{"not_picked":["chefmod:TonkotsuRamen+1","chefmod:SaveForLater+1"],"picked":"chefmod:BleedOut","floor":7},{"not_picked":["chefmod:KnifeFlurry","chefmod:Canape+1"],"picked":"chefmod:Chop","floor":8},{"not_picked":["chefmod:FryPan","chefmod:IcePick"],"picked":"chefmod:Granita+1","floor":11},{"not_picked":["chefmod:AlooGobi+1","chefmod:FreezeSolid"],"picked":"chefmod:Sorbet+1","floor":12},{"not_picked":["chefmod:Bruschetta+1","chefmod:ZaruSoba+1"],"picked":"chefmod:ColdSteel","floor":14},{"not_picked":["chefmod:TastyDistraction","chefmod:RisingDough+1"],"picked":"chefmod:CandyBowl+1","floor":16},{"not_picked":["chefmod:Defrost+1","chefmod:CuttingBoard"],"picked":"chefmod:DimSum+1","floor":18},{"not_picked":["chefmod:Defrost+1","chefmod:Granita+1"],"picked":"chefmod:KnifeFlurry","floor":20},{"not_picked":["chefmod:BleedOut","chefmod:Defrost+1"],"picked":"chefmod:SaveForLater+1","floor":21},{"not_picked":["chefmod:CuttingBoard","chefmod:CleanHouse+1"],"picked":"chefmod:Escargot+1","floor":24},{"not_picked":["chefmod:AllYouCanEat+1","chefmod:Sorbet+1"],"picked":"chefmod:ColdSteel+1","floor":28},{"not_picked":["chefmod:Fillet","chefmod:CapreseSalad+1"],"picked":"chefmod:FiveAlarmChili","floor":29},{"not_picked":["chefmod:Escargot","chefmod:DinoKale+1"],"picked":"chefmod:VegetableTart+1","floor":31},{"not_picked":["chefmod:RaidPantry+1","chefmod:Mince"],"picked":"chefmod:FrozenTuna","floor":33},{"not_picked":["chefmod:DinoKale+1","chefmod:Escargot+1"],"picked":"chefmod:Fillet","floor":35},{"not_picked":["chefmod:BaoBuns+1","chefmod:AllYouCanEat+1"],"picked":"chefmod:SearedScallops+1","floor":38},{"not_picked":["chefmod:Defrost+1","chefmod:Granita+1"],"picked":"chefmod:Gelato+1","floor":39},{"not_picked":["chefmod:SliceAndDice","chefmod:Omelette+1"],"picked":"chefmod:Canape+1","floor":40},{"not_picked":["chefmod:Cleavers","chefmod:ColdSteel"],"picked":"chefmod:LiquidNitrogen+1","floor":42},{"not_picked":["chefmod:Gelato+1","chefmod:ZaruSoba+1"],"picked":"chefmod:FarmersMarket+1","floor":44},{"not_picked":["Good Instincts+1","Blind+1"],"picked":"Master of Strategy+1","floor":46},{"not_picked":["Master of Strategy+1","Deep Breath+1"],"picked":"Sadistic Nature","floor":46},{"not_picked":["PanicButton+1","Flash of Steel"],"picked":"Forethought+1","floor":46},{"not_picked":["chefmod:ZaruSoba+1","chefmod:FryPan+1"],"picked":"chefmod:SliceAndDice","floor":47}],"player_experience":1844636,"relics_obtained":[{"floor":7,"key":"Toxic Egg 2"},{"floor":9,"key":"Darkstone Periapt"},{"floor":12,"key":"StrikeDummy"},{"floor":22,"key":"Meat on the Bone"},{"floor":24,"key":"Ancient Tea Set"},{"floor":26,"key":"Bottled Tornado"},{"floor":29,"key":"Centennial Puzzle"},{"floor":40,"key":"Kunai"},{"floor":42,"key":"Eternal Feather"}],"event_choices":[{"damage_healed":0,"gold_gain":275,"player_choice":"Desecrate","damage_taken":0,"max_hp_gain":0,"max_hp_loss":0,"event_name":"Golden Shrine","floor":2,"gold_loss":0,"cards_obtained":["Regret"]},{"cards_removed":["Regret"],"damage_healed":0,"gold_gain":0,"player_choice":"Card Removal","damage_taken":7,"max_hp_gain":0,"max_hp_loss":0,"event_name":"Golden Wing","floor":5,"gold_loss":0},{"cards_removed":["chefmod:Defend"],"damage_healed":0,"gold_gain":0,"player_choice":"Offered Basic","damage_taken":0,"max_hp_gain":0,"max_hp_loss":0,"event_name":"Bonfire Elementals","floor":13,"gold_loss":0},{"damage_healed":0,"gold_gain":0,"player_choice":"Simplicity","damage_taken":0,"max_hp_gain":0,"max_hp_loss":0,"event_name":"Back to Basics","floor":25,"gold_loss":0,"cards_upgraded":["chefmod:Strike","chefmod:Strike","chefmod:Defend","chefmod:Defend"]},{"damage_healed":0,"gold_gain":0,"player_choice":"Embrace Madness","damage_taken":10,"max_hp_gain":0,"max_hp_loss":0,"event_name":"Winding Halls","floor":45,"gold_loss":0,"cards_obtained":["Madness","Madness"]},{"damage_healed":0,"gold_gain":0,"player_choice":"Memory 3","damage_taken":10,"max_hp_gain":0,"max_hp_loss":0,"event_name":"SensoryStone","floor":46,"gold_loss":0}],"is_beta":false,"boss_relics":[{"not_picked":["theForsaken:PaleLantern","RedLine:ReiMu"],"picked":"Astrolabe"},{"not_picked":["Runic Pyramid","Busted Crown"],"picked":"Fiend:Scarf"}],"items_purged_floors":[],"is_endless":false,"potions_floor_spawned":[3,8,14,18,31,33,35,42,47],"killed_by":"Reptomancer","ascension_level":0}}