{"host":"ff4g3thpm8pmsxyp","time":1610885734,"event":{"mods":["AchievementEnabler","BaseMod","Better Altar","Better Match","Better Note","Better Sensory Stone","Better Skull","Colored Map","DeckTracker","Highlight Path","Minty Spire (QoL Compilation)","Permanent Neow","Rare Cards Sparkle","Relic Stats","StSLib","SuperFastMode"],"gold_per_floor":[359,359,369,64,82,117,117,150,150,150,150],"floor_reached":10,"language":"ENG","playtime":432,"items_purged":["Defend_P"],"score":91,"play_id":"4f08c34b-b3de-4064-8edf-285f4d8248d6","local_time":"20210117071534","is_ascension_mode":true,"campfire_choices":[{"floor":7,"key":"REST"}],"circlet_count":0,"master_deck":["Strike_P","Strike_P","Strike_P","Strike_P","Defend_P","Defend_P","Eruption","Vigilance","ThirdEye","Meditate","Consecrate","MentalFortress","CutThroughFate","JustLucky","Wallop","SpiritShield"],"relics":["PureWater","Melange","Question Card","The Courier","Pantograph"],"acts_visited":["Exordium"],"potions_floor_usage":[],"damage_taken":[{"damage":0.0,"enemies":"Small Slimes","floor":1.0,"turns":4.0},{"damage":0.0,"enemies":"Cultist","floor":3.0,"turns":2.0},{"damage":5,"enemies":"Jaw Worm","floor":5,"turns":2},{"damage":21,"enemies":"3 Sentries","floor":6,"turns":8},{"damage":28,"enemies":"Lagavulin","floor":8,"turns":8},{"damage":21,"enemies":"3 Sentries","floor":10,"turns":2}],"seed_played":"6657164613126671601","potions_obtained":[{"floor":3.0,"key":"GamblersBrew"}],"is_trial":false,"path_per_floor":["M","?","M","$","M","E","R","E","T","E"],"character_chosen":"WATCHER","items_purchased":["MentalFortress","CutThroughFate","Melange"],"campfire_rested":1,"item_purchase_floors":[4,4,4],"current_hp_per_floor":[51,51,51,51,46,25,46,18,18,0,0],"gold":150,"neow_bonus":"TWO_FIFTY_GOLD","is_daily":false,"chose_seed":false,"campfire_upgraded":0,"win_rate":0.0,"timestamp":1610885734,"path_taken":["M","?","M","$","M","E","R","E","T","E"],"items_purchased_type":["Card","Card","Relic"],"build_version":"2020-12-22","purchased_purges":1,"victory":false,"max_hp_per_floor":[72,72,72,72,72,72,72,72,72,72,72],"relic_stats":{"counters":[6,26],"Pantograph":0,"Melange":[18],"Question Card":1,"obtain_stats":[{"Pantograph":9,"Melange":4,"The Courier":8,"PureWater":0,"Question Card":6},{"Pantograph":5,"Melange":2,"The Courier":5,"PureWater":0,"Question Card":4},{"Pantograph":24,"Melange":6,"The Courier":24,"PureWater":0,"Question Card":16}]},"card_choices":[{"not_picked":["Prostrate","JustLucky"],"picked":"ThirdEye","floor":1.0},{"not_picked":["FlyingSleeves","CarveReality"],"picked":"Consecrate","floor":3.0},{"not_picked":["Prostrate","Blasphemy"],"picked":"JustLucky","floor":5},{"not_picked":["Perseverance","Worship"],"picked":"Wallop","floor":6},{"not_picked":["SashWhip","Indignation","PathToVictory"],"picked":"SpiritShield","floor":8}],"player_experience":266834,"relics_obtained":[{"floor":6,"key":"Question Card"},{"floor":8,"key":"The Courier"},{"floor":9,"key":"Pantograph"}],"event_choices":[{"damage_healed":0.0,"max_hp_gain":0.0,"max_hp_loss":0.0,"gold_gain":0.0,"cards_transformed":["Defend_P"],"event_name":"Transmorgrifier","player_choice":"Transformed","floor":2.0,"gold_loss":0.0,"damage_taken":0.0,"cards_obtained":["Meditate"]}],"is_beta":false,"boss_relics":[],"items_purged_floors":[4],"is_endless":false,"potions_floor_spawned":[3],"killed_by":"3 Sentries","ascension_level":4}}