{"host":"Qube","time":1610910141,"event":{"mods":["AchievementEnabler","BaseMod","Colored Map","Colored Powertips","Minty Spire (QoL Compilation)","Quick Restart","Random Character Button","StSLib"],"gold_per_floor":[118,43,93,93,18,18,50,66,66,66,66],"floor_reached":10,"language":"ENG","playtime":237,"items_purged":[],"score":128,"play_id":"af789163-3eec-4f35-a329-a4e55fe26a25","local_time":"20210117110221","is_ascension_mode":true,"campfire_choices":[{"data":"Footwork","floor":6,"key":"SMITH"}],"circlet_count":0,"master_deck":["AscendersBane","Strike_G","Strike_G","Strike_G","Strike_G","Strike_G","Defend_G","Defend_G","Defend_G","Defend_G","Survivor","Neutralize","Finisher+1","Footwork+1","Blade Dance","Blade Dance"],"relics":["Ring of the Snake","Calipers","Tiny Chest","Blood Vial","Lantern"],"acts_visited":["Exordium"],"potions_floor_usage":[7],"damage_taken":[{"damage":1,"enemies":"2 Louse","floor":1,"turns":4},{"damage":10,"enemies":"Lagavulin","floor":7,"turns":9},{"damage":0,"enemies":"Jaw Worm","floor":8,"turns":4},{"damage":41,"enemies":"Gremlin Nob","floor":10,"turns":3}],"seed_played":"6661987689236248821","potions_obtained":[{"floor":1,"key":"PowerPotion"}],"is_trial":false,"path_per_floor":["M","?","T","?","$","R","E","M","T","E"],"character_chosen":"THE_SILENT","items_purchased":["Footwork"],"campfire_rested":0,"item_purchase_floors":[5],"current_hp_per_floor":[43,43,43,43,43,43,33,35,35,0,0],"gold":66,"neow_bonus":"ONE_RARE_RELIC","is_daily":false,"chose_seed":false,"campfire_upgraded":1,"win_rate":0.0,"timestamp":1610910141,"path_taken":["M","?","?","?","?","R","E","?","T","E"],"items_purchased_type":["Card"],"build_version":"2020-12-18","purchased_purges":0,"victory":false,"max_hp_per_floor":[66,66,66,66,66,66,66,66,66,66,66],"card_choices":[{"not_picked":["Well Laid Plans","Acrobatics"],"picked":"Finisher","floor":1},{"not_picked":["Skewer","Heel Hook"],"picked":"Blade Dance","floor":7},{"not_picked":["Dodge and Roll","Caltrops"],"picked":"Blade Dance","floor":8}],"player_experience":912075,"relics_obtained":[{"floor":3,"key":"Tiny Chest"},{"floor":7,"key":"Blood Vial"},{"floor":9,"key":"Lantern"}],"event_choices":[{"cards_removed":["Defend_G"],"damage_healed":0,"gold_gain":0,"player_choice":"Card Removal","damage_taken":0,"max_hp_gain":0,"max_hp_loss":0,"event_name":"The Cleric","floor":2,"gold_loss":75},{"damage_healed":0,"gold_gain":0,"player_choice":"Grow","damage_taken":0,"max_hp_gain":0,"max_hp_loss":0,"event_name":"Living Wall","floor":4,"gold_loss":0,"cards_upgraded":["Finisher"]}],"is_beta":true,"boss_relics":[],"items_purged_floors":[],"is_endless":false,"potions_floor_spawned":[1],"killed_by":"Gremlin Nob","ascension_level":20}}