{"host":"xwog71r75u8mqwn1","time":1610902931,"event":{"mods":["BaseMod","Evolution","Minty Spire (QoL Compilation)","StSLib"],"gold_per_floor":[119,129,204,222,65,65,91,91,91,120,120,120,138,158,158,263,263,273,29,48,48,66,66,66,66,66,76,89,117,130,130,130,235,235,255,305,205,216,568,588,588,618,641,641,101,135,155,184,184,184,184,184,34,68,68,68],"floor_reached":55,"language":"ENG","playtime":3018,"items_purged":["Strike_R","Clumsy","Normality","Defend_R"],"score":1291,"play_id":"68e81835-3bc2-42a6-95de-24e34627a543","local_time":"20210117110211","is_ascension_mode":true,"campfire_choices":[{"data":"Rupture","floor":6,"key":"SMITH"},{"floor":8,"key":"REST"},{"data":"Rupture","floor":12,"key":"SMITH"},{"data":"Blood for Blood","floor":15,"key":"SMITH"},{"data":"Bash","floor":23,"key":"SMITH"},{"data":"Battle Trance","floor":25,"key":"SMITH"},{"data":"Brutality","floor":32,"key":"SMITH"},{"data":"Metallicize","floor":41,"key":"SMITH"},{"data":"Metallicize","floor":44,"key":"SMITH"},{"floor":49,"key":"RECALL"},{"data":"Metallicize","floor":52,"key":"SMITH"}],"circlet_count":0,"master_deck":["AscendersBane","Headbutt","Headbutt","Headbutt","Defend_R","Bash+1","Rupture+1","Rupture+1","Blood for Blood+1","Bloodletting","Battle Trance+1","Metallicize+1","Metallicize+1","Bloodletting","Brutality+1","Heavy Blade+1","Pummel","Metallicize+1","Headbutt+1","Sever Soul+1","Second Wind+1","Rage+1","Limit Break"],"relics":["Burning Blood","EVO:Axolotl","NeowsBlessing","Darkstone Periapt","Thread and Needle","Magic Flower","Cursed Key","Meat on the Bone","InkBottle","Mummified Hand","MutagenicStrength","Astrolabe","Charon\u0027s Ashes","Old Coin","Strawberry","PreservedInsect","Eternal Feather","Torii","Centennial Puzzle","Akabeko"],"acts_visited":["Exordium","TheCity","TheBeyond","TheEnding"],"potions_floor_usage":[18,29,29,39,50,55],"damage_taken":[{"damage":0,"enemies":"2 Louse","floor":1,"turns":1},{"damage":0,"enemies":"Jaw Worm","floor":2,"turns":1},{"damage":0,"enemies":"Small Slimes","floor":4,"turns":1},{"damage":53,"enemies":"3 Sentries","floor":7,"turns":8},{"damage":22,"enemies":"Gremlin Nob","floor":10,"turns":3},{"damage":11,"enemies":"Exordium Wildlife","floor":13,"turns":3},{"damage":7,"enemies":"Blue Slaver","floor":14,"turns":4},{"damage":44,"enemies":"Hexaghost","floor":16,"turns":5},{"damage":25,"enemies":"3 Byrds","floor":18,"turns":4},{"damage":11,"enemies":"Shell Parasite","floor":20,"turns":3},{"damage":21,"enemies":"Snake Plant","floor":22,"turns":3},{"damage":19,"enemies":"3 Cultists","floor":27,"turns":3},{"damage":17,"enemies":"Shelled Parasite and Fungi","floor":28,"turns":3},{"damage":86,"enemies":"Slavers","floor":29,"turns":5},{"damage":19,"enemies":"Centurion and Healer","floor":30,"turns":4},{"damage":25,"enemies":"Champ","floor":33,"turns":4},{"damage":36,"enemies":"3 Shapes","floor":35,"turns":3},{"damage":9,"enemies":"Mind Bloom Boss Battle","floor":36,"turns":4},{"damage":28,"enemies":"3 Darklings","floor":38,"turns":4},{"damage":20,"enemies":"2 Orb Walkers","floor":39,"turns":3},{"damage":35,"enemies":"Jaw Worm Horde","floor":40,"turns":4},{"damage":26,"enemies":"Nemesis","floor":42,"turns":5},{"damage":27,"enemies":"Reptomancer","floor":46,"turns":4},{"damage":41,"enemies":"4 Shapes","floor":47,"turns":5},{"damage":14,"enemies":"Giant Head","floor":48,"turns":3},{"damage":57,"enemies":"Time Eater","floor":50,"turns":4},{"damage":14,"enemies":"Shield and Spear","floor":54,"turns":2},{"damage":93,"enemies":"The Heart","floor":55,"turns":5}],"seed_played":"-65622048420170078","potions_obtained":[{"floor":1,"key":"BloodPotion"},{"floor":10,"key":"Energy Potion"},{"floor":22,"key":"Weak Potion"},{"floor":27,"key":"Regen Potion"},{"floor":28,"key":"BloodPotion"},{"floor":33,"key":"Weak Potion"},{"floor":35,"key":"Ancient Potion"},{"floor":39,"key":"GamblersBrew"}],"is_trial":false,"path_per_floor":["M","M","?","M","$","R","E","R","T","E","?","R","M","M","R","B",null,"M","$","M","?","M","R","$","R","T","M","M","E","M","?","R","B",null,"M","?","$","M","?","M","R","E","T","R","$","E","M","E","R","B",null,"R","$","E","B"],"character_chosen":"IRONCLAD","items_purchased":["Bloodletting","Meat on the Bone","PreservedInsect","Eternal Feather"],"campfire_rested":1,"item_purchase_floors":[5,19,45,45],"current_hp_per_floor":[78,80,69,75,75,75,28,52,52,36,62,62,60,62,62,27,67,51,51,67,67,55,55,55,55,61,69,61,54,62,62,62,64,81,54,54,54,53,60,52,52,60,66,66,66,66,52,65,77,47,86,98,98,93,0,0],"gold":68,"neow_bonus":"THREE_ENEMY_KILL","is_daily":false,"chose_seed":false,"campfire_upgraded":9,"win_rate":0.0,"timestamp":1610902931,"path_taken":["M","M","?","M","$","R","E","R","T","E","?","R","M","M","R","BOSS","M","$","M","?","M","R","$","R","T","M","M","E","M","?","R","BOSS","M","?","$","M","?","M","R","E","T","R","?","E","M","E","R","BOSS","R","$","E","BOSS"],"items_purchased_type":["Card","Relic","Relic","Relic"],"build_version":"2020-12-22","purchased_purges":4,"victory":false,"max_hp_per_floor":[80,80,80,80,80,80,80,80,80,80,80,80,80,80,80,80,80,80,80,80,80,80,80,80,80,86,86,86,86,86,86,86,86,86,86,86,86,86,86,86,86,93,99,99,99,99,99,99,99,99,99,99,99,99,99,99],"card_choices":[{"not_picked":["Infernal Blade","Anger"],"picked":"Rupture","floor":1},{"not_picked":["Anger","Havoc"],"picked":"Rupture","floor":2},{"not_picked":["Disarm","Reckless Charge"],"picked":"Blood for Blood","floor":4},{"not_picked":["Blood for Blood","Thunderclap"],"picked":"Battle Trance","floor":7},{"not_picked":["Dark Embrace","Flex"],"picked":"Metallicize","floor":10},{"not_picked":["Shrug It Off","Intimidate"],"picked":"Metallicize","floor":13},{"not_picked":["Infernal Blade","Power Through"],"picked":"Bloodletting","floor":14},{"not_picked":["Berserk","Double Tap"],"picked":"Brutality","floor":16},{"not_picked":["Combust","Clash"],"picked":"Heavy Blade+1","floor":18},{"not_picked":["Fire Breathing","Headbutt"],"picked":"Pummel","floor":20},{"not_picked":["Clothesline","Combust","Battle Trance"],"picked":"SKIP","floor":22},{"not_picked":["True Grit","Clothesline"],"picked":"Metallicize","floor":27},{"not_picked":["Intimidate","Hemokinesis+1","Body Slam"],"picked":"SKIP","floor":28},{"not_picked":["Combust","Thunderclap","Inflame"],"picked":"SKIP","floor":29},{"not_picked":["Thunderclap","Perfected Strike","Wild Strike"],"picked":"SKIP","floor":30},{"not_picked":["Sword Boomerang+1","Pommel Strike","Armaments"],"picked":"SKIP","floor":35},{"not_picked":["Power Through","Headbutt"],"picked":"Rage+1","floor":36},{"not_picked":["Twin Strike","Havoc","Whirlwind"],"picked":"SKIP","floor":38},{"not_picked":["Spot Weakness","Entrench","Disarm"],"picked":"SKIP","floor":40},{"not_picked":["True Grit","Battle Trance","Dual Wield"],"picked":"SKIP","floor":42},{"not_picked":["Sword Boomerang","Whirlwind","Havoc"],"picked":"SKIP","floor":46},{"not_picked":["Blood for Blood","Dark Embrace","Dual Wield"],"picked":"SKIP","floor":47},{"not_picked":["Rampage","Body Slam","Clothesline+1"],"picked":"SKIP","floor":48},{"not_picked":["Ghostly Armor","Havoc"],"picked":"Limit Break","floor":54}],"player_experience":2460684,"relics_obtained":[{"floor":7,"key":"Darkstone Periapt"},{"floor":9,"key":"Thread and Needle"},{"floor":10,"key":"Magic Flower"},{"floor":26,"key":"InkBottle"},{"floor":29,"key":"Mummified Hand"},{"floor":36,"key":"Charon\u0027s Ashes"},{"floor":39,"key":"Old Coin"},{"floor":42,"key":"Strawberry"},{"floor":46,"key":"Torii"},{"floor":48,"key":"Centennial Puzzle"},{"floor":54,"key":"Akabeko"}],"event_choices":[{"damage_healed":0,"gold_gain":75,"player_choice":"Gather Gold","damage_taken":11,"max_hp_gain":0,"max_hp_loss":0,"event_name":"World of Goop","floor":3,"gold_loss":0},{"damage_healed":26,"gold_gain":0,"player_choice":"Banana","damage_taken":0,"max_hp_gain":0,"max_hp_loss":0,"event_name":"Big Fish","floor":11,"gold_loss":0},{"damage_healed":0,"gold_gain":0,"player_choice":"Inject Mutagens","damage_taken":0,"relics_obtained":["MutagenicStrength"],"max_hp_gain":0,"max_hp_loss":0,"event_name":"Drug Dealer","floor":31,"gold_loss":0},{"damage_healed":0,"gold_gain":0,"player_choice":"Fight","damage_taken":0,"max_hp_gain":0,"max_hp_loss":0,"event_name":"MindBloom","floor":36,"gold_loss":0},{"damage_healed":0,"gold_gain":0,"player_choice":"Fight","damage_taken":0,"max_hp_gain":0,"max_hp_loss":0,"event_name":"Mysterious Sphere","floor":39,"gold_loss":0}],"is_beta":false,"boss_relics":[{"not_picked":["Busted Crown","Snecko Eye"],"picked":"Cursed Key"},{"not_picked":["Velvet Choker","Calling Bell"],"picked":"Astrolabe"}],"items_purged_floors":[5,37,45,53],"is_endless":false,"potions_floor_spawned":[1,10,13,22,27,28,33,35,36,39,47],"killed_by":"The Heart","ascension_level":12}}