{"host":"dw8ij7emqco3quom","time":1610844202,"event":{"mods":["BaseMod","Minty Spire (QoL Compilation)"],"gold_per_floor":[112,212,231,160,178,178,192,192,192,267,267,267,301,154,154,257,257,269,281,281,292,292,207,207,207,207],"floor_reached":25,"language":"FRA","playtime":1944,"items_purged":[],"score":249,"play_id":"9b148f31-0390-4d16-8889-fc1db438e77e","local_time":"20210117014322","is_ascension_mode":true,"campfire_choices":[{"data":"Blur","floor":6.0,"key":"SMITH"},{"floor":8.0,"key":"REST"},{"data":"Cloak And Dagger","floor":11.0,"key":"SMITH"},{"floor":15.0,"key":"REST"},{"floor":24,"key":"REST"}],"circlet_count":0,"master_deck":["Strike_G","Strike_G","Strike_G","Strike_G","Defend_G","Defend_G","Defend_G","Defend_G","Survivor","Neutralize","Backstab","Quick Slash","Dash","Blur+1","Cloak And Dagger+1","Corpse Explosion","Underhanded Strike","Backstab","Accuracy"],"relics":["Empty Cage","HornCleat","Tough Bandages","Pen Nib","Sozu","Tingsha"],"acts_visited":["Exordium","TheCity"],"potions_floor_usage":[16,16],"damage_taken":[{"damage":6.0,"enemies":"Jaw Worm","floor":1.0,"turns":5.0},{"damage":1.0,"enemies":"Cultist","floor":3.0,"turns":3.0},{"damage":0.0,"enemies":"2 Louse","floor":5.0,"turns":1.0},{"damage":8.0,"enemies":"Looter","floor":7.0,"turns":2.0},{"damage":2.0,"enemies":"Gremlin Nob","floor":13.0,"turns":3.0},{"damage":53,"enemies":"Hexaghost","floor":16,"turns":15},{"damage":2,"enemies":"Chosen","floor":18,"turns":5},{"damage":5,"enemies":"Shell Parasite","floor":19,"turns":7},{"damage":12,"enemies":"Snecko","floor":21,"turns":7},{"damage":67,"enemies":"Gremlin Leader","floor":25,"turns":7}],"seed_played":"-7950718876230828602","potions_obtained":[{"floor":1.0,"key":"SteroidPotion"},{"floor":5.0,"key":"Poison Potion"},{"floor":7.0,"key":"DuplicationPotion"},{"floor":13.0,"key":"BlessingOfTheForge"}],"is_trial":false,"path_per_floor":["M","?","M","$","M","R","M","R","T","?","R","?","E","$","R","B",null,"M","M","?","M","?","?","R","E"],"character_chosen":"THE_SILENT","items_purchased":["Dash","Pen Nib"],"campfire_rested":3,"item_purchase_floors":[4,14],"current_hp_per_floor":[64,64,63,63,63,63,55,70,70,59,59,59,57,57,70,17,57,55,50,50,38,38,38,59,0,0],"gold":207,"neow_bonus":"BOSS_RELIC","is_daily":false,"chose_seed":false,"campfire_upgraded":2,"win_rate":0.0,"timestamp":1610844202,"path_taken":["M","?","M","$","M","R","?","R","T","?","R","?","E","$","R","BOSS","M","M","?","M","?","?","R","E"],"items_purchased_type":["Card","Relic"],"build_version":"2020-12-22","purchased_purges":0,"victory":false,"max_hp_per_floor":[70,70,70,70,70,70,70,70,70,70,70,70,70,70,70,70,70,70,70,70,70,70,70,70,70,70],"card_choices":[{"not_picked":["Reflex","Flechettes"],"picked":"Backstab","floor":1.0},{"not_picked":["Slice","Expertise"],"picked":"Quick Slash","floor":3.0},{"not_picked":["Sucker Punch","Catalyst"],"picked":"Blur","floor":5.0},{"not_picked":["All Out Attack","Masterful Stab"],"picked":"Cloak And Dagger","floor":7.0},{"not_picked":["Catalyst","Dodge and Roll","Backflip"],"picked":"SKIP","floor":13.0},{"not_picked":["A Thousand Cuts","Storm of Steel"],"picked":"Corpse Explosion","floor":16},{"not_picked":["Quick Slash","Deflect+1"],"picked":"Underhanded Strike","floor":18},{"not_picked":["Expertise+1","Bane+1"],"picked":"Backstab","floor":19},{"not_picked":["Backflip","Crippling Poison+1"],"picked":"Accuracy","floor":21}],"player_experience":659771,"relics_obtained":[{"floor":9.0,"key":"HornCleat"},{"floor":13.0,"key":"Tough Bandages"}],"event_choices":[{"damage_healed":0.0,"max_hp_gain":0.0,"max_hp_loss":0.0,"gold_gain":100.0,"event_name":"Golden Shrine","player_choice":"Pray","floor":2.0,"gold_loss":0.0,"damage_taken":0.0},{"damage_healed":0.0,"max_hp_gain":0.0,"max_hp_loss":0.0,"gold_gain":75.0,"event_name":"World of Goop","player_choice":"Gather Gold","floor":10.0,"gold_loss":0.0,"damage_taken":11.0},{"damage_healed":0.0,"max_hp_gain":0.0,"max_hp_loss":0.0,"gold_gain":0.0,"event_name":"Liars Game","player_choice":"Ignored","floor":12.0,"gold_loss":0.0,"damage_taken":0.0},{"damage_healed":0,"gold_gain":0,"player_choice":"Ignored","damage_taken":0,"max_hp_gain":0,"max_hp_loss":0,"event_name":"Ghosts","floor":20,"gold_loss":0},{"damage_healed":0,"gold_gain":0,"player_choice":"Ignored","damage_taken":0,"max_hp_gain":0,"max_hp_loss":0,"event_name":"Beggar","floor":22,"gold_loss":0},{"damage_healed":0,"gold_gain":0,"player_choice":"Obtained Relic","damage_taken":0,"relics_obtained":["Tingsha"],"max_hp_gain":0,"max_hp_loss":0,"event_name":"Addict","floor":23,"gold_loss":85}],"is_beta":false,"boss_relics":[{"not_picked":["Astrolabe","Snecko Eye"],"picked":"Sozu"}],"items_purged_floors":[],"is_endless":false,"potions_floor_spawned":[1,5,7,13,18,19],"killed_by":"Gremlin Leader","ascension_level":5}}