{"host":"363c1o4m0ew2jbar","time":1610886432,"event":{"mods":["AchievementEnabler","BaseMod","Better Note","Downfall","Hubris","Minty Spire (QoL Compilation)","StSLib"],"gold_per_floor":[99,113,113,129,129,143,211,13,13,29,29,29,29],"floor_reached":12,"language":"ENG","playtime":632,"items_purged":["bronze:BuggyMess"],"score":68,"play_id":"63869b3b-8884-40a3-bd63-76c848b34d7b","local_time":"20210117022712","is_ascension_mode":false,"campfire_choices":[{"floor":1,"key":"RECALL"},{"data":"bronze:Goto","floor":9,"key":"SMITH"}],"circlet_count":0,"master_deck":["bronze:Strike","bronze:Strike","bronze:Strike","bronze:Strike","bronze:Defend","bronze:Defend","bronze:Defend","bronze:Defend","bronze:Replicate","bronze:Goto+1","bronze:Backtrace","bronze:NullPointer","bronze:Boost","bronze:Fortify+1","bronze:MaxOutput"],"relics":["bronze:BronzeCore","hubris:Towel","The Courier"],"acts_visited":["Exordium"],"potions_floor_usage":[10,12],"damage_taken":[{"damage":3,"enemies":"2 Louse","floor":2,"turns":3},{"damage":0,"enemies":"Small Slimes","floor":4,"turns":3},{"damage":10,"enemies":"Jaw Worm","floor":6,"turns":4},{"damage":0,"enemies":"downfall:FleeingMerchant","floor":8,"turns":4},{"damage":7,"enemies":"2 Fungi Beasts","floor":10,"turns":4},{"damage":30,"enemies":"3 Sentries","floor":12,"turns":10}],"seed_played":"5227544392805675285","potions_obtained":[{"floor":2,"key":"Weak Potion"},{"floor":6,"key":"ColorlessPotion"},{"floor":10,"key":"hexamod:SoulburnPotion"}],"is_trial":false,"path_per_floor":["R","M","?","M","?","M","T","$","R","M","?","E"],"character_chosen":"THE_AUTOMATON","items_purchased":["bronze:Boost","bronze:Fortify"],"campfire_rested":0,"item_purchase_floors":[8,8],"current_hp_per_floor":[77,74,74,74,74,64,64,64,64,57,57,27,27],"gold":29,"neow_bonus":"TEN_PERCENT_HP_BONUS","is_daily":false,"chose_seed":false,"campfire_upgraded":1,"win_rate":0.0,"timestamp":1610886432,"path_taken":["R","M","?","M","?","M","T","?","R","M","?","E"],"items_purchased_type":["Card","Card"],"build_version":"2020-12-22","purchased_purges":1,"victory":false,"max_hp_per_floor":[77,77,77,77,77,77,77,77,77,77,77,77,77],"card_choices":[{"not_picked":["bronze:MaxOutput","bronze:ForceShield"],"picked":"bronze:Backtrace","floor":2},{"not_picked":["bronze:CloningBeam","bronze:Iterate"],"picked":"bronze:BuggyMess","floor":4},{"not_picked":["bronze:DigitalCarnage","bronze:Overheat"],"picked":"bronze:NullPointer","floor":6},{"not_picked":["bronze:WildBeam","bronze:Deprecate","bronze:Frontload"],"picked":"SKIP","floor":8},{"not_picked":["bronze:BugBarrage","bronze:HyperBeam"],"picked":"bronze:MaxOutput","floor":10}],"player_experience":1204323,"relics_obtained":[{"floor":7,"key":"The Courier"}],"event_choices":[],"is_beta":false,"boss_relics":[],"items_purged_floors":[8],"is_endless":false,"potions_floor_spawned":[2,6,10],"killed_by":"3 Sentries","ascension_level":0}}