{"host":"dzc8cchcquikqbpv","time":1610900051,"event":{"mods":["BaseMod","BetterRewards","Colored Map","Colored Powertips","Dark Map","Downfall","Fox Events","Good Game Mod","Highlight Path","Infinite Spire","Minty Spire (QoL Compilation)","Permanent Neow","Shop Mod","StSLib"],"gold_per_floor":[125,137,161,185,197,243,255,292,331,343,411,22,36,52,52,182,282,301,316,341,341,341,341],"floor_reached":22,"language":"ENG","playtime":1377,"items_purged":[],"score":188,"play_id":"cbee23a8-44fb-4256-ab95-5261b72a6934","local_time":"20210117161411","is_ascension_mode":false,"campfire_choices":[{"floor":7,"key":"REST"},{"data":"Bash","floor":10,"key":"SMITH"},{"data":"Enlightenment","floor":15,"key":"SMITH"}],"circlet_count":0,"master_deck":["Strike_R","Strike_R","Strike_R","Strike_R","Strike_R","Defend_R","Defend_R","Defend_R","Defend_R","Bash+1","The Bomb","Shrug It Off","Clothesline","Sword Boomerang","Injury","Thunderclap","Twin Strike","Iron Wave","Enlightenment+1","Entrench","Uppercut","Flex","Cleave+1","Shrug It Off+1"],"relics":["Burning Blood","REME:ComplimentaryCards","MawBank","Regal Pillow","Golden Idol","Toy Ornithopter","Boot","foxEvents:LuckyCharm","Orichalcum","Strange Spoon","Black Star","Incense Burner"],"acts_visited":["Exordium","TheCity"],"potions_floor_usage":[19,20],"damage_taken":[{"damage":2,"enemies":"Small Slimes","floor":1,"turns":5},{"damage":1,"enemies":"Cultist","floor":3,"turns":3},{"damage":0,"enemies":"2 Louse","floor":4,"turns":5},{"damage":35,"enemies":"Lagavulin","floor":6,"turns":8},{"damage":6,"enemies":"Large Slime","floor":8,"turns":6},{"damage":18,"enemies":"Colosseum Slavers","floor":11,"turns":5},{"damage":2,"enemies":"Looter","floor":13,"turns":4},{"damage":7,"enemies":"2 Fungi Beasts","floor":14,"turns":4},{"damage":18,"enemies":"Slime Boss","floor":16,"turns":9},{"damage":38,"enemies":"3 Byrds","floor":18,"turns":6},{"damage":5,"enemies":"Shell Parasite","floor":19,"turns":5},{"damage":30,"enemies":"Centurion and Healer","floor":20,"turns":7},{"damage":39,"enemies":"3 Cultists","floor":22,"turns":4}],"seed_played":"-2320859208968593229","potions_obtained":[{"floor":1,"key":"SmokeBomb"},{"floor":8,"key":"GamblersBrew"},{"floor":13,"key":"SpeedPotion"},{"floor":14,"key":"EntropicBrew"},{"floor":16,"key":"Block Potion"},{"floor":19,"key":"AttackPotion"},{"floor":20,"key":"FearPotion"}],"is_trial":false,"path_per_floor":["M","?","M","M","?","E","R","M","T","R","?","$","M","M","R","B",null,"M","M","M","AVR","M"],"character_chosen":"IRONCLAD","items_purchased":["Orichalcum","Strange Spoon","Enlightenment"],"campfire_rested":1,"item_purchase_floors":[12,12,12],"current_hp_per_floor":[80,80,80,80,80,51,80,80,80,80,68,68,72,71,71,59,80,48,54,35,35,0,0],"gold":341,"neow_bonus":"RANDOM_COMMON_RELIC","is_daily":false,"chose_seed":false,"campfire_upgraded":2,"win_rate":0.0,"timestamp":1610900051,"path_taken":["M","?","?","M","?","E","R","M","T","R","?","$","M","M","R","BOSS","M","M","M","AVR","M"],"items_purchased_type":["Relic","Relic","Card"],"build_version":"2020-12-22","purchased_purges":0,"victory":false,"max_hp_per_floor":[80,80,80,80,80,80,80,80,80,80,80,80,80,80,80,80,80,80,80,80,80,80,80],"card_choices":[{"not_picked":["Armaments","Pommel Strike"],"picked":"Shrug It Off","floor":1},{"not_picked":["Reckless Charge","Blood for Blood"],"picked":"Clothesline","floor":3},{"not_picked":["Pommel Strike","Bludgeon"],"picked":"Sword Boomerang","floor":4},{"not_picked":["Berserk","Blood for Blood"],"picked":"Thunderclap","floor":6},{"not_picked":["True Grit","Flame Barrier"],"picked":"Twin Strike","floor":8},{"not_picked":["Carnage","Brutality"],"picked":"Iron Wave","floor":11},{"not_picked":["Shrug It Off","Power Through"],"picked":"Entrench","floor":13},{"not_picked":["Perfected Strike","Body Slam"],"picked":"Uppercut","floor":14},{"not_picked":["True Grit","Perfected Strike+1"],"picked":"Flex","floor":18},{"not_picked":["Feel No Pain+1","Flex"],"picked":"Cleave+1","floor":19},{"not_picked":["True Grit","Brutality"],"picked":"Shrug It Off+1","floor":20}],"player_experience":15425,"relics_obtained":[{"floor":6,"key":"Toy Ornithopter"},{"floor":9,"key":"Boot"},{"floor":11,"key":"foxEvents:LuckyCharm"}],"event_choices":[{"damage_healed":0,"gold_gain":0,"player_choice":"Gave Potion","damage_taken":0,"relics_obtained":["Regal Pillow"],"max_hp_gain":0,"max_hp_loss":0,"event_name":"WeMeetAgain","floor":2,"gold_loss":0},{"damage_healed":0,"gold_gain":0,"player_choice":"Take Wound","damage_taken":0,"relics_obtained":["Golden Idol"],"max_hp_gain":0,"max_hp_loss":0,"event_name":"Golden Idol","floor":5,"gold_loss":0,"cards_obtained":["Injury"]}],"is_beta":false,"boss_relics":[{"not_picked":["bronze:MakeshiftBattery","Cursed Key"],"picked":"Black Star"}],"items_purged_floors":[],"is_endless":false,"potions_floor_spawned":[1,8,13,14,16,19,20],"killed_by":"3 Cultists","ascension_level":0}}