{"host":"87el7b8v1k6ok70c","time":1610849412,"event":{"mods":["BaseMod","Downfall","Minty Spire (QoL Compilation)","StSLib"],"gold_per_floor":[99,113,128,403,416,416,416,442,458,39,39,39,39,55,73,171,171,171,189,212,312,312,347,347,363,380,122,222,222,241,96,111,215,215,215,234,251,265,275,289,335,335,364,364,364,387,442,474,489,489],"floor_reached":51,"language":"ZHS","playtime":3615,"items_purged":["Regret","champ:Taunt+1"],"score":1029,"play_id":"190e8e56-35a8-4a96-a283-ab83e5f3ef5f","local_time":"20210117101012","is_ascension_mode":false,"campfire_choices":[{"floor":1.0,"key":"RECALL"},{"data":"champ:StanceDance","floor":6.0,"key":"SMITH"},{"data":"champ:Execute","floor":13.0,"key":"SMITH"},{"data":"champ:CrownThrow","floor":18.0,"key":"SMITH"},{"data":"champ:ShieldWall","floor":35,"key":"SMITH"},{"data":"champ:PerfectedStrike","floor":44,"key":"SMITH"}],"circlet_count":0,"master_deck":["champ:Execute+1","champ:StanceDance+1","champ:ShieldWall+1","champ:FlashCut","champ:EnGarde+1","champ:TornadoPunch","champ:PerfectedStrike+1","Finesse+1","champ:BerserkersShout+1","champ:UltimateStance+1","champ:DefensiveShout+1","champ:Encircle","champ:CalledShot+1","champ:RecklessLeap","champ:IgnorePain+1","champ:SteelEdge","champ:Lariat+1","champ:CrownThrow+1","champ:StanceDance+1","Necronomicurse","champ:SkillfulDodge+1","champ:BringItOn+1","champ:Backstep+1","champ:Endure+1","champ:FocusedDefense+1","champ:RapidStrikes+1","champ:ShieldSlam+1","champ:SetATrap+1","champ:HoldFirm+1","champ:DefensiveShout+1","champ:Shatter+1","champ:FanOfKnives+1"],"relics":["champ:ChampionCrown","Toxic Egg 2","MealTicket","Matryoshka","Pandora\u0027s Box","Nunchaku","Happy Flower","Necronomicon","Bottled Lightning","Pantograph","Ancient Tea Set","Lee\u0027s Waffle","Eternal Feather","champ:BlackKnightHelmet","Mummified Hand","Toolbox","Letter Opener","SlaversCollar","Shuriken","Oddly Smooth Stone","Regal Pillow","Bronze Scales"],"acts_visited":["TheBeyond"],"potions_floor_usage":[50],"damage_taken":[{"damage":13.0,"enemies":"Jaw Worm","floor":2.0,"turns":4.0},{"damage":11.0,"enemies":"Cultist","floor":3.0,"turns":3.0},{"damage":18.0,"enemies":"2 Louse","floor":5.0,"turns":2.0},{"damage":33.0,"enemies":"Gremlin Nob","floor":8.0,"turns":5.0},{"damage":20.0,"enemies":"2 Fungi Beasts","floor":9.0,"turns":5.0},{"damage":12.0,"enemies":"downfall:FleeingMerchant","floor":10.0,"turns":4.0},{"damage":4.0,"enemies":"Red Slaver","floor":14.0,"turns":3.0},{"damage":30.0,"enemies":"Exordium Wildlife","floor":15.0,"turns":3.0},{"damage":30.0,"enemies":"IC_STATUS_ARCHETYPE","floor":16.0,"turns":8.0},{"damage":20.0,"enemies":"Shell Parasite","floor":19.0,"turns":3.0},{"damage":36.0,"enemies":"Slavers","floor":23.0,"turns":4.0},{"damage":50.0,"enemies":"Spheric Guardian","floor":25.0,"turns":2.0},{"damage":58.0,"enemies":"Chosen and Byrds","floor":26.0,"turns":5.0},{"damage":22,"enemies":"downfall:FleeingMerchant","floor":27,"turns":4},{"damage":96,"enemies":"downfall:FleeingMerchant","floor":28,"turns":8},{"damage":34,"enemies":"3 Cultists","floor":30,"turns":3},{"damage":45,"enemies":"downfall:FleeingMerchant","floor":31,"turns":4},{"damage":39,"enemies":"Centurion and Healer","floor":32,"turns":3},{"damage":42,"enemies":"WA_ARCHETYPE_CALM","floor":33,"turns":7},{"damage":35,"enemies":"Orb Walker","floor":36,"turns":2},{"damage":55,"enemies":"3 Shapes","floor":37,"turns":3},{"damage":35,"enemies":"3 Darklings","floor":38,"turns":2},{"damage":30,"enemies":"Writhing Mass","floor":39,"turns":4},{"damage":70,"enemies":"Transient","floor":40,"turns":5},{"damage":50,"enemies":"Reptomancer","floor":43,"turns":3},{"damage":35,"enemies":"Nemesis","floor":48,"turns":5},{"damage":10,"enemies":"3 Darklings","floor":49,"turns":1},{"damage":146,"enemies":"DF_ARCHETYPE_ORBS","floor":50,"turns":7}],"seed_played":"-126732934887058232","potions_obtained":[{"floor":2.0,"key":"PowerPotion"},{"floor":8.0,"key":"SpeedPotion"},{"floor":14.0,"key":"Fire Potion"},{"floor":26.0,"key":"Strength Potion"},{"floor":28,"key":"SteroidPotion"},{"floor":33,"key":"champ:CounterPotion"},{"floor":40,"key":"Swift Potion"}],"is_trial":false,"path_per_floor":["R","M","M","?","M","R","T","E","M","$","?","?","R","M","M","B",null,"R","M","T","?","?","E","T","M","M","$","?","T","M","$","M","B",null,"R","M","M","M","M","M","T","?","E","R","?","?","T","E","M","B",null],"character_chosen":"THE_CHAMP","items_purchased":["Matryoshka","Finesse+1","Lee\u0027s Waffle","Toolbox","Letter Opener","champ:ShieldSlam+1"],"campfire_rested":0,"item_purchase_floors":[10,10,27,31,31,31],"current_hp_per_floor":[99,96,95,95,87,87,87,54,44,57,62,62,62,58,58,38,104,104,104,104,104,88,77,77,77,69,111,35,35,35,50,41,64,111,111,111,111,111,111,111,111,111,111,111,111,111,111,111,111,46],"gold":489,"neow_bonus":"TEN_PERCENT_HP_BONUS","is_daily":false,"chose_seed":false,"campfire_upgraded":5,"win_rate":0.0,"timestamp":1610849412,"path_taken":["R","M","M","?","?","R","T","E","?","$","?","?","R","M","M","BOSS","R","M","?","?","?","E","T","M","M","?","?","?","M","?","M","BOSS","R","M","M","M","?","M","T","?","E","R","?","?","?","E","M","BOSS"],"items_purchased_type":["Relic","Card","Relic","Relic","Relic","Card"],"build_version":"2020-12-22","purchased_purges":2,"victory":true,"max_hp_per_floor":[99,99,99,99,99,99,99,99,99,99,104,104,104,104,104,104,104,104,104,104,104,104,104,104,104,104,111,111,111,111,111,111,111,111,111,111,111,111,111,111,111,111,111,111,111,111,111,111,111,111],"card_choices":[{"not_picked":["champ:Haymaker","champ:PreciseThrust"],"picked":"champ:StanceDance","floor":2.0},{"not_picked":["champ:PreemptiveStrike","champ:Parry"],"picked":"champ:ShieldWall","floor":3.0},{"not_picked":["champ:RecklessLeap","champ:TornadoPunch"],"picked":"champ:FlashCut","floor":5.0},{"not_picked":["champ:HeartStrike","champ:TornadoPunch"],"picked":"champ:EnGarde+1","floor":8.0},{"not_picked":["champ:Circumvent+1","champ:FaceSlap"],"picked":"champ:TornadoPunch","floor":9.0},{"not_picked":["champ:HeavySlash","champ:TornadoPunch"],"picked":"champ:PerfectedStrike","floor":10.0},{"not_picked":["champ:Duel","champ:ShieldWall"],"picked":"champ:BerserkersShout+1","floor":14.0},{"not_picked":["champ:StanceDance+1","champ:RisingSlash","champ:CrownThrow"],"picked":"SKIP","floor":15.0},{"not_picked":["champ:HeavySlash","champ:Devastate"],"picked":"champ:UltimateStance+1","floor":16.0},{"not_picked":["champ:PreciseThrust+1","champ:TornadoPunch"],"picked":"champ:StanceDance+1","floor":19.0},{"not_picked":["champ:StanceDance+1","champ:CrownThrow"],"picked":"champ:SkillfulDodge+1","floor":23.0},{"not_picked":["champ:Devastate","champ:Haymaker"],"picked":"champ:BringItOn+1","floor":25.0},{"not_picked":["champ:PreemptiveStrike","champ:EnGarde+1"],"picked":"champ:Backstep+1","floor":26.0},{"not_picked":["champ:PreemptiveStrike","champ:CrookedStrike"],"picked":"champ:Endure+1","floor":27},{"not_picked":["champ:GutPunch","champ:StanceDance+1"],"picked":"champ:FocusedDefense+1","floor":30},{"not_picked":["champ:DeathBlow+1","champ:ShieldWall"],"picked":"champ:RapidStrikes+1","floor":31},{"not_picked":["champ:FlashCut","champ:Encircle+1"],"picked":"champ:SetATrap+1","floor":32},{"not_picked":["champ:VampiricStrike","champ:HeavySlash"],"picked":"champ:HoldFirm+1","floor":33},{"not_picked":["champ:FalseCounter+1","champ:FaceSlap+1"],"picked":"champ:DefensiveShout+1","floor":36},{"not_picked":["champ:Shatter","champ:PreemptiveStrike","champ:FocusedDefense+1"],"picked":"SKIP","floor":37},{"not_picked":["champ:Endure+1","champ:AdrenalArmor+1","champ:FocusedBerserking+1"],"picked":"SKIP","floor":38},{"not_picked":["champ:FanOfKnives","champ:FocusedBerserking+1"],"picked":"champ:Shatter+1","floor":39},{"not_picked":["champ:Shatter+1","champ:GutPunch","champ:AdrenalArmor+1"],"picked":"SKIP","floor":40},{"not_picked":["champ:FlashCut+1","champ:EnragedBash+1","champ:BerserkersShout+1"],"picked":"SKIP","floor":43},{"not_picked":["champ:SetATrap+1","champ:ShieldWall"],"picked":"champ:FanOfKnives+1","floor":48},{"not_picked":["champ:GladiatorStyle+1","champ:FancyFootwork+1","champ:AdrenalArmor+1"],"picked":"SKIP","floor":49}],"player_experience":152791,"relics_obtained":[{"floor":7.0,"key":"Toxic Egg 2"},{"floor":8.0,"key":"MealTicket"},{"floor":20.0,"key":"Nunchaku"},{"floor":20.0,"key":"Happy Flower"},{"floor":22.0,"key":"Necronomicon"},{"floor":23.0,"key":"Bottled Lightning"},{"floor":24.0,"key":"Pantograph"},{"floor":24.0,"key":"Ancient Tea Set"},{"floor":28,"key":"Eternal Feather"},{"floor":28,"key":"champ:BlackKnightHelmet"},{"floor":29,"key":"Mummified Hand"},{"floor":43,"key":"Shuriken"},{"floor":46,"key":"Oddly Smooth Stone"},{"floor":47,"key":"Regal Pillow"},{"floor":48,"key":"Bronze Scales"}],"event_choices":[{"damage_healed":0.0,"max_hp_gain":5.0,"max_hp_loss":0.0,"gold_gain":0.0,"event_name":"Big Fish","player_choice":"Donut","floor":11.0,"gold_loss":0.0,"damage_taken":0.0}],"is_beta":false,"boss_relics":[{"not_picked":["bronze:MakeshiftBattery","Empty Cage"],"picked":"Pandora\u0027s Box"},{"not_picked":["Runic Dome","SacredBark"],"picked":"SlaversCollar"}],"items_purged_floors":[10,27],"is_endless":false,"potions_floor_spawned":[2,8,14,26,28,30,33,40,43,48,49],"ascension_level":0}}