{"host":"o8ich17pcr9p9m1c","time":1610870046,"event":{"mods":["Ascension Unlocker","BaseMod","Block Reminder","Colored Map","Colored Powertips","DeckTracker","Highlight Path","Minty Spire (QoL Compilation)","Quick Restart","Random Character Button","StSLib","SuperFastMode","UnlockEverythingMod"],"gold_per_floor":[117,117,117,82,95,123,141,158,158,187,187,147,178,178,178,178,178],"floor_reached":16,"language":"JPN","playtime":519,"items_purged":[],"score":108,"play_id":"f4fd3723-0b20-4daf-b368-9c3538641e68","local_time":"20210117165406","is_ascension_mode":false,"campfire_choices":[{"data":"CrushJoints","floor":11,"key":"SMITH"},{"data":"Perseverance","floor":15,"key":"SMITH"}],"circlet_count":0,"master_deck":["Strike_P","Strike_P+1","Strike_P","Defend_P","Defend_P","Defend_P","Defend_P+1","Eruption","Vigilance","FlyingSleeves","Perseverance+1","ConjureBlade","BattleHymn","InnerPeace","CrushJoints+1","Pray","PathToVictory"],"relics":["PureWater","Meat on the Bone","Ornamental Fan","Odd Mushroom","Yang"],"acts_visited":["Exordium"],"potions_floor_usage":[10,16],"damage_taken":[{"damage":1,"enemies":"Jaw Worm","floor":1,"turns":3},{"damage":0,"enemies":"Small Slimes","floor":5,"turns":2},{"damage":27,"enemies":"Lagavulin","floor":6,"turns":11},{"damage":0,"enemies":"2 Louse","floor":7,"turns":3},{"damage":2,"enemies":"Looter","floor":8,"turns":4},{"damage":18,"enemies":"The Mushroom Lair","floor":10,"turns":4},{"damage":18,"enemies":"Gremlin Nob","floor":13,"turns":4},{"damage":32,"enemies":"The Guardian","floor":16,"turns":11}],"seed_played":"-7864779705638815824","potions_obtained":[{"floor":7,"key":"GamblersBrew"},{"floor":10,"key":"Dexterity Potion"},{"floor":13,"key":"SteroidPotion"}],"is_trial":false,"path_per_floor":["M","?","?","?","M","E","M","M","T","?","R","$","E","?","R","B"],"character_chosen":"WATCHER","items_purchased":["Pray"],"campfire_rested":0,"item_purchase_floors":[12],"current_hp_per_floor":[71,64,50,68,68,41,41,39,39,33,33,33,27,27,27,0,0],"gold":178,"neow_bonus":"","is_daily":false,"chose_seed":false,"campfire_upgraded":2,"win_rate":0.0,"timestamp":1610870046,"path_taken":["M","?","?","?","M","E","M","M","T","?","R","$","E","?","R","BOSS"],"items_purchased_type":["Card"],"build_version":"2020-12-22","purchased_purges":0,"victory":false,"max_hp_per_floor":[72,72,72,72,72,72,72,72,72,72,72,72,72,72,72,72,72],"card_choices":[{"not_picked":["Crescendo","ThirdEye"],"picked":"FlyingSleeves","floor":1},{"not_picked":["Prostrate","EmptyBody"],"picked":"Perseverance","floor":5},{"not_picked":["Halt","Omniscience"],"picked":"ConjureBlade","floor":6},{"not_picked":["Protect","Evaluate"],"picked":"BattleHymn","floor":7},{"not_picked":["Swivel","JustLucky"],"picked":"InnerPeace","floor":8},{"not_picked":["BattleHymn","PathToVictory"],"picked":"CrushJoints","floor":10},{"not_picked":["Consecrate","Sanctity"],"picked":"PathToVictory","floor":13}],"player_experience":0,"relics_obtained":[{"floor":6,"key":"Meat on the Bone"},{"floor":9,"key":"Ornamental Fan"},{"floor":10,"key":"Odd Mushroom"},{"floor":13,"key":"Yang"}],"event_choices":[{"cards_removed":["Strike_P"],"damage_healed":0,"gold_gain":0,"player_choice":"Card Removal","damage_taken":7,"max_hp_gain":0,"max_hp_loss":0,"event_name":"Golden Wing","floor":2,"gold_loss":0},{"damage_healed":0,"gold_gain":0,"player_choice":"Entered Light","damage_taken":14,"max_hp_gain":0,"max_hp_loss":0,"event_name":"Shining Light","floor":3,"gold_loss":0,"cards_upgraded":["Strike_P","Defend_P"]},{"damage_healed":18,"gold_gain":0,"player_choice":"Healed","damage_taken":0,"max_hp_gain":0,"max_hp_loss":0,"event_name":"The Cleric","floor":4,"gold_loss":35},{"damage_healed":0,"gold_gain":0,"player_choice":"Fought Mushrooms","damage_taken":0,"max_hp_gain":0,"max_hp_loss":0,"event_name":"Mushrooms","floor":10,"gold_loss":0},{"damage_healed":0,"gold_gain":0,"player_choice":"Ignored","damage_taken":0,"max_hp_gain":0,"max_hp_loss":0,"event_name":"Liars Game","floor":14,"gold_loss":0}],"is_beta":false,"boss_relics":[],"items_purged_floors":[],"is_endless":false,"potions_floor_spawned":[7,10,13],"killed_by":"The Guardian","ascension_level":0}}