{"host":"2lo6hma6kymb0g9i","time":1610897631,"event":{"mods":["BaseMod","Colored Map","DeckTracker","Minty Spire (QoL Compilation)"],"gold_per_floor":[112,112,112,112,131,162,186,186,186],"floor_reached":8,"language":"JPN","playtime":222,"items_purged":[],"score":162,"play_id":"2c7bf49e-11ea-4df9-b478-db72a9b0f293","local_time":"20210118003351","is_ascension_mode":true,"campfire_choices":[],"circlet_count":0,"master_deck":["AscendersBane","Strike_B","Strike_B","Strike_B","Defend_B","Defend_B","Defend_B","Defend_B","Zap","Dualcast","Conserve Battery","Undo","Self Repair"],"relics":["Cracked Core","NeowsBlessing","Golden Idol","Ginger"],"acts_visited":["Exordium"],"potions_floor_usage":[],"damage_taken":[{"damage":0,"enemies":"Small Slimes","floor":1,"turns":1},{"damage":0,"enemies":"2 Louse","floor":5,"turns":1},{"damage":0,"enemies":"3 Sentries","floor":6,"turns":1},{"damage":0,"enemies":"Jaw Worm","floor":7,"turns":4},{"damage":41,"enemies":"Gremlin Nob","floor":8,"turns":4}],"seed_played":"-1310923488954158835","potions_obtained":[],"is_trial":false,"path_per_floor":["M","?","?","$","M","E","M","E"],"character_chosen":"DEFECT","items_purchased":[],"campfire_rested":0,"item_purchase_floors":[],"current_hp_per_floor":[64,57,57,57,57,57,57,16,16],"gold":186,"neow_bonus":"THREE_ENEMY_KILL","is_daily":false,"chose_seed":false,"campfire_upgraded":0,"win_rate":0.0,"timestamp":1610897631,"path_taken":["M","?","?","?","M","E","M","E"],"items_purchased_type":[],"build_version":"2020-12-22","purchased_purges":0,"victory":false,"max_hp_per_floor":[71,71,64,64,64,64,64,64,64],"card_choices":[{"not_picked":["Tempest","Redo"],"picked":"Conserve Battery","floor":1},{"not_picked":["Beam Cell","Static Discharge"],"picked":"Undo","floor":5},{"not_picked":["Aggregate","All For One","Rebound"],"picked":"SKIP","floor":6},{"not_picked":["Stack","Rebound"],"picked":"Self Repair","floor":7}],"player_experience":1088378,"relics_obtained":[{"floor":6,"key":"Ginger"}],"event_choices":[{"cards_removed":["Strike_B"],"damage_healed":0,"gold_gain":0,"player_choice":"Card Removal","damage_taken":7,"max_hp_gain":0,"max_hp_loss":0,"event_name":"Golden Wing","floor":2,"gold_loss":0},{"damage_healed":0,"gold_gain":0,"player_choice":"Lose Max HP","damage_taken":0,"relics_obtained":["Golden Idol"],"max_hp_gain":0,"max_hp_loss":7,"event_name":"Golden Idol","floor":3,"gold_loss":0}],"is_beta":false,"boss_relics":[],"items_purged_floors":[],"is_endless":false,"potions_floor_spawned":[],"killed_by":"Gremlin Nob","ascension_level":20}}