{"host":"1a3cjta80tad0aqj","time":1610881971,"event":{"mods":["2.2 Compatiblity","AchievementEnabler","BaseMod","Colored Map","DeckTracker","KOR Keyword Fix","Keyboard Shortcuts","Minty Spire (QoL Compilation)","Permanent Neow","Quick Restart","Random Character Button","StSLib","SuperFastMode","everything is the same but u backflip on backflip"],"gold_per_floor":[116,116,134,153,171,171,202,222,222,222,48,80,143,143,143,143,143],"floor_reached":16,"language":"KOR","playtime":609,"items_purged":[],"score":171,"play_id":"e25ddf81-c373-41f2-a16e-969ab127b06e","local_time":"20210117201251","is_ascension_mode":true,"campfire_choices":[{"data":"Eruption","floor":6.0,"key":"SMITH"},{"floor":10.0,"key":"REST"},{"floor":15,"key":"DIG"}],"circlet_count":0,"master_deck":["AscendersBane","Strike_P","Strike_P","Strike_P","Strike_P","Defend_P+1","Defend_P","Defend_P","Defend_P+1","Eruption+1","Vigilance","DeusExMachina","Consecrate","BowlingBash","EmptyBody","Wallop","ClearTheMind","MentalFortress","MentalFortress","Halt","Injury"],"relics":["PureWater","Ornamental Fan","The Courier","Lantern","Strawberry","Shovel","Golden Idol","Thread and Needle"],"acts_visited":["Exordium"],"potions_floor_usage":[12,13],"damage_taken":[{"damage":1.0,"enemies":"2 Louse","floor":1.0,"turns":2.0},{"damage":9.0,"enemies":"Jaw Worm","floor":3.0,"turns":4.0},{"damage":0.0,"enemies":"Small Slimes","floor":4.0,"turns":3.0},{"damage":8.0,"enemies":"Exordium Wildlife","floor":5.0,"turns":5.0},{"damage":18.0,"enemies":"Gremlin Nob","floor":7.0,"turns":3.0},{"damage":3.0,"enemies":"Lots of Slimes","floor":8.0,"turns":4.0},{"damage":3,"enemies":"Lagavulin","floor":12,"turns":6},{"damage":1,"enemies":"Gremlin Nob","floor":13,"turns":4},{"damage":47,"enemies":"Slime Boss","floor":16,"turns":12}],"seed_played":"-3045898597144799128","potions_obtained":[{"floor":1.0,"key":"SpeedPotion"},{"floor":4.0,"key":"EntropicBrew"},{"floor":7.0,"key":"FearPotion"}],"is_trial":false,"path_per_floor":["M","?","M","M","M","R","E","M","T","R","$","E","?","?","R","B"],"character_chosen":"WATCHER","items_purchased":["MentalFortress","Lantern"],"campfire_rested":1,"item_purchase_floors":[11,11],"current_hp_per_floor":[64,50,41,41,33,33,15,12,12,33,33,37,36,36,36,0,0],"gold":143,"neow_bonus":"ONE_RANDOM_RARE_CARD","is_daily":false,"chose_seed":false,"campfire_upgraded":1,"win_rate":0.0,"timestamp":1610881971,"path_taken":["M","?","M","M","M","R","E","M","T","R","$","E","?","?","R","BOSS"],"items_purchased_type":["Card","Relic"],"build_version":"2020-12-22","purchased_purges":0,"victory":false,"max_hp_per_floor":[72,72,72,72,72,72,72,72,72,72,72,79,79,79,79,79,79],"card_choices":[{"not_picked":["Indignation","JustLucky"],"picked":"Consecrate","floor":1.0},{"not_picked":["Prostrate","Crescendo"],"picked":"BowlingBash","floor":3.0},{"not_picked":["PathToVictory","CutThroughFate"],"picked":"EmptyBody","floor":4.0},{"not_picked":["PathToVictory","CarveReality"],"picked":"Wallop","floor":5.0},{"not_picked":["Perseverance","JustLucky"],"picked":"ClearTheMind","floor":7.0},{"not_picked":["Evaluate","Conclude","Vengeance"],"picked":"SKIP","floor":8.0},{"not_picked":["Fasting2","EmptyMind"],"picked":"MentalFortress","floor":12},{"not_picked":["Prostrate","EmptyMind"],"picked":"Halt","floor":13}],"player_experience":704795,"relics_obtained":[{"floor":7.0,"key":"Ornamental Fan"},{"floor":9.0,"key":"The Courier"},{"floor":12,"key":"Strawberry"},{"floor":13,"key":"Shovel"},{"floor":15,"key":"Thread and Needle"}],"event_choices":[{"damage_healed":0.0,"max_hp_gain":0.0,"max_hp_loss":0.0,"gold_gain":0.0,"event_name":"Shining Light","player_choice":"Entered Light","floor":2.0,"gold_loss":0.0,"damage_taken":14.0,"cards_upgraded":["Defend_P","Defend_P"]},{"damage_healed":0,"gold_gain":30,"player_choice":"Searched \u00272\u0027 times","damage_taken":0,"max_hp_gain":0,"max_hp_loss":0,"event_name":"Dead Adventurer","floor":13,"gold_loss":0},{"damage_healed":0,"gold_gain":0,"player_choice":"Take Wound","damage_taken":0,"relics_obtained":["Golden Idol"],"max_hp_gain":0,"max_hp_loss":0,"event_name":"Golden Idol","floor":14,"gold_loss":0,"cards_obtained":["Injury"]}],"is_beta":false,"boss_relics":[],"items_purged_floors":[],"is_endless":false,"potions_floor_spawned":[1,4,7],"killed_by":"Slime Boss","ascension_level":11}}