{"host":"i0avyit1s6jb1siw","time":1610918356,"event":{"mods":["BaseMod","DeckTracker","Dota2Spire","Highlight Path","Minty Spire (QoL Compilation)","Quick Restart","StSLib","SuperFastMode"],"gold_per_floor":[19,37,56,73,73,73,102,119,119,119,149,149,324,125,125,197,197,210,223,138,237,13,33,33,49,72,72,72],"floor_reached":27,"language":"ENG","playtime":488,"items_purged":["Doubt","Strike_B"],"score":450,"play_id":"3a34a230-b43c-4fa6-b35d-44277e613465","local_time":"20210117221916","is_ascension_mode":true,"campfire_choices":[{"data":"Beam Cell","floor":6.0,"key":"SMITH"},{"floor":10.0,"key":"REST"},{"data":"Buffer","floor":12.0,"key":"SMITH"},{"floor":15.0,"key":"REST"},{"floor":24,"key":"REST"}],"circlet_count":0,"master_deck":["AscendersBane","Strike_B","Strike_B","Strike_B","Defend_B","Defend_B","Defend_B","Defend_B","Zap","Dualcast","Core Surge+1","Coolheaded","Beam Cell+1","Go for the Eyes+1","Buffer+1","Ball Lightning","Capacitor","Loop","Creative AI","BootSequence","Defragment","Conserve Battery"],"relics":["Cracked Core","Toy Ornithopter","Whetstone","Bag of Preparation","Dota2Spire:RefresherOrb","Cables","Membership Card","Nunchaku"],"acts_visited":["Exordium","TheCity"],"potions_floor_usage":[],"damage_taken":[{"damage":0.0,"enemies":"2 Louse","floor":1.0,"turns":2.0},{"damage":10.0,"enemies":"Small Slimes","floor":2.0,"turns":3.0},{"damage":5.0,"enemies":"Jaw Worm","floor":3.0,"turns":3.0},{"damage":9.0,"enemies":"Exordium Wildlife","floor":4.0,"turns":4.0},{"damage":36.0,"enemies":"Gremlin Nob","floor":7.0,"turns":5.0},{"damage":0.0,"enemies":"Looter","floor":8.0,"turns":2.0},{"damage":33.0,"enemies":"3 Sentries","floor":11.0,"turns":7.0},{"damage":0.0,"enemies":"Slime Boss","floor":16.0,"turns":8.0},{"damage":17.0,"enemies":"2 Thieves","floor":18.0,"turns":4.0},{"damage":26.0,"enemies":"3 Byrds","floor":19.0,"turns":5.0},{"damage":13,"enemies":"Snecko","floor":23,"turns":5},{"damage":0,"enemies":"Snake Plant","floor":25,"turns":4},{"damage":47,"enemies":"Gremlin Leader","floor":27,"turns":5}],"seed_played":"-2066568868426961882","potions_obtained":[{"floor":2.0,"key":"FocusPotion"},{"floor":4.0,"key":"SteroidPotion"},{"floor":7.0,"key":"DistilledChaos"},{"floor":16.0,"key":"AttackPotion"},{"floor":23,"key":"SpeedPotion"}],"is_trial":false,"path_per_floor":["M","M","M","M","?","R","E","M","T","R","E","R","?","$","R","B",null,"M","M","?","?","$","M","R","M","T","E"],"character_chosen":"DEFECT","items_purchased":["Loop","Fire Potion","Membership Card","Conserve Battery"],"campfire_rested":3,"item_purchase_floors":[14,14,22,22],"current_hp_per_floor":[68,58,53,44,49,49,13,18,18,42,9,9,9,9,33,43,71,59,33,33,33,33,20,44,44,44,0,0],"gold":72,"neow_bonus":"THREE_RARE_CARDS","is_daily":false,"chose_seed":false,"campfire_upgraded":2,"win_rate":0.0,"timestamp":1610918356,"path_taken":["M","M","M","M","?","R","E","M","T","R","E","R","?","$","R","BOSS","M","M","?","?","$","M","R","M","T","E"],"items_purchased_type":["Card","Potion","Relic","Card"],"build_version":"2020-12-22","purchased_purges":2,"victory":false,"max_hp_per_floor":[75,75,75,75,80,80,80,80,80,80,80,80,80,80,80,80,80,80,80,80,80,80,80,80,80,80,80,80],"card_choices":[{"not_picked":["Hyperbeam","Buffer"],"picked":"Core Surge","floor":0.0},{"not_picked":["Go for the Eyes","Reprogram"],"picked":"Coolheaded","floor":1.0},{"not_picked":["Stack","Steam Power"],"picked":"Beam Cell","floor":2.0},{"not_picked":["Stack","Sweeping Beam","Reprogram"],"picked":"SKIP","floor":3.0},{"not_picked":["Leap","Auto Shields"],"picked":"Go for the Eyes","floor":4.0},{"not_picked":["Redo","Hyperbeam"],"picked":"Buffer","floor":7.0},{"not_picked":["Recycle","Steam"],"picked":"Ball Lightning","floor":8.0},{"not_picked":["Rip and Tear","Darkness"],"picked":"Capacitor","floor":11.0},{"not_picked":["Seek","Meteor Strike"],"picked":"Creative AI","floor":16.0},{"not_picked":["Rip and Tear","Tempest"],"picked":"BootSequence","floor":18.0},{"not_picked":["Undo","Tempest"],"picked":"Defragment","floor":19.0},{"not_picked":["Rebound","Redo","Scrape"],"picked":"SKIP","floor":23},{"not_picked":["Sunder","Capacitor","Loop"],"picked":"SKIP","floor":25}],"player_experience":2277313,"relics_obtained":[{"floor":7.0,"key":"Toy Ornithopter"},{"floor":9.0,"key":"Whetstone"},{"floor":11.0,"key":"Bag of Preparation"},{"floor":26,"key":"Nunchaku"}],"event_choices":[{"damage_healed":0.0,"max_hp_gain":5.0,"max_hp_loss":0.0,"gold_gain":0.0,"event_name":"Big Fish","player_choice":"Donut","floor":5.0,"gold_loss":0.0,"damage_taken":0.0},{"damage_healed":0.0,"max_hp_gain":0.0,"max_hp_loss":0.0,"gold_gain":175.0,"event_name":"Liars Game","player_choice":"AGREE","floor":13.0,"gold_loss":0.0,"damage_taken":0.0,"cards_obtained":["Doubt"]},{"damage_healed":0.0,"max_hp_gain":0.0,"max_hp_loss":0.0,"gold_gain":0.0,"event_name":"Addict","player_choice":"Obtained Relic","floor":20.0,"gold_loss":85.0,"damage_taken":0.0,"relics_obtained":["Cables"]},{"damage_healed":0.0,"max_hp_gain":0.0,"max_hp_loss":0.0,"gold_gain":99.0,"event_name":"Nest","player_choice":"Stole From Cult","floor":21.0,"gold_loss":0.0,"damage_taken":0.0}],"is_beta":false,"boss_relics":[{"not_picked":["Philosopher\u0027s Stone","Coffee Dripper"],"picked":"Dota2Spire:RefresherOrb"}],"items_purged_floors":[14,22],"is_endless":false,"potions_floor_spawned":[2,4,7,16,23],"killed_by":"Gremlin Leader","ascension_level":13}}