{"host":"0fmi5fguj5lvt8pf","time":1610848877,"event":{"mods":["BaseMod","Colored Map","Curses Come First","Downfall","Minty Spire (QoL Compilation)","Permanent Neow","StSLib"],"gold_per_floor":[99,114,126,140,140,156,180,180,190,290,301,319,339,373,398,506,518,530,561,573,598,258,284,284,284,284,284,313,282,382,401,415,517,517,517,534,552,330,341,341,341,375,475,494,194,205,205,205,223,223,223,253,49,49,49,49],"floor_reached":57,"language":"ENG","playtime":4625,"items_purged":["bronze:Defend","Writhe","bronze:Strike"],"score":1003,"play_id":"1aa2d55d-7eb5-4f75-b8d1-f93aba6bd299","local_time":"20210116180117","is_ascension_mode":false,"campfire_choices":[{"data":"bronze:Break","floor":1.0,"key":"SMITH"},{"data":"bronze:FindAndReplace","floor":18.0,"key":"SMITH"},{"data":"bronze:BugBarrage","floor":25.0,"key":"SMITH"},{"floor":35.0,"key":"RECALL"},{"data":"bronze:BuggyMess","floor":45.0,"key":"SMITH"},{"floor":54.0,"key":"REST"}],"circlet_count":0,"master_deck":["bronze:Strike","bronze:Defend","bronze:Defend","bronze:Goto+1","bronze:Break+1","bronze:FineTuning","bronze:Terminator+1","bronze:Overload","bronze:CutThrough","bronze:Separator","bronze:Format","bronze:FindAndReplace","bronze:BugBarrage+1","bronze:FindAndReplace+1","bronze:BuggyMess+1","bronze:Virus","Decay","CurseOfTheBell","bronze:MaxOutput","bronze:DonuBeam","bronze:Repulsor+1","bronze:Break","bronze:BuggyMess","bronze:Repulsor+1","bronze:ItsAFeature","bronze:ItsAFeature"],"relics":["bronze:BronzeCore","MawBank","Empty Cage","bronze:BottledCode","Kunai","Guardian:PocketSentry","Bottled Flame","Calling Bell","Strawberry","Letter Opener","Torii","Enchiridion","Centennial Puzzle","Sozu","Chemical X","sneckomod:BlankCard","Boot","downfall:HeartBlessingRed","downfall:HeartBlessingGreen","downfall:HeartBlessingBlue","Pear"],"acts_visited":["Exordium","TheCity","TheBeyond","TheEnding"],"potions_floor_usage":[],"damage_taken":[{"damage":0.0,"enemies":"Small Slimes","floor":2.0,"turns":2.0},{"damage":0.0,"enemies":"Cultist","floor":3.0,"turns":2.0},{"damage":8.0,"enemies":"2 Louse","floor":4.0,"turns":3.0},{"damage":7.0,"enemies":"Blue Slaver","floor":6.0,"turns":3.0},{"damage":0.0,"enemies":"3 Louse","floor":9.0,"turns":2.0},{"damage":5.0,"enemies":"Exordium Thugs","floor":11.0,"turns":3.0},{"damage":0.0,"enemies":"Large Slime","floor":12.0,"turns":3.0},{"damage":14.0,"enemies":"Exordium Thugs","floor":13.0,"turns":4.0},{"damage":18.0,"enemies":"3 Sentries","floor":14.0,"turns":5.0},{"damage":0.0,"enemies":"Looter","floor":15.0,"turns":2.0},{"damage":8.0,"enemies":"SI_SHIV_ARCHETYPE","floor":16.0,"turns":5.0},{"damage":14.0,"enemies":"3 Byrds","floor":19.0,"turns":5.0},{"damage":2.0,"enemies":"Shell Parasite","floor":21.0,"turns":3.0},{"damage":0.0,"enemies":"downfall:FleeingMerchant","floor":22.0,"turns":4.0},{"damage":6.0,"enemies":"Book of Stabbing","floor":23.0,"turns":3.0},{"damage":8.0,"enemies":"Slavers","floor":28.0,"turns":3.0},{"damage":4.0,"enemies":"downfall:FleeingMerchant","floor":29.0,"turns":4.0},{"damage":0.0,"enemies":"downfall:FleeingMerchant","floor":30.0,"turns":2.0},{"damage":0.0,"enemies":"Chosen and Byrds","floor":31.0,"turns":3.0},{"damage":0.0,"enemies":"Snake Plant","floor":32.0,"turns":3.0},{"damage":16.0,"enemies":"WA_ARCHETYPE_CALM","floor":33.0,"turns":8.0},{"damage":10.0,"enemies":"Orb Walker","floor":36.0,"turns":2.0},{"damage":6.0,"enemies":"3 Shapes","floor":37.0,"turns":3.0},{"damage":1.0,"enemies":"Maw","floor":39.0,"turns":6.0},{"damage":7.0,"enemies":"Nemesis","floor":42.0,"turns":5.0},{"damage":8.0,"enemies":"Jaw Worm Horde","floor":44.0,"turns":2.0},{"damage":10.0,"enemies":"3 Darklings","floor":46.0,"turns":3.0},{"damage":12.0,"enemies":"Spire Growth","floor":49.0,"turns":3.0},{"damage":14.0,"enemies":"IC_BLOCK_ARCHETYPE","floor":50.0,"turns":7.0},{"damage":26.0,"enemies":"downfall:CharBossMerchant","floor":52.0,"turns":7.0},{"damage":30.0,"enemies":"downfall:NeowBoss","floor":55.0,"turns":12.0},{"damage":2,"enemies":"downfall:NeowBoss","floor":56,"turns":13}],"seed_played":"8851679452877314025","potions_obtained":[{"floor":4.0,"key":"hexamod:SoulburnPotion"},{"floor":6.0,"key":"SkillPotion"},{"floor":9.0,"key":"bronze:CleanCodePotion"},{"floor":14.0,"key":"Block Potion"},{"floor":16.0,"key":"FearPotion"},{"floor":19.0,"key":"PowerPotion"},{"floor":23.0,"key":"BlessingOfTheForge"},{"floor":30.0,"key":"bronze:FreeFunctionsPotion"},{"floor":33.0,"key":"bronze:FreeFunctionsPotion"}],"is_trial":false,"path_per_floor":["R","M","M","M","?","M","T","?","M","?","M","M","M","E","M","B",null,"R","M","?","M","$","E","T","R","?","?","E","$","?","M","M","B",null,"R","M","M","$","M","?","T","E","?","M","R","M","?","?","M","B",null,"E","$","R","B","B",null],"character_chosen":"THE_AUTOMATON","items_purchased":["Kunai","bronze:BuggyMess","bronze:MaxOutput","Fruit Juice","Guardian:BlockOnCardUsePotion","Chemical X","bronze:ItsAFeature","bronze:ItsAFeature"],"campfire_rested":1,"item_purchase_floors":[22,22,29,29,29,38,38,53],"current_hp_per_floor":[70,70,70,62,62,55,55,55,55,55,50,50,36,18,18,10,70,70,56,56,54,54,48,48,48,60,44,36,37,37,37,37,21,77,77,67,61,61,60,60,60,53,53,45,55,45,45,45,33,19,87,71,71,97,67,65],"gold":49,"neow_bonus":"ONE_RANDOM_RARE_CARD","is_daily":false,"chose_seed":false,"campfire_upgraded":4,"win_rate":0.0,"timestamp":1610848877,"path_taken":["R","M","M","M","?","?","T","?","?","?","M","M","M","E","M","BOSS","R","M","?","M","$","E","T","R","?","?","E","$","?","M","M","BOSS","R","M","M","$","M","?","T","E","?","M","R","?","?","?","M","BOSS","E","$","R","BOSS","BOSS"],"items_purchased_type":["Relic","Card","Card","Potion","Potion","Relic","Card","Card"],"build_version":"2020-12-22","purchased_purges":3,"victory":true,"max_hp_per_floor":[70,70,70,70,70,70,70,70,70,70,70,70,70,70,70,70,70,70,70,60,60,60,60,60,60,72,72,72,77,77,77,77,77,77,77,77,77,77,77,77,77,77,77,77,87,87,87,87,87,87,87,97,97,97,97,97],"card_choices":[{"not_picked":["bronze:GetLatest","bronze:Turbo"],"picked":"bronze:FineTuning","floor":2.0},{"not_picked":["bronze:Deprecate","bronze:BronzeArmor"],"picked":"bronze:Terminator","floor":3.0},{"not_picked":["bronze:Branch","bronze:DelayedGuard"],"picked":"bronze:Overload","floor":4.0},{"not_picked":["bronze:Fortify","bronze:WhirlingStrike"],"picked":"bronze:CutThrough","floor":6.0},{"not_picked":["bronze:Philosophize","bronze:DelayedSlice","bronze:BronzeArmor"],"picked":"SKIP","floor":9.0},{"not_picked":["bronze:FineTuning","bronze:Iterate"],"picked":"bronze:Separator","floor":11.0},{"not_picked":["bronze:Return","bronze:Terminator"],"picked":"bronze:Format","floor":12.0},{"not_picked":["bronze:OilSpill","bronze:DelayedSlice","bronze:DarkDash"],"picked":"SKIP","floor":13.0},{"not_picked":["bronze:Invalidate","bronze:Return"],"picked":"bronze:FindAndReplace","floor":14.0},{"not_picked":["bronze:WildBeam","bronze:Shield"],"picked":"bronze:BugBarrage","floor":15.0},{"not_picked":["bronze:Assembly","bronze:Break"],"picked":"bronze:FindAndReplace","floor":16.0},{"not_picked":["bronze:CutThrough","bronze:Boost+1","bronze:Terminator"],"picked":"SKIP","floor":19.0},{"not_picked":["bronze:Flail","bronze:FineTuning","bronze:ForLoop"],"picked":"SKIP","floor":21.0},{"not_picked":["bronze:WildBeam","bronze:Flail+1","bronze:DigitalCarnage+1"],"picked":"SKIP","floor":22.0},{"not_picked":["bronze:DelayedSlice","bronze:HardenedForm"],"picked":"bronze:Virus","floor":23.0},{"not_picked":["bronze:DigitalCarnage+1","bronze:Constructor","bronze:Branch"],"picked":"SKIP","floor":28.0},{"not_picked":["bronze:Terminator","bronze:Return+1","bronze:Separator"],"picked":"SKIP","floor":29.0},{"not_picked":[],"picked":"bronze:DonuBeam","floor":30.0},{"not_picked":["bronze:BitShift","bronze:CutThrough"],"picked":"bronze:Repulsor+1","floor":31.0},{"not_picked":["bronze:Safeguard","bronze:WildBeam","bronze:Return"],"picked":"SKIP","floor":32.0},{"not_picked":["bronze:CleanCode","bronze:Assembly"],"picked":"bronze:Break","floor":33.0},{"not_picked":["bronze:Overheat","bronze:Deprecate"],"picked":"bronze:BuggyMess","floor":36.0},{"not_picked":["bronze:Invalidate+1","bronze:DelayedSlice"],"picked":"bronze:Repulsor+1","floor":37.0},{"not_picked":["bronze:Overheat+1","bronze:Turbo","bronze:CleanCode"],"picked":"SKIP","floor":39.0},{"not_picked":["bronze:Frontload","bronze:Turbo+1","bronze:ChildClass+1"],"picked":"SKIP","floor":42.0},{"not_picked":["bronze:Invalidate","bronze:Overheat+1","bronze:DelayedSlice"],"picked":"SKIP","floor":44.0},{"not_picked":["bronze:Constructor","bronze:FollowUp+1","bronze:FineTuning"],"picked":"SKIP","floor":46.0},{"not_picked":["bronze:Separator+1","bronze:DelayedGuard+1","bronze:BronzeOrb"],"picked":"SKIP","floor":49.0},{"not_picked":["bronze:Overload","bronze:RecursiveStrike","bronze:GetLatest"],"picked":"SKIP","floor":52.0}],"player_experience":1357666,"relics_obtained":[{"floor":14.0,"key":"MawBank"},{"floor":23.0,"key":"Guardian:PocketSentry"},{"floor":24.0,"key":"Bottled Flame"},{"floor":26.0,"key":"Strawberry"},{"floor":26.0,"key":"Letter Opener"},{"floor":26.0,"key":"Torii"},{"floor":27.0,"key":"Enchiridion"},{"floor":28.0,"key":"Centennial Puzzle"},{"floor":41.0,"key":"sneckomod:BlankCard"},{"floor":42.0,"key":"Boot"},{"floor":52.0,"key":"Pear"}],"event_choices":[{"cards_removed":["bronze:Strike"],"damage_healed":0.0,"max_hp_gain":0.0,"max_hp_loss":0.0,"gold_gain":0.0,"event_name":"Wheel of Change","player_choice":"Card Removal","floor":8.0,"gold_loss":0.0,"damage_taken":0.0},{"cards_removed":["bronze:Replicate"],"damage_healed":0.0,"max_hp_gain":0.0,"max_hp_loss":0.0,"gold_gain":0.0,"event_name":"Falling","player_choice":"Removed Attack","floor":47.0,"gold_loss":0.0,"damage_taken":0.0}],"is_beta":false,"boss_relics":[{"not_picked":["Coffee Dripper","SlaversCollar"],"picked":"Empty Cage"},{"not_picked":["Runic Dome","Astrolabe"],"picked":"Sozu"}],"items_purged_floors":[22,29,53],"is_endless":false,"potions_floor_spawned":[4,6,9,14,16,19,23,30,33,36,37,42,46,49,52],"ascension_level":0}}