{"host":"lzzv50t0ea3gz1kk","time":1610902119,"event":{"mods":["ATMod(°¢èªMod)","Act Like it!","Aspiration","BaseMod","Conspire","Downfall","Gensokyo","Hallownest","Hermit","Marisa£¨ìFÓê¡¡Ä§ÀíÉ³£©","Minty Spire (QoL Compilation)","Robot Space Explorer","SIMod","StSLib","The Animator","The Saiyan","vexMod"],"gold_per_floor":[93,368,385,404,404,404,91,91,91,110,10,10,10,26,26,123,123,133,149,149,149,160,160,35,53,80,80,80,80],"floor_reached":28,"language":"ZHS","playtime":1365,"items_purged":["Regret","Regret","Saiyan:RuthlessBlow"],"score":233,"play_id":"95ed46ac-b7d5-431c-9605-ced750169d46","local_time":"20210118004839","is_ascension_mode":false,"campfire_choices":[{"data":"Saiyan:PowerPole","floor":6,"key":"SMITH"},{"data":"Saiyan:KameHameHa","floor":12,"key":"SMITH"},{"data":"Saiyan:Flurry","floor":15,"key":"SMITH"},{"data":"Saiyan:ReverberatingForce","floor":23,"key":"SMITH"}],"circlet_count":0,"master_deck":["Saiyan:SAIYA_Defend","Saiyan:SAIYA_Defend","Saiyan:SAIYA_Defend","Saiyan:SAIYA_Defend","Saiyan:EnergyBlast","Saiyan:KaioKen","Saiyan:ExpandingShockwave","Saiyan:KameHameHa+1","Saiyan:PowerPole+1","Saiyan:Flurry+1","Saiyan:HyperTimeChamber","Saiyan:Expend+1","Saiyan:KiStrike+1","Saiyan:ThirstForFight+1","Saiyan:BurningSoul","Saiyan:Honing+1","Saiyan:ReverberatingForce+1","Saiyan:PowerUp"],"relics":["SaiyanSoul","SaiyanHeart","AT_ATBox","Tiny Chest","conspire:Flyswatter","aspiration:BabyByrd","AT_ImmortalShieldbow","Astrolabe","Ornamental Fan","Orichalcum"],"acts_visited":["Exordium","TheCity"],"potions_floor_usage":[16],"damage_taken":[{"damage":0,"enemies":"2 Louse","floor":1,"turns":2},{"damage":3,"enemies":"Cultist","floor":3,"turns":4},{"damage":3,"enemies":"Jaw Worm","floor":4,"turns":4},{"damage":3,"enemies":"Large Slime","floor":10,"turns":6},{"damage":0,"enemies":"Exordium Thugs","floor":14,"turns":2},{"damage":67,"enemies":"Hexaghost","floor":16,"turns":13},{"damage":0,"enemies":"Chosen","floor":18,"turns":8},{"damage":17,"enemies":"conspire:FuzzyDice","floor":19,"turns":6},{"damage":32,"enemies":"Snecko","floor":22,"turns":6},{"damage":23,"enemies":"Sentry and Sphere","floor":25,"turns":7},{"damage":4,"enemies":"Shelled Parasite and Fungi","floor":28,"turns":2}],"seed_played":"-5532267053677978716","potions_obtained":[{"floor":1,"key":"Block Potion"},{"floor":4,"key":"Ancient Potion"},{"floor":19,"key":"Swift Potion"},{"floor":25,"key":"GamblersBrew"}],"is_trial":false,"path_per_floor":["M","?","M","M","?","R","$","?","T","M","$","R","?","M","R","B",null,"M","M","?","T","M","R","$","M","T","$","M"],"character_chosen":"SAIYAJIN","items_purchased":["conspire:Flyswatter"],"campfire_rested":0,"item_purchase_floors":[7],"current_hp_per_floor":[67,67,65,63,63,63,63,63,63,61,61,61,61,62,62,4,72,73,59,59,59,27,27,27,4,4,4,0,0],"gold":80,"neow_bonus":"TEN_PERCENT_HP_BONUS","is_daily":false,"chose_seed":false,"campfire_upgraded":4,"win_rate":0.0,"timestamp":1610902119,"path_taken":["M","?","M","?","?","R","$","?","T","M","$","R","?","M","R","BOSS","M","M","?","?","M","R","$","M","T","?","M"],"items_purchased_type":["Relic"],"build_version":"2020-12-22","purchased_purges":3,"victory":false,"max_hp_per_floor":[67,67,68,69,69,69,69,69,69,70,70,70,70,71,71,72,72,73,76,76,76,76,76,76,76,76,76,76,76],"card_choices":[{"not_picked":["Saiyan:KiExplosion","Saiyan:DoubleMasenko"],"picked":"Saiyan:ExpandingShockwave","floor":1},{"not_picked":["Saiyan:BackAttack","Saiyan:TheBomb"],"picked":"Saiyan:KameHameHa","floor":3},{"not_picked":["Saiyan:Quickening","Saiyan:MeteorDash"],"picked":"Saiyan:PowerPole","floor":4},{"not_picked":["Saiyan:SaiyanHubris","Saiyan:Planning","Saiyan:TurtleShell"],"picked":"SKIP","floor":10},{"not_picked":["Saiyan:Planning","Saiyan:GhostAttack"],"picked":"Saiyan:Flurry","floor":14},{"not_picked":["Saiyan:SuperSaiyanThree","Saiyan:Momentum"],"picked":"Saiyan:HyperTimeChamber","floor":16},{"not_picked":["Saiyan:BigBangAttack","Saiyan:Flurry"],"picked":"Saiyan:BurningSoul","floor":18},{"not_picked":["Saiyan:Scouter","Saiyan:PressOn"],"picked":"Saiyan:Honing+1","floor":19},{"not_picked":["Saiyan:BackAttack","Saiyan:Quickening+1"],"picked":"Saiyan:ReverberatingForce","floor":22},{"not_picked":["Saiyan:CCCapsule","Saiyan:WarmUp+1"],"picked":"Saiyan:PowerUp","floor":25}],"player_experience":389274,"relics_obtained":[{"floor":9,"key":"AT_ImmortalShieldbow"},{"floor":21,"key":"Ornamental Fan"},{"floor":26,"key":"Orichalcum"}],"event_choices":[{"damage_healed":0,"gold_gain":275,"player_choice":"Desecrate","damage_taken":0,"max_hp_gain":0,"max_hp_loss":0,"event_name":"Golden Shrine","floor":2,"gold_loss":0,"cards_obtained":["Regret"]},{"damage_healed":0,"gold_gain":0,"player_choice":"Box","damage_taken":0,"relics_obtained":["Tiny Chest"],"max_hp_gain":0,"max_hp_loss":0,"event_name":"Big Fish","floor":5,"gold_loss":0,"cards_obtained":["Regret"]},{"cards_removed":["Saiyan:SAIYA_Strike"],"damage_healed":0,"gold_gain":0,"player_choice":"Offered Basic","damage_taken":0,"max_hp_gain":0,"max_hp_loss":0,"event_name":"Bonfire Elementals","floor":13,"gold_loss":0},{"damage_healed":0,"gold_gain":0,"player_choice":"Leave","damage_taken":0,"max_hp_gain":0,"max_hp_loss":0,"event_name":"conspire:Investor","floor":20,"gold_loss":0}],"is_beta":false,"boss_relics":[{"not_picked":["bronze:MakeshiftBattery","Velvet Choker"],"picked":"Astrolabe"}],"items_purged_floors":[7,11,24],"is_endless":false,"potions_floor_spawned":[1,4,19,25],"killed_by":"Shelled Parasite and Fungi","ascension_level":0}}