{"host":"1z4hbl9vfqrhg136","time":1610848327,"event":{"mods":["BaseMod","Minty Spire (QoL Compilation)"],"gold_per_floor":[110,129,140,140,155,155,190,190,190,207,207,225,111,138,138,211,211,223,223,238,82,82,82,115,115,115,115,115,147,147,36,36,113,113,131,131,181,506,506,532,532,559,559,559,571,571,496,521,521,521,521,521,521,241,275,275],"floor_reached":57,"language":"ENG","playtime":6054,"items_purged":["Strike_R+1"],"score":3010,"play_id":"962f8f4d-66ec-4b02-892d-dac0db993793","local_time":"20210117015207","is_ascension_mode":true,"campfire_choices":[{"data":"True Grit","floor":6.0,"key":"SMITH"},{"data":"Bash","floor":8.0,"key":"SMITH"},{"data":"Cleave","floor":11.0,"key":"SMITH"},{"data":"Clothesline","floor":15.0,"key":"SMITH"},{"floor":23.0,"key":"REST"},{"floor":25.0,"key":"REST"},{"floor":27.0,"key":"RECALL"},{"floor":30.0,"key":"REST"},{"floor":32.0,"key":"REST"},{"floor":41.0,"key":"REST"},{"floor":46.0,"key":"REST"},{"floor":49.0,"key":"REST"},{"floor":53.0,"key":"REST"}],"circlet_count":0,"master_deck":["AscendersBane","Strike_R+1","Strike_R+1","Strike_R+1","Strike_R+1","Defend_R+1","Defend_R+1","Defend_R+1","Defend_R+1","Bash+1","True Grit+1","Cleave+1","Metallicize","Disarm","Evolve","Demon Form","Power Through","Flame Barrier","Clothesline+1","Warcry","Corruption","Shrug It Off","Armaments","Impervious","True Grit+1","J.A.X.+1","Armaments+1","True Grit+1","Offering+1","Carnage","Dramatic Entrance","Ghostly Armor+1","Warcry+1","Madness+1","Madness+1","Shrug It Off+1","Disarm+1","True Grit+1","Metallicize"],"relics":["Burning Blood","Dead Branch","Meat on the Bone","Gremlin Horn","Letter Opener","Fusion Hammer","Toxic Egg 2","Self Forming Clay","Champion Belt","SlaversCollar","Bird Faced Urn","Old Coin","Akabeko","Omamori","Vajra","Gambling Chip","Medical Kit","Boot"],"acts_visited":["Exordium","TheCity","TheBeyond","TheEnding"],"potions_floor_usage":[56,56],"damage_taken":[{"damage":9.0,"enemies":"2 Louse","floor":1.0,"turns":3.0},{"damage":6.0,"enemies":"Cultist","floor":2.0,"turns":3.0},{"damage":7.0,"enemies":"Small Slimes","floor":3.0,"turns":4.0},{"damage":4.0,"enemies":"2 Fungi Beasts","floor":5.0,"turns":4.0},{"damage":19.0,"enemies":"3 Sentries","floor":7.0,"turns":6.0},{"damage":11.0,"enemies":"Exordium Wildlife","floor":10.0,"turns":6.0},{"damage":12.0,"enemies":"Blue Slaver","floor":12.0,"turns":5.0},{"damage":43.0,"enemies":"Gremlin Nob","floor":14.0,"turns":6.0},{"damage":25.0,"enemies":"Slime Boss","floor":16.0,"turns":9.0},{"damage":19.0,"enemies":"3 Byrds","floor":18.0,"turns":3.0},{"damage":12.0,"enemies":"Shell Parasite","floor":20.0,"turns":7.0},{"damage":40.0,"enemies":"Slavers","floor":24.0,"turns":9.0},{"damage":22.0,"enemies":"Book of Stabbing","floor":29.0,"turns":7.0},{"damage":3.0,"enemies":"Automaton","floor":33.0,"turns":7.0},{"damage":6.0,"enemies":"Orb Walker","floor":35.0,"turns":4.0},{"damage":23.0,"enemies":"2 Orb Walkers","floor":37.0,"turns":4.0},{"damage":0.0,"enemies":"Mind Bloom Boss Battle","floor":38.0,"turns":7.0},{"damage":18.0,"enemies":"Giant Head","floor":40.0,"turns":6.0},{"damage":9.0,"enemies":"Reptomancer","floor":42.0,"turns":3.0},{"damage":6.0,"enemies":"3 Darklings","floor":45.0,"turns":2.0},{"damage":6.0,"enemies":"Nemesis","floor":48.0,"turns":5.0},{"damage":57.0,"enemies":"Time Eater","floor":50.0,"turns":8.0},{"damage":33.0,"enemies":"Donu and Deca","floor":51.0,"turns":8.0},{"damage":36,"enemies":"Shield and Spear","floor":55,"turns":8},{"damage":20,"enemies":"The Heart","floor":56,"turns":8}],"seed_played":"5394247915792303074","potions_obtained":[{"floor":7.0,"key":"Regen Potion"},{"floor":10.0,"key":"Regen Potion"},{"floor":16.0,"key":"Fruit Juice"},{"floor":18.0,"key":"Block Potion"},{"floor":19.0,"key":"BloodPotion"},{"floor":35.0,"key":"SkillPotion"},{"floor":40.0,"key":"LiquidBronze"},{"floor":42.0,"key":"Weak Potion"}],"is_trial":false,"path_per_floor":["M","M","M","?","M","R","E","R","T","M","R","M","$","E","R","B",null,"M","?","M","$","?","R","E","R","T","R","?","E","R","$","R","B",null,"M","?","?","?","?","E","R","E","T","T","M","R","$","E","R","B","B",null,"R","$","E","B",null],"character_chosen":"IRONCLAD","items_purchased":["Flame Barrier","Clothesline","Impervious","True Grit+1","Strength Potion","Medical Kit","CultistPotion"],"campfire_rested":8,"item_purchase_floors":[13,13,21,31,31,54,54],"current_hp_per_floor":[65,65,64,64,66,66,53,53,53,48,48,56,56,31,31,39,61,48,53,47,47,47,68,46,67,67,67,67,51,72,72,73,73,73,73,73,56,72,59,61,73,73,73,73,73,73,73,73,73,36,41,65,73,73,65,71],"gold":275,"neow_bonus":"ONE_RARE_RELIC","is_daily":false,"chose_seed":false,"campfire_upgraded":4,"win_rate":0.0,"timestamp":1610848327,"path_taken":["M","M","M","?","M","R","E","R","T","M","R","M","$","E","R","BOSS","M","?","?","$","?","R","E","R","T","R","?","E","R","$","R","BOSS","M","?","?","?","?","E","R","E","T","?","M","R","$","E","R","BOSS","BOSS","R","$","E","BOSS"],"items_purchased_type":["Card","Card","Card","Card","Potion","Relic","Potion"],"build_version":"2020-12-22","purchased_purges":1,"victory":true,"max_hp_per_floor":[68,68,68,68,68,68,68,68,68,68,68,68,68,68,68,68,68,68,73,73,73,73,73,73,73,73,73,73,73,73,73,73,73,73,73,73,73,73,73,73,73,73,73,73,73,73,73,73,73,73,73,73,73,73,73,73],"card_choices":[{"not_picked":["Armaments","Anger"],"picked":"True Grit","floor":1.0},{"not_picked":["Fire Breathing","Shrug It Off"],"picked":"Cleave","floor":2.0},{"not_picked":["Intimidate","Warcry"],"picked":"Metallicize","floor":3.0},{"not_picked":["Clothesline","Reckless Charge"],"picked":"Disarm","floor":5.0},{"not_picked":["Twin Strike","Shrug It Off"],"picked":"Evolve","floor":7.0},{"not_picked":["Wild Strike","Perfected Strike"],"picked":"Demon Form","floor":10.0},{"not_picked":["Shockwave","Whirlwind"],"picked":"Power Through","floor":12.0},{"not_picked":["Clash","Headbutt"],"picked":"Warcry","floor":14.0},{"not_picked":["Juggernaut","Brutality"],"picked":"Corruption","floor":16.0},{"not_picked":["Sword Boomerang+1","Perfected Strike"],"picked":"Shrug It Off","floor":18.0},{"not_picked":["Whirlwind","Shrug It Off"],"picked":"Armaments","floor":20.0},{"not_picked":["Combust","Exhume+1"],"picked":"True Grit+1","floor":24.0},{"not_picked":["Heavy Blade","Blood for Blood"],"picked":"Armaments+1","floor":29.0},{"not_picked":["Limit Break+1","Brutality"],"picked":"Offering+1","floor":33.0},{"not_picked":["Thunderclap","Wild Strike"],"picked":"Carnage","floor":35.0},{"not_picked":["Enlightenment+1","Metamorphosis+1"],"picked":"Dramatic Entrance","floor":36.0},{"not_picked":["Perfected Strike","Heavy Blade"],"picked":"Ghostly Armor+1","floor":37.0},{"not_picked":["Body Slam","Armaments+1"],"picked":"Warcry+1","floor":38.0},{"not_picked":["Hemokinesis+1","Cleave","Sever Soul"],"picked":"SKIP","floor":40.0},{"not_picked":["Rampage","Hemokinesis"],"picked":"Shrug It Off+1","floor":42.0},{"not_picked":["Perfected Strike+1","Headbutt"],"picked":"Disarm+1","floor":45.0},{"not_picked":["Rage+1","Dropkick"],"picked":"True Grit+1","floor":48.0},{"not_picked":["Armaments+1","Pommel Strike"],"picked":"Metallicize","floor":55}],"player_experience":1889037,"relics_obtained":[{"floor":7.0,"key":"Meat on the Bone"},{"floor":9.0,"key":"Gremlin Horn"},{"floor":14.0,"key":"Letter Opener"},{"floor":24.0,"key":"Toxic Egg 2"},{"floor":26.0,"key":"Self Forming Clay"},{"floor":29.0,"key":"Champion Belt"},{"floor":37.0,"key":"Bird Faced Urn"},{"floor":38.0,"key":"Old Coin"},{"floor":40.0,"key":"Akabeko"},{"floor":42.0,"key":"Omamori"},{"floor":44.0,"key":"Vajra"},{"floor":48.0,"key":"Gambling Chip"},{"floor":55,"key":"Boot"}],"event_choices":[{"damage_healed":0.0,"max_hp_gain":0.0,"max_hp_loss":0.0,"gold_gain":0.0,"event_name":"Liars Game","player_choice":"Ignored","floor":4.0,"gold_loss":0.0,"damage_taken":0.0},{"damage_healed":0.0,"max_hp_gain":0.0,"max_hp_loss":0.0,"gold_gain":0.0,"event_name":"Lab","player_choice":"Got Potions","floor":19.0,"gold_loss":0.0,"damage_taken":0.0},{"damage_healed":0.0,"max_hp_gain":0.0,"max_hp_loss":0.0,"gold_gain":0.0,"event_name":"Back to Basics","player_choice":"Simplicity","floor":22.0,"gold_loss":0.0,"damage_taken":0.0,"cards_upgraded":["Strike_R","Strike_R","Strike_R","Strike_R","Strike_R","Defend_R","Defend_R","Defend_R","Defend_R"]},{"damage_healed":0.0,"max_hp_gain":0.0,"max_hp_loss":0.0,"gold_gain":0.0,"event_name":"Drug Dealer","player_choice":"Obtain J.A.X.","floor":28.0,"gold_loss":0.0,"damage_taken":0.0,"cards_obtained":["J.A.X."]},{"damage_healed":0.0,"max_hp_gain":0.0,"max_hp_loss":0.0,"gold_gain":0.0,"event_name":"SensoryStone","player_choice":"Memory 1","floor":36.0,"gold_loss":0.0,"damage_taken":0.0},{"damage_healed":0.0,"max_hp_gain":0.0,"max_hp_loss":0.0,"gold_gain":0.0,"event_name":"Mysterious Sphere","player_choice":"Fight","floor":37.0,"gold_loss":0.0,"damage_taken":0.0},{"damage_healed":0.0,"max_hp_gain":0.0,"max_hp_loss":0.0,"gold_gain":0.0,"event_name":"MindBloom","player_choice":"Fight","floor":38.0,"gold_loss":0.0,"damage_taken":0.0},{"damage_healed":0.0,"max_hp_gain":0.0,"max_hp_loss":0.0,"gold_gain":0.0,"event_name":"Winding Halls","player_choice":"Embrace Madness","floor":39.0,"gold_loss":0.0,"damage_taken":13.0,"cards_obtained":["Madness","Madness"]}],"is_beta":false,"boss_relics":[{"not_picked":["Calling Bell","Snecko Eye"],"picked":"Fusion Hammer"},{"not_picked":["Black Star","Cursed Key"],"picked":"SlaversCollar"}],"items_purged_floors":[47],"is_endless":false,"potions_floor_spawned":[7,10,16,18,35,40,42,48],"ascension_level":20}}