{"host":"i1h39d0gfh5c6uxl","time":1610895894,"event":{"mods":["AchievementEnabler","BaseMod","Colored Map","Colored Powertips","Highlight Path","Minty Spire (QoL Compilation)"],"gold_per_floor":[117,117,131,150,74,74,90,103,103,116,116,63,63,75,75,75,75],"floor_reached":16,"language":"ENG","playtime":257,"items_purged":[],"score":94,"play_id":"a1dcd9f7-eaf7-4dba-b2cb-2a806c9478dd","local_time":"20210117230454","is_ascension_mode":false,"campfire_choices":[{"data":"Eruption","floor":6,"key":"SMITH"},{"data":"BowlingBash","floor":11,"key":"SMITH"},{"floor":15,"key":"REST"}],"circlet_count":0,"master_deck":["Strike_P","Strike_P","Strike_P","Defend_P","Defend_P","Defend_P","Eruption+1","Vigilance","FollowUp","Tantrum","BattleHymn","Brilliance","BowlingBash+1","EmptyFist","Consecrate"],"relics":["Empty Cage","Orichalcum","Mercury Hourglass"],"acts_visited":["Exordium"],"potions_floor_usage":[],"damage_taken":[{"damage":3,"enemies":"2 Louse","floor":1,"turns":2},{"damage":1,"enemies":"Cultist","floor":3,"turns":4},{"damage":2,"enemies":"Small Slimes","floor":4,"turns":2},{"damage":0,"enemies":"Looter","floor":7,"turns":1},{"damage":0,"enemies":"3 Louse","floor":8,"turns":2},{"damage":8,"enemies":"Lots of Slimes","floor":10,"turns":3},{"damage":4,"enemies":"Looter","floor":14,"turns":2},{"damage":0,"enemies":"Hexaghost","floor":16,"turns":1}],"seed_played":"-6805329580365838748","potions_obtained":[{"floor":1,"key":"DistilledChaos"},{"floor":4,"key":"EssenceOfSteel"}],"is_trial":false,"path_per_floor":["M","?","M","M","$","R","M","M","T","M","R","$","?","M","R","B"],"character_chosen":"WATCHER","items_purchased":["BattleHymn","EmptyFist"],"campfire_rested":1,"item_purchase_floors":[5,12],"current_hp_per_floor":[69,69,68,66,66,66,66,66,66,58,58,58,58,54,72,72,72],"gold":75,"neow_bonus":"BOSS_RELIC","is_daily":false,"chose_seed":false,"campfire_upgraded":2,"win_rate":0.0,"timestamp":1610895894,"path_taken":["M","?","?","M","$","R","M","M","T","M","R","$","?","M","R","BOSS"],"items_purchased_type":["Card","Card"],"build_version":"2020-12-22","purchased_purges":0,"victory":false,"max_hp_per_floor":[72,72,72,72,72,72,72,72,72,72,72,72,72,72,72,72,72],"card_choices":[{"not_picked":["Sanctity","WindmillStrike"],"picked":"FollowUp","floor":1},{"not_picked":["Perseverance","Evaluate"],"picked":"Tantrum","floor":3},{"not_picked":["Crescendo","FollowUp","Prostrate"],"picked":"SKIP","floor":4},{"not_picked":["CrushJoints","Protect"],"picked":"Brilliance","floor":7},{"not_picked":["Protect","Evaluate"],"picked":"BowlingBash","floor":8},{"not_picked":["Perseverance","Evaluate","CrushJoints"],"picked":"SKIP","floor":10},{"not_picked":["Adaptation","FlyingSleeves"],"picked":"Consecrate","floor":14}],"player_experience":1378543,"relics_obtained":[{"floor":9,"key":"Mercury Hourglass"}],"event_choices":[{"damage_healed":0,"gold_gain":0,"player_choice":"Gave Potion","damage_taken":0,"relics_obtained":["Orichalcum"],"max_hp_gain":0,"max_hp_loss":0,"event_name":"WeMeetAgain","floor":2,"gold_loss":0},{"damage_healed":0,"gold_gain":0,"player_choice":"Ignored","damage_taken":0,"max_hp_gain":0,"max_hp_loss":0,"event_name":"Golden Idol","floor":13,"gold_loss":0}],"is_beta":false,"boss_relics":[],"items_purged_floors":[],"is_endless":false,"potions_floor_spawned":[1,4],"killed_by":"Hexaghost","ascension_level":0}}