{"host":"vyjryxuuuxkt43k4","time":1610881507,"event":{"mods":["AchievementEnabler","BaseMod","Colored Map","DeckTracker","Keyboard Shortcuts","Minty Spire (QoL Compilation)","Permanent Neow","Quick Restart","StSLib","SuperFastMode","everything is the same but u backflip on backflip"],"gold_per_floor":[125,154,184,196,226,238,250,287,299,21,53,53,73,73,73,73,73],"floor_reached":16,"language":"KOR","playtime":1305,"items_purged":[],"score":165,"play_id":"22a3f806-7c06-4865-af52-c8ae0410f8f4","local_time":"20210117200507","is_ascension_mode":true,"campfire_choices":[{"floor":7.0,"key":"REST"},{"floor":12.0,"key":"REST"},{"data":"Burning Pact","floor":15.0,"key":"SMITH"}],"circlet_count":0,"master_deck":["AscendersBane","Strike_R","Strike_R","Strike_R","Strike_R","Strike_R+1","Defend_R","Defend_R","Defend_R","Defend_R","Bash","Battle Trance","Pommel Strike","Armaments+1","Clash","Burning Pact+1","Headbutt","Rampage+1"],"relics":["Burning Blood","MawBank","Question Card","Ice Cream","Calipers","Turnip"],"acts_visited":["Exordium"],"potions_floor_usage":[],"damage_taken":[{"damage":23.0,"enemies":"Jaw Worm","floor":1.0,"turns":5.0},{"damage":7.0,"enemies":"Small Slimes","floor":2.0,"turns":4.0},{"damage":2.0,"enemies":"2 Louse","floor":3.0,"turns":4.0},{"damage":25.0,"enemies":"Large Slime","floor":5.0,"turns":9.0},{"damage":27.0,"enemies":"3 Sentries","floor":8.0,"turns":10.0},{"damage":19.0,"enemies":"Lagavulin","floor":11.0,"turns":7.0},{"damage":16.0,"enemies":"3 Louse","floor":13.0,"turns":6.0},{"damage":52,"enemies":"Hexaghost","floor":16,"turns":9}],"seed_played":"-7420786103058827788","potions_obtained":[{"floor":1.0,"key":"DuplicationPotion"},{"floor":13.0,"key":"BloodPotion"}],"is_trial":false,"path_per_floor":["M","M","M","?","M","?","R","E","T","$","E","R","M","?","R","B"],"character_chosen":"IRONCLAD","items_purchased":["Calipers"],"campfire_rested":2,"item_purchase_floors":[10],"current_hp_per_floor":[55,54,58,42,23,28,53,32,32,32,19,44,51,51,51,0,0],"gold":73,"neow_bonus":"RANDOM_COMMON_RELIC","is_daily":false,"chose_seed":false,"campfire_upgraded":1,"win_rate":0.0,"timestamp":1610881507,"path_taken":["M","M","M","?","M","?","R","E","T","$","E","R","M","?","R","BOSS"],"items_purchased_type":["Relic"],"build_version":"2020-12-22","purchased_purges":0,"victory":false,"max_hp_per_floor":[80,80,80,80,80,85,85,85,85,85,85,85,85,85,85,85,85],"card_choices":[{"not_picked":["Inflame","Fire Breathing"],"picked":"Battle Trance","floor":1.0},{"not_picked":["Anger","Intimidate"],"picked":"Pommel Strike","floor":2.0},{"not_picked":["Havoc","Iron Wave"],"picked":"Armaments","floor":3.0},{"not_picked":["Entrench","Sword Boomerang"],"picked":"Clash","floor":5.0},{"not_picked":["Carnage","Armaments"],"picked":"Burning Pact","floor":8.0},{"not_picked":["Havoc","Anger","Wild Strike"],"picked":"Headbutt","floor":11.0},{"not_picked":["Headbutt","Cleave","Twin Strike"],"picked":"Rampage","floor":13.0}],"player_experience":407729,"relics_obtained":[{"floor":8.0,"key":"Question Card"},{"floor":9.0,"key":"Ice Cream"},{"floor":11.0,"key":"Turnip"}],"event_choices":[{"damage_healed":0.0,"max_hp_gain":0.0,"max_hp_loss":0.0,"gold_gain":0.0,"event_name":"Shining Light","player_choice":"Entered Light","floor":4.0,"gold_loss":0.0,"damage_taken":16.0,"cards_upgraded":["Strike_R","Armaments"]},{"damage_healed":0.0,"max_hp_gain":5.0,"max_hp_loss":0.0,"gold_gain":0.0,"event_name":"Big Fish","player_choice":"Donut","floor":6.0,"gold_loss":0.0,"damage_taken":0.0},{"damage_healed":0.0,"max_hp_gain":0.0,"max_hp_loss":0.0,"gold_gain":0.0,"event_name":"Living Wall","player_choice":"Grow","floor":14.0,"gold_loss":0.0,"damage_taken":0.0,"cards_upgraded":["Rampage"]}],"is_beta":false,"boss_relics":[],"items_purged_floors":[],"is_endless":false,"potions_floor_spawned":[1,13],"killed_by":"Hexaghost","ascension_level":10}}