{"host":"farxtl2u8hmkbdo2","time":1610904320,"event":{"mods":["A Magickal Journey","BaseMod","Challenge The Spire","Colored Map","Colored Powertips","Current Relic Mod","Energized Spire","Gremlin Mod","Hubris","Mimic Mod","Minty Spire (QoL Compilation)","Quick Restart","READ ME - Guardian Mod","READ ME - Snecko Mod","StSLib","The Bladedancer","The Bug Knight","The Disciple","The Elementalist","The Factory","The Necromancer","The Runesmith"],"gold_per_floor":[116,134,148,148,158,158,158,3,55,74,74,108,140,159,159,256,256,267,44,44,44,144,144,144],"floor_reached":23,"language":"SPA","playtime":1378,"items_purged":["HollowMod:NailStrikeStart"],"score":189,"play_id":"65c2a02c-91b2-46b2-becf-e1b0484b96b1","local_time":"20210117142520","is_ascension_mode":false,"campfire_choices":[{"data":"HollowMod:FocusHealStart","floor":6,"key":"SMITH"},{"data":"HollowMod:NewInfectedGuardian","floor":11,"key":"SMITH"},{"data":"HollowMod:NewJinnsSoul","floor":15,"key":"SMITH"}],"circlet_count":0,"master_deck":["HollowMod:NailStrikeStart","HollowMod:NailStrikeStart","HollowMod:NailStrikeStart","HollowMod:QuickDashStart","HollowMod:QuickDashStart","HollowMod:QuickDashStart","HollowMod:QuickDashStart","HollowMod:FocusHealStart+1","HollowMod:PogoStrike","HollowMod:CloakDash","HollowMod:DungDefenderAura","HollowMod:InfectionAssault","HollowMod:DashSlash","HollowMod:NewInfectedGuardian+1","HollowMod:NewJinnsSoul+1","HollowMod:CycloneSlash","HollowMod:DashSlash","HollowMod:Hiveblood","HollowMod:SlysStrikes","HollowMod:MawleksShell","HollowMod:MawleksShell","HollowMod:CrystalDash"],"relics":["HollowMod:VesselMask","TheAbacus","Bag of Preparation","Orichalcum","Art of War","Black Star"],"acts_visited":["Exordium","TheCity"],"potions_floor_usage":[13,13,23,23,23],"damage_taken":[{"damage":0,"enemies":"Small Slimes","floor":1,"turns":2},{"damage":1,"enemies":"Cultist","floor":2,"turns":3},{"damage":0,"enemies":"2 Louse","floor":3,"turns":3},{"damage":0,"enemies":"Blue Slaver","floor":5,"turns":5},{"damage":1,"enemies":"Large Slime","floor":10,"turns":7},{"damage":3,"enemies":"Exordium Wildlife","floor":12,"turns":8},{"damage":6,"enemies":"Lagavulin","floor":13,"turns":6},{"damage":13,"enemies":"Exordium Wildlife","floor":14,"turns":5},{"damage":61,"enemies":"Hexaghost","floor":16,"turns":12},{"damage":21,"enemies":"Shell Parasite","floor":18,"turns":10},{"damage":75,"enemies":"Slavers","floor":23,"turns":4}],"seed_played":"5781046809699257441","potions_obtained":[{"floor":0,"key":"FairyPotion"},{"floor":0,"key":"SkillPotion"},{"floor":0,"key":"FearPotion"},{"floor":3,"key":"Regen Potion"},{"floor":4,"key":"AttackPotion"},{"floor":4,"key":"SkillPotion"},{"floor":13,"key":"FearPotion"},{"floor":14,"key":"Fire Potion"},{"floor":18,"key":"Swift Potion"}],"is_trial":false,"path_per_floor":["M","M","M","?","M","R","?","$","T","M","R","MIM","E","M","R","B",null,"M","$","?","?","?","E"],"character_chosen":"THE_BUGKNIGHT","items_purchased":["TheAbacus","HollowMod:MawleksShell","HollowMod:CrystalDash"],"campfire_rested":0,"item_purchase_floors":[8,19,19],"current_hp_per_floor":[75,75,75,75,75,75,75,75,75,74,74,71,65,70,70,34,75,75,75,75,75,75,0,0],"gold":144,"neow_bonus":"THREE_SMALL_POTIONS","is_daily":false,"chose_seed":false,"campfire_upgraded":3,"win_rate":0.0,"timestamp":1610904320,"path_taken":["M","M","M","?","?","R","?","?","T","M","R","?","E","M","R","BOSS","M","$","?","?","?","E"],"items_purchased_type":["Relic","Card","Card"],"build_version":"2020-12-22","purchased_purges":1,"victory":false,"max_hp_per_floor":[75,75,75,75,75,75,75,75,75,75,75,75,75,75,75,75,75,75,75,75,75,75,75,75],"card_choices":[{"not_picked":["HollowMod:CycloneSlash","HollowMod:InfectedAttack"],"picked":"HollowMod:CloakDash","floor":1},{"not_picked":["HollowMod:ShadowDash","HollowMod:RecoilStrike"],"picked":"HollowMod:DungDefenderAura","floor":2},{"not_picked":["HollowMod:HeavyBlow","HollowMod:GrimmsGift"],"picked":"HollowMod:InfectionAssault","floor":3},{"not_picked":["HollowMod:RecoilStrike","HollowMod:WraithStrike"],"picked":"HollowMod:DashSlash","floor":5},{"not_picked":["HollowMod:NewJinnsSoul","HollowMod:SoulEater"],"picked":"HollowMod:CycloneSlash","floor":10},{"not_picked":["HollowMod:DreamGate","HollowMod:CycloneSlash"],"picked":"HollowMod:DashSlash","floor":12},{"not_picked":["HollowMod:QuirrelsAssistance","HollowMod:InfectedCysts"],"picked":"HollowMod:Hiveblood","floor":13},{"not_picked":["HollowMod:PureNailStrike","HollowMod:HowlingWraiths","HollowMod:SoulSplash"],"picked":"SKIP","floor":14},{"not_picked":["HollowMod:MidwifesHunger","HollowMod:AwokenDreamNail"],"picked":"HollowMod:SlysStrikes","floor":16},{"not_picked":["HollowMod:WraithStrike","HollowMod:AbyssShriek"],"picked":"HollowMod:MawleksShell","floor":18}],"player_experience":1853771,"relics_obtained":[{"floor":9,"key":"Bag of Preparation"},{"floor":12,"key":"Orichalcum"},{"floor":13,"key":"Art of War"}],"event_choices":[{"damage_healed":0,"gold_gain":0,"player_choice":"Got Potions","damage_taken":0,"max_hp_gain":0,"max_hp_loss":0,"event_name":"Lab","floor":4,"gold_loss":0},{"damage_healed":0,"gold_gain":0,"player_choice":"2 cards matched","damage_taken":0,"max_hp_gain":0,"max_hp_loss":0,"event_name":"Match and Keep!","floor":7,"gold_loss":0,"cards_obtained":["HollowMod:NewInfectedGuardian","HollowMod:NewJinnsSoul"]},{"damage_healed":0,"gold_gain":0,"player_choice":"Ignored","damage_taken":0,"max_hp_gain":0,"max_hp_loss":0,"event_name":"Vampires","floor":20,"gold_loss":0},{"damage_healed":0,"gold_gain":100,"player_choice":"Pray","damage_taken":0,"max_hp_gain":0,"max_hp_loss":0,"event_name":"Golden Shrine","floor":22,"gold_loss":0}],"is_beta":false,"boss_relics":[{"not_picked":["hubris:ScarierMask","Sozu"],"picked":"Black Star"}],"items_purged_floors":[19],"is_endless":false,"potions_floor_spawned":[3,5,10,13,14,18],"killed_by":"Slavers","ascension_level":0}}