{"host":"oehe2dxjvdgux73m","time":1610859903,"event":{"mods":["AchievementEnabler","BaseMod","Colored Map","Colored Powertips","DeckTracker","Keyboard Shortcuts","Minty Spire (QoL Compilation)","Permanent Neow","Quick Restart","StSLib","SuperFastMode"],"gold_per_floor":[110,124,124,139,155,183,183,2,29,55,55,75,75,103,103,199,199,217,230,249,20,20,52,76,88,123,150,162,186,233,265,277,391,403,434,501,513,525,537,549,591,614,626,638,8,21,46,64,64,64],"floor_reached":51,"language":"KOR","playtime":3019,"items_purged":["Strike_R"],"score":1217,"play_id":"a5ce7e69-ffbc-4aea-a787-fe85129e31bf","local_time":"20210117140503","is_ascension_mode":true,"campfire_choices":[{"data":"Immolate","floor":7.0,"key":"SMITH"},{"floor":11.0,"key":"REST"},{"data":"Apotheosis","floor":13.0,"key":"SMITH"},{"data":"Pommel Strike","floor":15.0,"key":"SMITH"},{"data":"Bludgeon","floor":25.0,"key":"SMITH"},{"data":"Double Tap","floor":32.0,"key":"SMITH"},{"data":"Enlightenment","floor":40.0,"key":"SMITH"},{"floor":49.0,"key":"REST"}],"circlet_count":0,"master_deck":["AscendersBane","Strike_R","Defend_R","Defend_R","Defend_R","Defend_R","Bash","Immolate+1","Armaments","Disarm","Body Slam","Shrug It Off","Immolate","Apotheosis+1","Headbutt","Pommel Strike+1","Body Slam","Bludgeon+1","Clothesline+1","Dark Embrace","Double Tap+1","Feel No Pain+1","Seeing Red","True Grit","Uppercut","Burning Pact+1","Enlightenment+1","Corruption","Battle Trance","Pommel Strike+1","Madness","Madness","Corruption","Parasite","Burning Pact+1","Feel No Pain+1"],"relics":["Burning Blood","Bronze Scales","Lantern","Blood Vial","Anchor","Nunchaku","Mark of Pain","Orrery","MutagenicStrength","MawBank","Bag of Preparation","Mummified Hand","Empty Cage","Prayer Wheel","PreservedInsect","Singing Bowl","Incense Burner","DollysMirror","Centennial Puzzle"],"acts_visited":["Exordium","TheCity","TheBeyond"],"potions_floor_usage":[50],"damage_taken":[{"damage":0.0,"enemies":"Small Slimes","floor":1.0,"turns":2.0},{"damage":1.0,"enemies":"Cultist","floor":2.0,"turns":4.0},{"damage":0.0,"enemies":"2 Louse","floor":4.0,"turns":2.0},{"damage":1.0,"enemies":"2 Fungi Beasts","floor":5.0,"turns":2.0},{"damage":47.0,"enemies":"Gremlin Nob","floor":6.0,"turns":5.0},{"damage":21.0,"enemies":"Lagavulin","floor":10.0,"turns":5.0},{"damage":0.0,"enemies":"Red Slaver","floor":12.0,"turns":2.0},{"damage":0.0,"enemies":"3 Sentries","floor":14.0,"turns":2.0},{"damage":47.0,"enemies":"Hexaghost","floor":16.0,"turns":8.0},{"damage":10.0,"enemies":"Shell Parasite","floor":18.0,"turns":3.0},{"damage":2.0,"enemies":"Chosen","floor":19.0,"turns":3.0},{"damage":0.0,"enemies":"Snake Plant","floor":20.0,"turns":2.0},{"damage":14.0,"enemies":"Book of Stabbing","floor":23.0,"turns":4.0},{"damage":13.0,"enemies":"Centurion and Healer","floor":24.0,"turns":5.0},{"damage":0.0,"enemies":"Snecko","floor":27.0,"turns":2.0},{"damage":0.0,"enemies":"Snake Plant","floor":29.0,"turns":1.0},{"damage":19.0,"enemies":"Gremlin Leader","floor":30.0,"turns":5.0},{"damage":0.0,"enemies":"Centurion and Healer","floor":31.0,"turns":4.0},{"damage":66.0,"enemies":"Automaton","floor":33.0,"turns":12.0},{"damage":0.0,"enemies":"3 Shapes","floor":35.0,"turns":2.0},{"damage":50.0,"enemies":"2 Orb Walkers","floor":36.0,"turns":5.0},{"damage":78.0,"enemies":"Nemesis","floor":41.0,"turns":9.0},{"damage":14.0,"enemies":"3 Darklings","floor":42.0,"turns":5.0},{"damage":0.0,"enemies":"Writhing Mass","floor":46.0,"turns":4.0},{"damage":0.0,"enemies":"Jaw Worm Horde","floor":48.0,"turns":1.0},{"damage":51,"enemies":"Time Eater","floor":50,"turns":4}],"seed_played":"8901878202506739814","potions_obtained":[{"floor":2.0,"key":"SpeedPotion"},{"floor":5.0,"key":"PowerPotion"},{"floor":14.0,"key":"Energy Potion"},{"floor":20.0,"key":"PowerPotion"},{"floor":27.0,"key":"Fire Potion"},{"floor":29.0,"key":"BlessingOfTheForge"},{"floor":30.0,"key":"BlessingOfTheForge"},{"floor":36.0,"key":"FairyPotion"},{"floor":41.0,"key":"ElixirPotion"},{"floor":42.0,"key":"DuplicationPotion"}],"is_trial":false,"path_per_floor":["M","M","?","M","M","E","R","$","T","E","R","M","R","E","R","B",null,"M","M","M","$","?","E","M","R","T","M","?","M","E","M","R","B",null,"M","?","?","?","?","R","E","M","T","?","$","M","T","M","R","B",null],"character_chosen":"IRONCLAD","items_purchased":["Apotheosis","Dark Embrace","Orrery","FairyPotion","Incense Burner","DollysMirror"],"campfire_rested":2,"item_purchase_floors":[8,21,21,45,45,45],"current_hp_per_floor":[78,80,80,80,80,39,39,39,39,26,50,58,58,66,66,27,67,65,71,79,79,79,72,67,67,67,75,75,80,67,75,75,17,64,72,30,30,70,60,60,27,21,21,12,12,24,24,32,54,11],"gold":64,"neow_bonus":"ONE_RANDOM_RARE_CARD","is_daily":false,"chose_seed":false,"campfire_upgraded":6,"win_rate":0.0,"timestamp":1610859903,"path_taken":["M","M","?","M","M","E","R","$","T","E","R","?","R","E","R","BOSS","M","M","M","$","?","E","M","R","T","M","?","M","E","M","R","BOSS","M","?","?","?","?","R","E","M","T","?","$","M","?","M","R","BOSS"],"items_purchased_type":["Card","Card","Relic","Potion","Relic","Relic"],"build_version":"2020-12-22","purchased_purges":1,"victory":true,"max_hp_per_floor":[80,80,80,80,80,80,80,80,80,80,80,80,80,80,80,80,80,80,80,80,80,80,80,80,80,80,80,80,80,80,80,80,80,80,80,80,80,70,70,70,70,70,70,70,70,74,74,74,74,74],"card_choices":[{"not_picked":["Flex","Clothesline"],"picked":"Armaments","floor":1.0},{"not_picked":["Warcry","Infernal Blade"],"picked":"Disarm","floor":2.0},{"not_picked":["Metallicize","Flex"],"picked":"Body Slam","floor":4.0},{"not_picked":["Clothesline","Intimidate"],"picked":"Shrug It Off","floor":5.0},{"not_picked":["Headbutt","Shrug It Off"],"picked":"Immolate","floor":6.0},{"not_picked":["Clothesline","Iron Wave"],"picked":"Headbutt","floor":10.0},{"not_picked":["Blood for Blood","Spot Weakness"],"picked":"Pommel Strike","floor":12.0},{"not_picked":["Headbutt","Thunderclap"],"picked":"Body Slam","floor":14.0},{"not_picked":["Impervious","Demon Form"],"picked":"Bludgeon","floor":16.0},{"not_picked":["Havoc","Warcry"],"picked":"Clothesline+1","floor":18.0},{"not_picked":["Armaments","Blood for Blood","Rampage"],"picked":"SKIP","floor":19.0},{"not_picked":["Entrench","Headbutt","Clothesline+1"],"picked":"SKIP","floor":20.0},{"not_picked":["Pommel Strike","Warcry"],"picked":"Double Tap","floor":21.0},{"not_picked":["Pummel","Twin Strike+1"],"picked":"Feel No Pain+1","floor":21.0},{"not_picked":["Body Slam","True Grit"],"picked":"Seeing Red","floor":23.0},{"not_picked":["Disarm","Anger"],"picked":"True Grit","floor":24.0},{"not_picked":["Rupture+1","Wild Strike"],"picked":"Uppercut","floor":27.0},{"not_picked":["Perfected Strike+1","True Grit","Sever Soul"],"picked":"SKIP","floor":29.0},{"not_picked":["Armaments","Anger","True Grit"],"picked":"SKIP","floor":30.0},{"not_picked":["Rampage","Headbutt","Inflame"],"picked":"SKIP","floor":31.0},{"not_picked":["Flex+1","Metallicize","Carnage"],"picked":"SKIP","floor":35.0},{"not_picked":["Disarm","Body Slam"],"picked":"Burning Pact+1","floor":36.0},{"not_picked":["Panache","Blind"],"picked":"Enlightenment","floor":39.0},{"not_picked":["Perfected Strike","Clash"],"picked":"Corruption","floor":41.0},{"not_picked":["Iron Wave+1","Sword Boomerang+1"],"picked":"Battle Trance","floor":42.0},{"not_picked":["Fire Breathing","Wild Strike"],"picked":"Pommel Strike+1","floor":42.0},{"not_picked":["Exhume","Iron Wave","Wild Strike"],"picked":"Singing Bowl","floor":46.0},{"not_picked":["Rupture+1","Heavy Blade+1","Sever Soul+1"],"picked":"Singing Bowl","floor":46.0},{"not_picked":["Pommel Strike+1","Perfected Strike+1"],"picked":"Burning Pact+1","floor":48.0},{"not_picked":["Flame Barrier+1","Hemokinesis"],"picked":"Feel No Pain+1","floor":48.0}],"player_experience":250976,"relics_obtained":[{"floor":6.0,"key":"Lantern"},{"floor":9.0,"key":"Blood Vial"},{"floor":10.0,"key":"Anchor"},{"floor":14.0,"key":"Nunchaku"},{"floor":23.0,"key":"MawBank"},{"floor":26.0,"key":"Bag of Preparation"},{"floor":30.0,"key":"Mummified Hand"},{"floor":36.0,"key":"Prayer Wheel"},{"floor":41.0,"key":"PreservedInsect"},{"floor":43.0,"key":"Singing Bowl"},{"floor":47.0,"key":"Centennial Puzzle"}],"event_choices":[{"damage_healed":0.0,"max_hp_gain":0.0,"max_hp_loss":0.0,"gold_gain":0.0,"event_name":"WeMeetAgain","player_choice":"Gave Potion","floor":3.0,"gold_loss":0.0,"damage_taken":0.0,"relics_obtained":["Bronze Scales"]},{"damage_healed":0.0,"max_hp_gain":0.0,"max_hp_loss":0.0,"gold_gain":0.0,"event_name":"Drug Dealer","player_choice":"Inject Mutagens","floor":22.0,"gold_loss":0.0,"damage_taken":0.0,"relics_obtained":["MutagenicStrength"]},{"damage_healed":0.0,"max_hp_gain":0.0,"max_hp_loss":0.0,"gold_gain":0.0,"event_name":"Match and Keep!","player_choice":"0 cards matched","floor":28.0,"gold_loss":0.0,"damage_taken":0.0,"cards_obtained":[]},{"damage_healed":0.0,"max_hp_gain":0.0,"max_hp_loss":0.0,"gold_gain":0.0,"event_name":"Mysterious Sphere","player_choice":"Fight","floor":36.0,"gold_loss":0.0,"damage_taken":0.0},{"cards_removed":["Strike_R"],"damage_healed":0.0,"max_hp_gain":0.0,"max_hp_loss":0.0,"gold_gain":0.0,"event_name":"Falling","player_choice":"Removed Attack","floor":37.0,"gold_loss":0.0,"damage_taken":0.0},{"damage_healed":70.0,"max_hp_gain":0.0,"max_hp_loss":10.0,"gold_gain":0.0,"event_name":"The Moai Head","player_choice":"Heal","floor":38.0,"gold_loss":0.0,"damage_taken":0.0},{"damage_healed":0.0,"max_hp_gain":0.0,"max_hp_loss":0.0,"gold_gain":0.0,"event_name":"SensoryStone","player_choice":"Memory 3","floor":39.0,"gold_loss":0.0,"damage_taken":10.0},{"damage_healed":0.0,"max_hp_gain":0.0,"max_hp_loss":0.0,"gold_gain":0.0,"event_name":"Winding Halls","player_choice":"Embrace Madness","floor":44.0,"gold_loss":0.0,"damage_taken":9.0,"cards_obtained":["Madness","Madness"]}],"is_beta":false,"boss_relics":[{"not_picked":["Cursed Key","Black Star"],"picked":"Mark of Pain"},{"not_picked":["SlaversCollar","Tiny House"],"picked":"Empty Cage"}],"items_purged_floors":[45],"is_endless":false,"potions_floor_spawned":[2,5,14,20,27,29,30,36,41,42],"ascension_level":11}}