{"host":"i7jfea87xc8lz16p","time":1610904455,"event":{"mods":["AchievementEnabler","BaseMod","Colored Powertips","Minty Spire (QoL Compilation)","Relic Stats"],"gold_per_floor":[110,126,141,8,20,20,50,0,55,67,67,67,97,110,110,184,184,198,198,248,248,248],"floor_reached":21,"language":"ENG","playtime":1091,"items_purged":["Strike_B"],"score":378,"play_id":"a5979e45-719d-40f7-9956-1eb4eed6ba85","local_time":"20210117182735","is_ascension_mode":true,"campfire_choices":[{"data":"Sweeping Beam","floor":6,"key":"SMITH"},{"floor":11,"key":"REST"},{"floor":15,"key":"REST"}],"circlet_count":0,"master_deck":["AscendersBane","Strike_B","Strike_B","Strike_B","Defend_B","Defend_B","Defend_B","Defend_B","Zap","Dualcast","Genetic Algorithm","Melter","Sweeping Beam+1","Ball Lightning","Coolheaded","Coolheaded","Lockon","Seek","Reinforced Body"],"relics":["SacredBark","StrikeDummy","Blood Vial","PreservedInsect","Cursed Key"],"acts_visited":["Exordium","TheCity"],"potions_floor_usage":[2,7,13,16,16],"damage_taken":[{"damage":5,"enemies":"Small Slimes","floor":1,"turns":6},{"damage":3,"enemies":"Jaw Worm","floor":2,"turns":6},{"damage":1,"enemies":"2 Louse","floor":3,"turns":3},{"damage":9,"enemies":"Exordium Wildlife","floor":5,"turns":4},{"damage":17,"enemies":"Lagavulin","floor":7,"turns":4},{"damage":6,"enemies":"Blue Slaver","floor":10,"turns":5},{"damage":22,"enemies":"Gremlin Nob","floor":13,"turns":5},{"damage":9,"enemies":"2 Fungi Beasts","floor":14,"turns":3},{"damage":21,"enemies":"Slime Boss","floor":16,"turns":10},{"damage":40,"enemies":"3 Byrds","floor":18,"turns":7}],"seed_played":"-7905994243478590264","potions_obtained":[{"floor":1,"key":"EntropicBrew"},{"floor":13,"key":"SkillPotion"},{"floor":14,"key":"FocusPotion"},{"floor":18,"key":"SteroidPotion"}],"is_trial":false,"path_per_floor":["M","M","M","$","M","R","E","?","T","M","R","?","E","M","R","B",null,"M","?","?","?"],"character_chosen":"DEFECT","items_purchased":["Ball Lightning"],"campfire_rested":2,"item_purchase_floors":[4],"current_hp_per_floor":[59,56,55,55,46,46,29,29,29,25,46,46,26,19,40,21,59,21,21,21,0,0],"gold":248,"neow_bonus":"BOSS_RELIC","is_daily":false,"chose_seed":false,"campfire_upgraded":1,"win_rate":0.0,"timestamp":1610904455,"path_taken":["M","M","M","$","M","R","E","?","T","M","R","?","E","M","R","BOSS","M","?","?","?"],"items_purchased_type":["Card"],"build_version":"2020-12-22","purchased_purges":1,"victory":false,"max_hp_per_floor":[71,71,71,71,71,71,71,71,71,71,71,71,71,71,71,71,71,71,71,71,71,71],"relic_stats":{"Blood Vial":10,"counters":[10,53],"PreservedInsect":0,"Cursed Key":0,"obtain_stats":[{"Blood Vial":9,"SacredBark":0,"PreservedInsect":13,"Cracked Core":0,"StrikeDummy":7,"Cursed Key":17},{"Blood Vial":5,"SacredBark":0,"PreservedInsect":7,"Cracked Core":0,"StrikeDummy":5,"Cursed Key":9},{"Blood Vial":23,"SacredBark":0,"PreservedInsect":33,"Cracked Core":0,"StrikeDummy":23,"Cursed Key":46}]},"card_choices":[{"not_picked":["Hologram","Rebound"],"picked":"Genetic Algorithm","floor":1},{"not_picked":["Stack","Recycle"],"picked":"Melter","floor":2},{"not_picked":["Beam Cell","Rebound"],"picked":"Sweeping Beam","floor":3},{"not_picked":["All For One","Tempest"],"picked":"Coolheaded","floor":5},{"not_picked":["Turbo","Gash","Redo"],"picked":"SKIP","floor":7},{"not_picked":["Melter","Gash"],"picked":"Coolheaded","floor":10},{"not_picked":["Meteor Strike","Melter"],"picked":"Lockon","floor":13},{"not_picked":["Stack","Reprogram","Beam Cell"],"picked":"SKIP","floor":14},{"not_picked":["Thunder Strike","Meteor Strike"],"picked":"Seek","floor":16},{"not_picked":["Consume","Coolheaded"],"picked":"Reinforced Body","floor":18}],"player_experience":1793754,"relics_obtained":[{"floor":7,"key":"StrikeDummy"},{"floor":9,"key":"Blood Vial"},{"floor":13,"key":"PreservedInsect"}],"event_choices":[{"damage_healed":0,"gold_gain":0,"player_choice":"Left Gold","damage_taken":0,"max_hp_gain":0,"max_hp_loss":0,"event_name":"World of Goop","floor":8,"gold_loss":50},{"damage_healed":0,"gold_gain":0,"player_choice":"Ignored","damage_taken":0,"max_hp_gain":0,"max_hp_loss":0,"event_name":"Liars Game","floor":12,"gold_loss":0},{"damage_healed":0,"gold_gain":0,"player_choice":"Ignored","damage_taken":0,"max_hp_gain":0,"max_hp_loss":0,"event_name":"The Mausoleum","floor":19,"gold_loss":0},{"damage_healed":0,"gold_gain":50,"player_choice":"Stole From Cult","damage_taken":0,"max_hp_gain":0,"max_hp_loss":0,"event_name":"Nest","floor":20,"gold_loss":0}],"is_beta":false,"boss_relics":[{"not_picked":["Black Star","Nuclear Battery"],"picked":"Cursed Key"}],"items_purged_floors":[4],"is_endless":false,"potions_floor_spawned":[1,3,13,14,18],"ascension_level":20}}