{"host":"1a3cjta80tad0aqj","time":1610896300,"event":{"mods":["2.2 Compatiblity","AchievementEnabler","BaseMod","Colored Map","DeckTracker","KOR Keyword Fix","Keyboard Shortcuts","Minty Spire (QoL Compilation)","Permanent Neow","Quick Restart","Random Character Button","StSLib","SuperFastMode","everything is the same but u backflip on backflip"],"gold_per_floor":[116,191,211,230,248,248,248,248,248],"floor_reached":8,"language":"KOR","playtime":229,"items_purged":[],"score":77,"play_id":"cb441005-f830-4eb0-8121-c4e0a5515b2f","local_time":"20210118001140","is_ascension_mode":true,"campfire_choices":[{"data":"Eruption","floor":6,"key":"SMITH"}],"circlet_count":0,"master_deck":["AscendersBane","Strike_P+1","Strike_P+1","Strike_P","Strike_P","Defend_P","Defend_P","Defend_P","Defend_P","Eruption+1","Vigilance","EmptyBody","SashWhip","BowlingBash"],"relics":["PureWater","Whetstone"],"acts_visited":["Exordium"],"potions_floor_usage":[8],"damage_taken":[{"damage":2,"enemies":"2 Louse","floor":1,"turns":2},{"damage":0,"enemies":"Jaw Worm","floor":3,"turns":4},{"damage":0,"enemies":"Cultist","floor":4,"turns":2},{"damage":20,"enemies":"Lots of Slimes","floor":5,"turns":5},{"damage":34,"enemies":"Gremlin Nob","floor":8,"turns":4}],"seed_played":"-9073626979944029197","potions_obtained":[{"floor":1,"key":"ColorlessPotion"}],"is_trial":false,"path_per_floor":["M","?","M","M","M","R","?","E"],"character_chosen":"WATCHER","items_purchased":[],"campfire_rested":0,"item_purchase_floors":[],"current_hp_per_floor":[63,52,52,52,32,32,32,0,0],"gold":248,"neow_bonus":"RANDOM_COMMON_RELIC","is_daily":false,"chose_seed":false,"campfire_upgraded":1,"win_rate":0.0,"timestamp":1610896300,"path_taken":["M","?","M","M","M","R","?","E"],"items_purchased_type":[],"build_version":"2020-12-22","purchased_purges":0,"victory":false,"max_hp_per_floor":[72,72,72,72,72,72,72,72,72],"card_choices":[{"not_picked":["CarveReality","Consecrate","LikeWater"],"picked":"SKIP","floor":1},{"not_picked":["Sanctity","Pray"],"picked":"EmptyBody","floor":3},{"not_picked":["CrushJoints","PathToVictory"],"picked":"SashWhip","floor":4},{"not_picked":["CrushJoints","EmptyFist"],"picked":"BowlingBash","floor":5}],"player_experience":715887,"relics_obtained":[],"event_choices":[{"damage_healed":0,"gold_gain":75,"player_choice":"Gather Gold","damage_taken":11,"max_hp_gain":0,"max_hp_loss":0,"event_name":"World of Goop","floor":2,"gold_loss":0},{"damage_healed":0,"gold_gain":0,"player_choice":"Fled","damage_taken":0,"max_hp_gain":0,"max_hp_loss":0,"event_name":"Scrap Ooze","floor":7,"gold_loss":0}],"is_beta":false,"boss_relics":[],"items_purged_floors":[],"is_endless":false,"potions_floor_spawned":[1],"killed_by":"Gremlin Nob","ascension_level":12}}