{"host":"q50ttuv713gicbhz","time":1610902750,"event":{"mods":["AchievementEnabler","BaseMod","Bestiary","Minty Spire (QoL Compilation)"],"gold_per_floor":[119,119,129,141,156,183,183,215,215,229,229,15,15,25,25,122,122,133,148,148,167,16,51,51,10,10,43,57,57,67,67,67,67,67],"floor_reached":33,"language":"ENG","playtime":2085,"items_purged":["Strike_B"],"score":297,"play_id":"fd8da88d-29d2-4b6a-a43a-113b77c00ff3","local_time":"20210117185910","is_ascension_mode":false,"campfire_choices":[{"floor":7,"key":"REST"},{"data":"Consume","floor":11,"key":"SMITH"},{"floor":15,"key":"REST"},{"floor":24,"key":"REST"},{"data":"Defragment","floor":29,"key":"SMITH"},{"floor":32,"key":"REST"}],"circlet_count":0,"master_deck":["Strike_B","Strike_B","Defend_B","Defend_B","Defend_B","Defend_B","Zap","Dualcast","Gash","Go for the Eyes","Gash","Conserve Battery","Consume+1","Capacitor","Stack","Multi-Cast","Storm","Glacier","Machine Learning","Undo","Sweeping Beam","Defragment+1","Blizzard","Rebound","Force Field","Auto Shields+1"],"relics":["Cracked Core","NeowsBlessing","Thread and Needle","Bottled Flame","Ginger","Busted Crown","Dead Branch","Mercury Hourglass","Lantern","Prayer Wheel"],"acts_visited":["Exordium","TheCity"],"potions_floor_usage":[6,8,16,19,21,27,28,33,33],"damage_taken":[{"damage":0,"enemies":"Small Slimes","floor":1,"turns":1},{"damage":0,"enemies":"Cultist","floor":3,"turns":1},{"damage":0,"enemies":"Jaw Worm","floor":4,"turns":1},{"damage":2,"enemies":"Blue Slaver","floor":5,"turns":4},{"damage":35,"enemies":"Lagavulin","floor":6,"turns":7},{"damage":18,"enemies":"Gremlin Nob","floor":8,"turns":5},{"damage":6,"enemies":"Looter","floor":10,"turns":3},{"damage":0,"enemies":"Exordium Wildlife","floor":14,"turns":3},{"damage":6,"enemies":"Slime Boss","floor":16,"turns":14},{"damage":0,"enemies":"Spheric Guardian","floor":18,"turns":5},{"damage":20,"enemies":"2 Thieves","floor":19,"turns":4},{"damage":24,"enemies":"Cultist and Chosen","floor":21,"turns":9},{"damage":26,"enemies":"Book of Stabbing","floor":23,"turns":7},{"damage":12,"enemies":"Gremlin Leader","floor":27,"turns":7},{"damage":9,"enemies":"Snake Plant","floor":28,"turns":6},{"damage":0,"enemies":"Snecko","floor":30,"turns":7},{"damage":28,"enemies":"Champ","floor":33,"turns":10}],"seed_played":"-8211158788928283837","potions_obtained":[{"floor":3,"key":"Energy Potion"},{"floor":4,"key":"DuplicationPotion"},{"floor":8,"key":"SteroidPotion"},{"floor":14,"key":"SkillPotion"},{"floor":16,"key":"Fire Potion"},{"floor":18,"key":"SpeedPotion"},{"floor":20,"key":"FocusPotion"},{"floor":20,"key":"LiquidMemories"},{"floor":27,"key":"SkillPotion"},{"floor":28,"key":"Strength Potion"}],"is_trial":false,"path_per_floor":["M","?","M","M","M","E","R","E","T","M","R","$","$","M","R","B",null,"M","M","?","M","$","E","R","$","T","E","M","R","M","T","R","B"],"character_chosen":"DEFECT","items_purchased":["Multi-Cast","Storm","Defragment","Blizzard","Force Field"],"campfire_rested":4,"item_purchase_floors":[12,12,22,22,25],"current_hp_per_floor":[75,75,75,75,73,38,60,42,42,36,36,36,36,36,58,52,75,75,55,55,31,31,5,27,27,27,15,6,6,6,6,28,0,0],"gold":67,"neow_bonus":"THREE_ENEMY_KILL","is_daily":false,"chose_seed":false,"campfire_upgraded":2,"win_rate":0.0,"timestamp":1610902750,"path_taken":["M","?","M","M","?","E","R","E","T","M","R","?","$","M","R","BOSS","M","M","?","M","?","E","R","$","T","E","M","R","M","?","R","BOSS"],"items_purchased_type":["Card","Card","Card","Card","Card"],"build_version":"2020-12-22","purchased_purges":1,"victory":false,"max_hp_per_floor":[75,75,75,75,75,75,75,75,75,75,75,75,75,75,75,75,75,75,75,75,75,75,75,75,75,75,75,75,75,75,75,75,75,75],"card_choices":[{"not_picked":["Turbo","FTL"],"picked":"Gash","floor":1},{"not_picked":["Auto Shields","Multi-Cast"],"picked":"Go for the Eyes","floor":3},{"not_picked":["Loop","Go for the Eyes"],"picked":"Gash","floor":4},{"not_picked":["Capacitor","Streamline"],"picked":"Conserve Battery","floor":5},{"not_picked":["Barrage","Meteor Strike"],"picked":"Consume","floor":6},{"not_picked":["Go for the Eyes","Melter"],"picked":"Capacitor","floor":8},{"not_picked":["Steam","White Noise"],"picked":"Stack","floor":10},{"not_picked":["Hello World","Lockon"],"picked":"Glacier","floor":14},{"not_picked":["Reboot","Meteor Strike"],"picked":"Machine Learning","floor":16},{"not_picked":["Gash"],"picked":"SKIP","floor":18},{"not_picked":[],"picked":"Undo","floor":19},{"not_picked":[],"picked":"Sweeping Beam","floor":21},{"not_picked":[],"picked":"Rebound","floor":23},{"not_picked":[],"picked":"Auto Shields+1","floor":27},{"not_picked":["White Noise"],"picked":"SKIP","floor":28},{"not_picked":["Beam Cell"],"picked":"SKIP","floor":30}],"player_experience":97837,"relics_obtained":[{"floor":6,"key":"Thread and Needle"},{"floor":8,"key":"Bottled Flame"},{"floor":9,"key":"Ginger"},{"floor":23,"key":"Dead Branch"},{"floor":26,"key":"Mercury Hourglass"},{"floor":27,"key":"Lantern"},{"floor":31,"key":"Prayer Wheel"}],"event_choices":[{"cards_removed":["Strike_B"],"damage_healed":0,"gold_gain":0,"player_choice":"Purged","damage_taken":0,"max_hp_gain":0,"max_hp_loss":0,"event_name":"Purifier","floor":2,"gold_loss":0},{"damage_healed":0,"gold_gain":0,"player_choice":"Got Potions","damage_taken":0,"max_hp_gain":0,"max_hp_loss":0,"event_name":"Lab","floor":20,"gold_loss":0}],"is_beta":false,"boss_relics":[{"not_picked":["Coffee Dripper","Ectoplasm"],"picked":"Busted Crown"}],"items_purged_floors":[12],"is_endless":false,"potions_floor_spawned":[3,4,8,14,16,18,27,28],"killed_by":"Champ","ascension_level":0}}