{"host":"5xv4ucgq6smxtrnj","time":1610894102,"event":{"mods":["AchievementEnabler","BaseMod","Better Note","BetterRewards","Colored Map","Colored Powertips","Curses Come First","DeckTracker","Good Game Mod","Highlight Path","Minty Spire (QoL Compilation)","Permanent Neow","Quick Restart","Rare Cards Sparkle","StSLib","The Bug Knight","[IsaacMod]ÒÔÈö¼âËþ"],"gold_per_floor":[110,126,126,141,66,66,66,66,66,66,66,91,91,104,104,223,223,246,246,4,29,29,29,47,47,73,20,40,40,52,67,67,171,171,185,185,185],"floor_reached":36,"language":"ZHS","playtime":3401,"items_purged":["HollowMod:QuickDashStart"],"score":354,"play_id":"5cc65516-0b3b-4861-b328-0179ad0c5956","local_time":"20210117223502","is_ascension_mode":false,"campfire_choices":[{"data":"HollowMod:CloakDash","floor":6,"key":"SMITH"},{"data":"DoctorFetus","floor":8,"key":"SMITH"},{"data":"HollowMod:ChannelNail","floor":13,"key":"SMITH"},{"data":"HollowMod:FocusHealStart","floor":15,"key":"SMITH"},{"data":"HollowMod:CornifersMapStart","floor":23,"key":"SMITH"},{"data":"HollowMod:SlysStrikes","floor":29,"key":"SMITH"},{"data":"1","floor":32,"key":"LIFT"}],"circlet_count":0,"master_deck":["HollowMod:NailStrikeStart","HollowMod:NailStrikeStart","HollowMod:NailStrikeStart","HollowMod:NailStrikeStart","HollowMod:QuickDashStart","HollowMod:QuickDashStart","HollowMod:QuickDashStart","HollowMod:FocusHealStart+1","HollowMod:PogoStrike","DoctorFetus+1","DeusExMachina","HollowMod:HowlingWraiths","HollowMod:ChannelNail+1","HollowMod:CloakDash+1","HollowMod:DashSlash","HollowMod:SlysStrikes+1","HollowMod:CycloneSlash","Infernal Blade+1","HollowMod:CycloneSlash","HollowMod:CloakDash","HollowMod:CornifersMapStart+1","HollowMod:GoodIntentions","DeusExMachina","HollowMod:CycloneSlash","HollowMod:ChannelNail+1","HollowMod:Weaversong"],"relics":["HollowMod:VesselMask","REME:ComplimentaryCards","HushsDoor","Girya","BelialBook","Bloody Idol","BloodDonationMachine","HollowMod:MillibellesNoteRelic","MagicMushroom","HandDrill","Oddly Smooth Stone","SlaversCollar"],"acts_visited":["Exordium","TheCity","TheBeyond"],"potions_floor_usage":[16,16,28],"damage_taken":[{"damage":0,"enemies":"Small Slimes","floor":1,"turns":3},{"damage":0,"enemies":"2 Louse","floor":2,"turns":2},{"damage":0,"enemies":"Cultist","floor":4,"turns":1},{"damage":1,"enemies":"Large Slime","floor":12,"turns":4},{"damage":8,"enemies":"Exordium Thugs","floor":14,"turns":4},{"damage":62,"enemies":"Hexaghost","floor":16,"turns":10},{"damage":0,"enemies":"Shell Parasite","floor":18,"turns":3},{"damage":6,"enemies":"2 Thieves","floor":21,"turns":3},{"damage":12,"enemies":"Shelled Parasite and Fungi","floor":24,"turns":3},{"damage":2,"enemies":"Centurion and Healer","floor":28,"turns":4},{"damage":0,"enemies":"Chosen and Byrds","floor":30,"turns":3},{"damage":0,"enemies":"3 Cultists","floor":31,"turns":3},{"damage":29,"enemies":"HollowMod:NKGrimm","floor":33,"turns":7},{"damage":1,"enemies":"3 Darklings","floor":35,"turns":3}],"seed_played":"-8145286685306096363","potions_obtained":[{"floor":1,"key":"LiquidMemories"},{"floor":2,"key":"Dexterity Potion"},{"floor":4,"key":"SpeedPotion"},{"floor":18,"key":"SneckoOil"},{"floor":28,"key":"PowerPotion"},{"floor":30,"key":"SteroidPotion"},{"floor":33,"key":"Swift Potion"}],"is_trial":false,"path_per_floor":["M","M","?","M","?","R","$","R","T","?","?","M","R","M","R","B",null,"M","?","$","M","?","R","M","?","T","$","M","R","M","M","R","B",null,"M","$"],"character_chosen":"THE_BUGKNIGHT","items_purchased":["HollowMod:HowlingWraiths","Bomb","HollowMod:CycloneSlash","HollowMod:CloakDash","HandDrill","HollowMod:CycloneSlash"],"campfire_rested":0,"item_purchase_floors":[0,0,20,20,20,27],"current_hp_per_floor":[75,75,57,57,62,62,62,62,62,62,62,71,71,63,63,13,87,87,87,87,81,81,81,81,81,86,86,87,87,87,87,87,63,87,87,87,87],"gold":185,"neow_bonus":"","is_daily":false,"chose_seed":false,"campfire_upgraded":6,"win_rate":0.0,"timestamp":1610894102,"path_taken":["M","M","?","M","?","R","$","R","T","?","?","M","R","M","R","BOSS","M","?","$","M","?","R","M","?","T","$","M","R","M","M","R","BOSS","M","$"],"items_purchased_type":["Card","Card","Card","Card","Relic","Card"],"build_version":"2020-12-22","purchased_purges":1,"victory":false,"max_hp_per_floor":[75,75,75,75,80,80,80,80,80,80,80,80,80,80,80,80,87,87,87,87,87,87,87,87,87,87,87,87,87,87,87,87,87,87,87,87,87],"card_choices":[{"not_picked":[],"picked":"DoctorFetus","floor":0},{"not_picked":["HollowMod:LifebloodCocoon","HollowMod:ShadowDash"],"picked":"Bomb","floor":1},{"not_picked":["HollowMod:NewLittleFool","HollowMod:DescendingDark"],"picked":"HollowMod:ChannelNail","floor":2},{"not_picked":["HollowMod:InfectedAttack","HollowMod:WraithStrike"],"picked":"HollowMod:CloakDash","floor":4},{"not_picked":["HollowMod:ShapeofUnn","HollowMod:InfectedAttack"],"picked":"HollowMod:DashSlash","floor":12},{"not_picked":["HollowMod:VengefulSpirit","HollowMod:DungDefenderAura","HollowMod:Hiveblood"],"picked":"SKIP","floor":14},{"not_picked":["HollowMod:HornetsHelp","HollowMod:MidwifesHunger"],"picked":"HollowMod:SlysStrikes","floor":16},{"not_picked":["HollowMod:NewLittleFool","HollowMod:MawleksShell"],"picked":"HollowMod:CycloneSlash","floor":18},{"not_picked":["HollowMod:HowlingWraiths","HollowMod:InfectedAttack"],"picked":"HollowMod:CornifersMapStart","floor":21},{"not_picked":["HollowMod:DesolateDive","HollowMod:LifebloodCocoon"],"picked":"HollowMod:GoodIntentions","floor":24},{"not_picked":["HollowMod:NewLittleFool","HollowMod:AbyssShriek+1","HollowMod:HowlingWraiths"],"picked":"SKIP","floor":28},{"not_picked":["HollowMod:ShadowDash","HollowMod:InfectedCysts","HollowMod:GrimmsGift"],"picked":"SKIP","floor":30},{"not_picked":["HollowMod:BlackTendrils","HollowMod:SlysStrikes"],"picked":"HollowMod:ChannelNail+1","floor":31},{"not_picked":["HollowMod:NewInfectedGuardian","HollowMod:SlysStrikes"],"picked":"HollowMod:Weaversong","floor":33},{"not_picked":["HollowMod:CoiledNail","HollowMod:DescendingDark+1","HollowMod:InfectionAssault+1"],"picked":"SKIP","floor":35}],"player_experience":3881,"relics_obtained":[{"floor":9,"key":"BloodDonationMachine"},{"floor":26,"key":"Oddly Smooth Stone"}],"event_choices":[{"damage_healed":0,"gold_gain":0,"player_choice":"Take Damage","damage_taken":18,"relics_obtained":["Golden Idol"],"max_hp_gain":0,"max_hp_loss":0,"event_name":"Golden Idol","floor":3,"gold_loss":0},{"damage_healed":0,"gold_gain":0,"player_choice":"Gave Potion","damage_taken":0,"relics_obtained":["HollowMod:MillibellesNoteRelic"],"max_hp_gain":0,"max_hp_loss":0,"event_name":"WeMeetAgain","floor":10,"gold_loss":0},{"cards_removed":["DeusExMachina"],"damage_healed":0,"gold_gain":0,"player_choice":"Take \u0026 Give","damage_taken":0,"max_hp_gain":0,"max_hp_loss":0,"event_name":"betterNote:BetterNote","floor":19,"gold_loss":0,"cards_obtained":["Infernal Blade"]},{"damage_healed":0,"gold_gain":0,"player_choice":"Gave Idol","damage_taken":0,"relics_obtained":["Bloody Idol"],"max_hp_gain":0,"max_hp_loss":0,"event_name":"Forgotten Altar","floor":22,"relics_lost":["Golden Idol"],"gold_loss":0},{"damage_healed":0,"gold_gain":0,"player_choice":"Copied","damage_taken":0,"max_hp_gain":0,"max_hp_loss":0,"event_name":"Duplicator","floor":25,"gold_loss":0,"cards_obtained":["DeusExMachina"]}],"is_beta":false,"boss_relics":[{"not_picked":["Snecko Eye","Runic Pyramid"],"picked":"MagicMushroom"},{"not_picked":[]},{"not_picked":["Sozu","Tiny House"],"picked":"SlaversCollar"},{"not_picked":[]}],"items_purged_floors":[0],"is_endless":false,"potions_floor_spawned":[1,2,4,18,28,30,33],"ascension_level":0}}