{"host":"kw4o7b3ro2ktmmbe","time":1610925052,"event":{"mods":["BaseMod","Evolution","Minty Spire (QoL Compilation)","StSLib"],"gold_per_floor":[119,132,132,132,151,151,151,151,151,151,166,166,176,207,207,278,278,295,334,334,334,334,334],"floor_reached":22,"language":"ENG","playtime":1651,"items_purged":[],"score":365,"play_id":"49fc839b-b866-42e5-972b-b230ffb7b8db","local_time":"20210118121052","is_ascension_mode":true,"campfire_choices":[{"data":"Vigilance","floor":6,"key":"SMITH"},{"data":"Collect","floor":8,"key":"SMITH"},{"data":"EmptyFist","floor":10,"key":"SMITH"},{"data":"EmptyFist","floor":12,"key":"SMITH"},{"data":"EmptyFist","floor":15,"key":"SMITH"}],"circlet_count":0,"master_deck":["AscendersBane","EmptyFist+1","EmptyFist+1","EmptyFist+1","EmptyFist","Defend_P","Defend_P","Defend_P","Defend_P","Vigilance+1","Collect+1","Nirvana","Wish","Tantrum","Writhe"],"relics":["EVO:Axolotl","VioletLotus","Letter Opener","Ginger","Fusion Hammer","Du-Vu Doll"],"acts_visited":["Exordium","TheCity"],"potions_floor_usage":[16,19],"damage_taken":[{"damage":0,"enemies":"Cultist","floor":1,"turns":3},{"damage":4,"enemies":"Small Slimes","floor":2,"turns":4},{"damage":0,"enemies":"Jaw Worm","floor":5,"turns":4},{"damage":0,"enemies":"Exordium Wildlife","floor":11,"turns":4},{"damage":0,"enemies":"Large Slime","floor":13,"turns":5},{"damage":26,"enemies":"Gremlin Nob","floor":14,"turns":5},{"damage":2,"enemies":"The Guardian","floor":16,"turns":11},{"damage":23,"enemies":"2 Thieves","floor":18,"turns":4},{"damage":10,"enemies":"3 Byrds","floor":19,"turns":6},{"damage":35,"enemies":"Shelled Parasite and Fungi","floor":22,"turns":3}],"seed_played":"-4575412299374679402","potions_obtained":[{"floor":5,"key":"Dexterity Potion"},{"floor":13,"key":"Dexterity Potion"},{"floor":18,"key":"Strength Potion"}],"is_trial":false,"path_per_floor":["M","M","$","?","M","R","?","R","T","R","M","R","M","E","R","B",null,"M","M","?","?","M"],"character_chosen":"WATCHER","items_purchased":[],"campfire_rested":0,"item_purchase_floors":[],"current_hp_per_floor":[61,57,57,62,62,62,62,62,62,62,62,62,62,36,36,34,63,40,30,30,30,0,0],"gold":334,"neow_bonus":"BOSS_RELIC","is_daily":false,"chose_seed":false,"campfire_upgraded":5,"win_rate":0.0,"timestamp":1610925052,"path_taken":["M","?","$","?","M","R","?","R","T","R","M","R","M","E","R","BOSS","M","?","?","?","M"],"items_purchased_type":[],"build_version":"2020-12-22","purchased_purges":0,"victory":false,"max_hp_per_floor":[68,68,68,73,73,73,73,73,73,73,73,73,73,73,73,73,73,73,73,73,73,73,73],"card_choices":[{"not_picked":["FlurryOfBlows","Evaluate"],"picked":"Collect","floor":1},{"not_picked":["EmptyBody","BowlingBash","SashWhip"],"picked":"SKIP","floor":2},{"not_picked":["CarveReality","ThirdEye"],"picked":"Nirvana","floor":5},{"not_picked":["Conclude","BowlingBash","FlurryOfBlows"],"picked":"SKIP","floor":11},{"not_picked":["FlyingSleeves","Pray","WaveOfTheHand"],"picked":"SKIP","floor":13},{"not_picked":["Sanctity","BowlingBash","SignatureMove"],"picked":"SKIP","floor":14},{"not_picked":["SpiritShield","Blasphemy"],"picked":"Wish","floor":16},{"not_picked":["Prostrate","JustLucky","Protect"],"picked":"SKIP","floor":18},{"not_picked":["Meditate","Evaluate+1"],"picked":"Tantrum","floor":19}],"player_experience":1810468,"relics_obtained":[{"floor":9,"key":"Letter Opener"},{"floor":14,"key":"Ginger"}],"event_choices":[{"damage_healed":0,"gold_gain":0,"player_choice":"Donut","damage_taken":0,"max_hp_gain":5,"max_hp_loss":0,"event_name":"Big Fish","floor":4,"gold_loss":0},{"cards_removed":["Eruption"],"damage_healed":0,"gold_gain":0,"player_choice":"Offered Basic","damage_taken":0,"max_hp_gain":0,"max_hp_loss":0,"event_name":"Bonfire Elementals","floor":7,"gold_loss":0},{"damage_healed":0,"gold_gain":0,"player_choice":"Opened","damage_taken":0,"relics_obtained":["Du-Vu Doll"],"max_hp_gain":0,"max_hp_loss":0,"event_name":"The Mausoleum","floor":20,"gold_loss":0,"cards_obtained":["Writhe"]},{"damage_healed":0,"gold_gain":0,"player_choice":"Ignored","damage_taken":0,"max_hp_gain":0,"max_hp_loss":0,"event_name":"Ghosts","floor":21,"gold_loss":0}],"is_beta":false,"boss_relics":[{"not_picked":["Pandora\u0027s Box","Runic Dome"],"picked":"Fusion Hammer"}],"items_purged_floors":[],"is_endless":false,"potions_floor_spawned":[5,13,18],"killed_by":"Shelled Parasite and Fungi","ascension_level":17}}