{"host":"15dd7v8o90xso62x","time":1610892002,"event":{"mods":["BaseMod","Minty Spire (QoL Compilation)","Quick Restart","StSLib","SuperFastMode"],"gold_per_floor":[109,34,34,53,53,86,106,106,154,83,83,102,102,122,122,209,209,219,89,89,114,143,143,143,143],"floor_reached":24,"language":"KOR","playtime":744,"items_purged":["Defend_G"],"score":492,"play_id":"b08d66ba-e81a-4a86-af8b-b8cb237444ed","local_time":"20210117230002","is_ascension_mode":true,"campfire_choices":[{"data":"Catalyst","floor":8,"key":"SMITH"},{"data":"Well Laid Plans","floor":11,"key":"SMITH"},{"data":"Neutralize","floor":13,"key":"SMITH"},{"data":"Noxious Fumes","floor":15,"key":"SMITH"},{"floor":23,"key":"REST"}],"circlet_count":0,"master_deck":["AscendersBane","Strike_G","Strike_G","Strike_G","Strike_G","Defend_G","Defend_G","Defend_G","Defend_G","Survivor","Neutralize+1","Dagger Throw","Catalyst+1","Well Laid Plans+1","Noxious Fumes+1","Burst","Footwork","PiercingWail","Deflect+1","Tactician"],"relics":["Ring of the Snake","NeowsBlessing","Darkstone Periapt","CeramicFish","Juzu Bracelet","SlaversCollar"],"acts_visited":["Exordium","TheCity"],"potions_floor_usage":[18,22,22],"damage_taken":[{"damage":0.0,"enemies":"Cultist","floor":1.0,"turns":1.0},{"damage":0,"enemies":"Jaw Worm","floor":4,"turns":1},{"damage":0,"enemies":"3 Sentries","floor":6,"turns":2},{"damage":7,"enemies":"2 Louse","floor":7,"turns":4},{"damage":22,"enemies":"Lots of Slimes","floor":12,"turns":6},{"damage":9,"enemies":"Exordium Wildlife","floor":14,"turns":6},{"damage":17,"enemies":"The Guardian","floor":16,"turns":11},{"damage":22,"enemies":"2 Thieves","floor":18,"turns":4},{"damage":7,"enemies":"Shell Parasite","floor":21,"turns":9},{"damage":18,"enemies":"Snecko","floor":22,"turns":8},{"damage":18,"enemies":"Gremlin Leader","floor":24,"turns":4}],"seed_played":"5851799544619589227","potions_obtained":[{"floor":4,"key":"FearPotion"},{"floor":6,"key":"GhostInAJar"},{"floor":16,"key":"Swift Potion"},{"floor":21,"key":"Swift Potion"}],"is_trial":false,"path_per_floor":["M","$","?","M","T","E","M","R","T","$","R","M","R","M","R","B",null,"M","$","?","M","M","R","E"],"character_chosen":"THE_SILENT","items_purchased":["Well Laid Plans","Footwork","PiercingWail"],"campfire_rested":1,"item_purchase_floors":[10,19,19],"current_hp_per_floor":[59,59,59,59,59,59,52,52,52,52,52,30,30,21,21,4,51,29,29,29,22,4,23,5,5],"gold":143,"neow_bonus":"THREE_ENEMY_KILL","is_daily":false,"chose_seed":false,"campfire_upgraded":4,"win_rate":0.0,"timestamp":1610892002,"path_taken":["M","?","?","M","?","E","?","R","T","?","R","M","R","M","R","BOSS","M","$","?","M","M","R","E"],"items_purchased_type":["Card","Card","Card"],"build_version":"2020-12-22","purchased_purges":1,"victory":false,"max_hp_per_floor":[66,66,66,66,66,66,66,66,66,66,66,66,66,66,66,66,66,66,66,66,66,66,66,66,66],"card_choices":[{"not_picked":["Sucker Punch","Bane"],"picked":"Dagger Throw","floor":1.0},{"not_picked":["Concentrate","Poisoned Stab"],"picked":"Catalyst","floor":4},{"not_picked":["Caltrops","Skewer","Eviscerate"],"picked":"SKIP","floor":6},{"not_picked":["Blade Dance","Slice","Deflect"],"picked":"SKIP","floor":7},{"not_picked":["Eviscerate","Cloak And Dagger","Expertise"],"picked":"SKIP","floor":12},{"not_picked":["Poisoned Stab","Leg Sweep"],"picked":"Noxious Fumes","floor":14},{"not_picked":["Die Die Die","A Thousand Cuts"],"picked":"Burst","floor":16},{"not_picked":["Deflect","Endless Agony","Poisoned Stab"],"picked":"SKIP","floor":18},{"not_picked":["PiercingWail","Slice"],"picked":"Deflect+1","floor":21},{"not_picked":["Deflect","Prepared"],"picked":"Tactician","floor":22}],"player_experience":1040016,"relics_obtained":[{"floor":5,"key":"Darkstone Periapt"},{"floor":6,"key":"CeramicFish"},{"floor":9,"key":"Juzu Bracelet"}],"event_choices":[{"damage_healed":0,"gold_gain":0,"player_choice":"Ignored","damage_taken":0,"max_hp_gain":0,"max_hp_loss":0,"event_name":"Shining Light","floor":3,"gold_loss":0},{"cards_removed":["Strike_G"],"damage_healed":0,"gold_gain":0,"player_choice":"Elegance","damage_taken":0,"max_hp_gain":0,"max_hp_loss":0,"event_name":"Back to Basics","floor":20,"gold_loss":0}],"is_beta":false,"boss_relics":[{"not_picked":["Philosopher\u0027s Stone","Fusion Hammer"],"picked":"SlaversCollar"}],"items_purged_floors":[2],"is_endless":false,"potions_floor_spawned":[4,6,12,16,21],"killed_by":"Gremlin Leader","ascension_level":20}}