{"host":"3p68uopcdpnmkayy","time":1610891398,"event":{"mods":["AchievementEnabler","Act Like it!","Arknights The Spire","BaseMod","Colored Map","Colored Powertips","Conspire","Fox Events","GifTheSpireLib","Hallownest","Hubris","Minty Spire (QoL Compilation)","Pikachu Mod","Relic Filter","Replay The Spire","Shade Mod","Spikes Relics","StSLib","Stuff the Spire","The Bug Knight","The Hierophant","The Jungle"],"gold_per_floor":[111,124,124,141,173,173,208,220,269,117,187,201,55,74,74,174,224,243,243,246,246],"floor_reached":20,"language":"ENG","playtime":1889,"items_purged":[],"score":209,"play_id":"df1e8973-eb71-4e84-92f1-170668026336","local_time":"20210117154958","is_ascension_mode":false,"campfire_choices":[{"data":"Pikachu:Cut","floor":6,"key":"SMITH"},{"floor":15,"key":"REST"}],"circlet_count":0,"master_deck":["Pikachu:TailWhip","Pikachu:Growl","Pikachu:ThunderShock+1","Pikachu:ElectroBall","Pikachu:QuickAttack","Pikachu:ThunderShock","Pikachu:Flash","Pikachu:PlayNice","Pikachu:NaturalGift+1","Hallownest:skillSlugHide","Hallownest:skillSlugHide","Hallownest:skillSlugHide","Hallownest:skillSlugHide","Hallownest:skillSlugHide","Pikachu:Strength","Pikachu:Cut+1","Pikachu:Cut+1","Pikachu:Rain_Dance","Pikachu:QuickAttack","Pikachu:Swagger"],"relics":["Pikachu:LeftoversRelic","Vajra","StuffTheSpire:DarkSteelAnvil","hubris:SlimyHat","Whetstone","Blood Vial","Tiny House"],"acts_visited":["Hallownest:Greenpath","TheCity"],"potions_floor_usage":[7,14,16,16,20],"damage_taken":[{"damage":0,"enemies":"2_ Uuma","floor":1,"turns":6},{"damage":1,"enemies":"Hallownest:2_MossCreeps","floor":2,"turns":4},{"damage":3,"enemies":"Hallownest:2_Tiktiks_and_1_Crawlid","floor":4,"turns":4},{"damage":18,"enemies":"Hallownest:eliteCrystalGuardian","floor":5,"turns":7},{"damage":8,"enemies":"Hallownest:eliteCrystalGuardian","floor":7,"turns":5},{"damage":11,"enemies":"Hallownest:monsterAspidMother","floor":8,"turns":9},{"damage":0,"enemies":"Hallownest:monsterMossCharger","floor":12,"turns":4},{"damage":19,"enemies":"Hallownest:Guard_and_Warrior","floor":14,"turns":6},{"damage":34,"enemies":"Hallownest:BossHornet","floor":16,"turns":9},{"damage":39,"enemies":"Shell Parasite","floor":18,"turns":8},{"damage":41,"enemies":"3 Byrds","floor":20,"turns":7}],"seed_played":"7462305969616896458","potions_obtained":[{"floor":1,"key":"BlessingOfTheForge"},{"floor":5,"key":"LifebloodPotion"},{"floor":7,"key":"ColorlessPotion"},{"floor":12,"key":"Energy Potion"},{"floor":17,"key":"Energy Potion"}],"is_trial":false,"path_per_floor":["M","M","?","M","?","R","E","M","T","$","?","M","$","M","R","B",null,"M","?","M"],"character_chosen":"THE_DEFAULT","items_purchased":["Whetstone","Blood Vial"],"campfire_rested":1,"item_purchase_floors":[10,13],"current_hp_per_floor":[70,69,69,67,51,51,45,36,36,36,36,38,38,23,44,14,75,36,36,0,0],"gold":246,"neow_bonus":"RANDOM_COMMON_RELIC","is_daily":false,"chose_seed":false,"campfire_upgraded":1,"win_rate":0.0,"timestamp":1610891398,"path_taken":["M","M","?","M","?","R","E","M","T","$","?","M","?","M","R","BOSS","M","?","M"],"items_purchased_type":["Relic","Relic"],"build_version":"2020-12-22","purchased_purges":0,"victory":false,"max_hp_per_floor":[70,70,70,70,70,70,70,70,70,70,70,70,70,70,70,70,75,75,75,75,75],"card_choices":[{"not_picked":["Pikachu:ThunderPunch","Pikachu:Fling"],"picked":"Pikachu:PlayNice","floor":1},{"not_picked":["Pikachu:Double_Team","Pikachu:Spark"],"picked":"Pikachu:NaturalGift","floor":2},{"not_picked":["Pikachu:Thunderbolt","Pikachu:ZapCannon"],"picked":"Pikachu:Strength","floor":4},{"not_picked":["Pikachu:Swift","Pikachu:ThunderPunch"],"picked":"Pikachu:Cut","floor":5},{"not_picked":["Pikachu:Mega_Punch","Pikachu:NaturalGift"],"picked":"Pikachu:Cut","floor":7},{"not_picked":["Pikachu:Feint","Pikachu:Swift","Pikachu:TakeDown"],"picked":"SKIP","floor":8},{"not_picked":["Pikachu:ThunderPunch","Pikachu:Mega_Punch"],"picked":"Pikachu:Rain_Dance","floor":12},{"not_picked":["Pikachu:Discharge","Pikachu:Cut"],"picked":"Pikachu:QuickAttack","floor":14},{"not_picked":["Pikachu:Flash","Pikachu:Attract"],"picked":"Pikachu:Swagger","floor":17},{"not_picked":["Pikachu:Fling","Pikachu:Thunder","Pikachu:VoltSwitch"],"picked":"SKIP","floor":18}],"player_experience":154799,"relics_obtained":[{"floor":7,"key":"StuffTheSpire:DarkSteelAnvil"},{"floor":9,"key":"hubris:SlimyHat"}],"event_choices":[],"is_beta":false,"boss_relics":[{"not_picked":["Replay:Bronze Core","Astrolabe"],"picked":"Tiny House"}],"items_purged_floors":[],"is_endless":false,"potions_floor_spawned":[1,5,7,12],"killed_by":"3 Byrds","ascension_level":0}}