{"host":"bf9sa99gaumonoeu","time":1610850340,"event":{"mods":["AchievementEnabler","Act Like it!","Aspiration","BaseMod","Better Note","Better Sensory Stone","Colored Map","Colored Powertips","Fox Events","Friendly Minions","Gensokyo","GifTheSpireLib","Googly Eyes","Hallownest","Hermit","Highlight Path","Hubris","Jorbs\u0027s Wanderer Trilogy","KinomotoSakuraMod(????)","Koishi","Lobotomy","Marisa????????","Minty Spire (QoL Compilation)","Rare Cards Sparkle","Reimu??????","Relic Stats","Remilia??????","Replay The Spire","StSLib","The Administrix","The Animator","The Bug Knight","The Construct","The Cursed","The Disciple","The Hierophant","The Mystic","The Necromancer","The Poker Player","The Runesmith","The Senshi","The Servant 0.9.4"],"gold_per_floor":[117,137,147,161,172,199,199,224,224,224,224,224,252,264,290,290,290,367,367,381,68,68,68,87,122,122,159,159,199,223,223,223],"floor_reached":31,"language":"ENG","playtime":6079,"items_purged":["Strike_R"],"score":479,"play_id":"2c8ea4e7-ae0a-48c1-a8cf-c6fc10d9abe3","local_time":"20210117002540","is_ascension_mode":true,"campfire_choices":[{"data":"Whirlwind","floor":7.0,"key":"SMITH"},{"floor":10.0,"key":"REST"},{"floor":17.0,"key":"REST"},{"data":"Feed","floor":26,"key":"SMITH"}],"circlet_count":0,"master_deck":["AscendersBane","Strike_R","Strike_R","Strike_R+1","Strike_R","Defend_R","Defend_R","Defend_R","Defend_R","Bash","Inflame","Armaments","Clothesline+1","Twin Strike","Brutality","Whirlwind+1","Demon Form","Blood for Blood","Heavy Blade","Sentinel","Feed+1","True Grit+1","Reinforced Body","Feed","Rupture","Headbutt+1"],"relics":["Burning Blood","aspiration:DSix","theSenshi:FeatherClipsRelic","aspiration:Lifesprig","Ornamental Fan","Whetstone","Gensokyo:CelestialsFlawlessClothing","ReplayTheSpireMod:Onyx Gauntlets","Bottled Flame","Gensokyo:ConquerorOfFear","CeramicFish","Ancient Tea Set","Tiny Chest","HollowMod:PaleOreRelic"],"acts_visited":["Gensokyo:Gensokyo","Gensokyo:Gensokyoer"],"potions_floor_usage":[27,27,27],"damage_taken":[{"damage":7.0,"enemies":"Gensokyo:Python","floor":1.0,"turns":3.0},{"damage":6.0,"enemies":"Gensokyo:2_Kodama","floor":2.0,"turns":5.0},{"damage":5.0,"enemies":"Gensokyo:3_Fairies","floor":3.0,"turns":5.0},{"damage":0.0,"enemies":"Gensokyo:LivingMonolith","floor":4.0,"turns":3.0},{"damage":10.0,"enemies":"Gensokyo:2_Rabbits","floor":5.0,"turns":5.0},{"damage":20.0,"enemies":"Gensokyo:Mamizou","floor":6.0,"turns":8.0},{"damage":29.0,"enemies":"Gensokyo:Aya","floor":8.0,"turns":6.0},{"damage":26.0,"enemies":"Gensokyo:Mamizou","floor":13.0,"turns":7.0},{"damage":5.0,"enemies":"Gensokyo:3_Kodama","floor":14.0,"turns":2.0},{"damage":29.0,"enemies":"Gensokyo:Aya","floor":15.0,"turns":5.0},{"damage":35.0,"enemies":"Gensokyo:Kokoro","floor":18.0,"turns":8.0},{"damage":1.0,"enemies":"Gensokyo:CosmicMonolith","floor":20.0,"turns":3.0},{"damage":0.0,"enemies":"Gensokyo:2_Gloops","floor":24.0,"turns":1.0},{"damage":40.0,"enemies":"Gensokyo:Tenshi","floor":25.0,"turns":5.0},{"damage":6,"enemies":"Gensokyo:Koishi","floor":27,"turns":5},{"damage":18,"enemies":"Gensokyo:Reisen","floor":29,"turns":6},{"damage":9,"enemies":"Gensokyo:Monolith_and_Dog","floor":30,"turns":3},{"damage":153,"enemies":"Gensokyo:Monolith_and_Dog","floor":31,"turns":9}],"seed_played":"7201803316245225965","potions_obtained":[{"floor":2.0,"key":"Dexterity Potion"},{"floor":6.0,"key":"LiquidMemories"},{"floor":8.0,"key":"Dexterity Potion"},{"floor":13.0,"key":"Dexterity Potion"},{"floor":15.0,"key":"ZuzhouPotion:ReiMu"},{"floor":20.0,"key":"AttackPotion"},{"floor":24.0,"key":"EntropicBrew"}],"is_trial":false,"path_per_floor":["M","M","M","M","M","E","R","E","T","R","PTL","PTL","E","M","E","?","R","B",null,"M","$","?","?","M","E","R","E","T","E","M","?"],"character_chosen":"IRONCLAD","items_purchased":["Bottled Flame"],"campfire_rested":2,"item_purchase_floors":[21],"current_hp_per_floor":[67,67,68,74,70,56,56,39,39,61,61,61,47,54,37,19,41,18,61,72,72,72,72,75,50,50,56,56,50,53,0,0],"gold":223,"neow_bonus":"DSIX","is_daily":false,"chose_seed":false,"campfire_upgraded":2,"win_rate":0.0,"timestamp":1610850340,"path_taken":["M","M","M","M","M","E","R","E","T","R","PTL","PTL","E","M","E","?","R","BOSS","M","$","?","?","M","E","R","E","T","E","?","?"],"items_purchased_type":["Relic"],"build_version":"2020-12-22","purchased_purges":1,"victory":false,"max_hp_per_floor":[75,75,75,75,75,75,75,75,75,75,75,75,75,75,75,75,75,75,75,75,75,75,75,75,78,78,78,78,78,78,78,78],"relic_stats":{"counters":[18,89],"Ornamental Fan":[16],"CeramicFish":27,"Tiny Chest":0,"Whetstone":["Clothesline","Strike_R"],"obtain_stats":[{"aspiration:Lifesprig":8,"CeramicFish":25,"Gensokyo:UndefinedDarkness":23,"theSenshi:FeatherClipsRelic":6,"Whetstone":15,"Gensokyo:ConquerorOfFear":24,"Gensokyo:CelestialsFlawlessClothing":16,"Ancient Tea Set":27,"Burning Blood":0,"Frozen Eye":27,"Bottled Flame":21,"Ornamental Fan":13,"Tiny Chest":28,"HollowMod:PaleOreRelic":29,"ReplayTheSpireMod:Onyx Gauntlets":19,"aspiration:DSix":0},{"aspiration:Lifesprig":7,"CeramicFish":14,"Gensokyo:UndefinedDarkness":12,"theSenshi:FeatherClipsRelic":6,"Whetstone":10,"Gensokyo:ConquerorOfFear":13,"Gensokyo:CelestialsFlawlessClothing":10,"Ancient Tea Set":15,"Burning Blood":0,"Frozen Eye":14,"Bottled Flame":12,"Ornamental Fan":8,"Tiny Chest":15,"HollowMod:PaleOreRelic":16,"ReplayTheSpireMod:Onyx Gauntlets":11,"aspiration:DSix":0},{"aspiration:Lifesprig":35,"CeramicFish":66,"Gensokyo:UndefinedDarkness":60,"theSenshi:FeatherClipsRelic":29,"Whetstone":49,"Gensokyo:ConquerorOfFear":61,"Gensokyo:CelestialsFlawlessClothing":49,"Ancient Tea Set":71,"Burning Blood":0,"Frozen Eye":66,"Bottled Flame":60,"Ornamental Fan":42,"Tiny Chest":71,"HollowMod:PaleOreRelic":77,"ReplayTheSpireMod:Onyx Gauntlets":57,"aspiration:DSix":0}],"Burning Blood":99},"card_choices":[{"not_picked":["Clothesline","Pommel Strike"],"picked":"Inflame","floor":1.0},{"not_picked":["Defy Death","Body Slam"],"picked":"Armaments","floor":2.0},{"not_picked":["Armaments","Rampage"],"picked":"Clothesline","floor":3.0},{"not_picked":["Havoc","Rage"],"picked":"Twin Strike","floor":4.0},{"not_picked":["Dual Wield","Dropkick"],"picked":"Brutality","floor":5.0},{"not_picked":["Second Wind","ReplayTheSpireMod:Corrosion Curse"],"picked":"Whirlwind","floor":6.0},{"not_picked":["Cleave","Armaments"],"picked":"Demon Form","floor":8.0},{"not_picked":["Hemokinesis","Warcry"],"picked":"Blood for Blood","floor":13.0},{"not_picked":["Pommel Strike","Flex"],"picked":"Heavy Blade","floor":14.0},{"not_picked":["Armaments","Fire Breathing"],"picked":"Sentinel","floor":15.0},{"not_picked":["Juggernaut","Replay:Many Hands"],"picked":"Feed","floor":18.0},{"not_picked":["Iron Wave","Clothesline"],"picked":"True Grit+1","floor":20.0},{"not_picked":["Searing Blow","Iron Wave+1","Rampage"],"picked":"SKIP","floor":24.0},{"not_picked":["Wild Strike+1","True Grit","Blood for Blood"],"picked":"SKIP","floor":25},{"not_picked":["Ghostly Armor","Cleave"],"picked":"Feed","floor":27},{"not_picked":["Bloodletting","Perfected Strike"],"picked":"Rupture","floor":29},{"not_picked":["Defy Death","Armaments"],"picked":"Headbutt+1","floor":30}],"player_experience":944448,"relics_obtained":[{"floor":6.0,"key":"theSenshi:FeatherClipsRelic"},{"floor":8.0,"key":"aspiration:Lifesprig"},{"floor":13.0,"key":"Ornamental Fan"},{"floor":15.0,"key":"Whetstone"},{"floor":24.0,"key":"Gensokyo:ConquerorOfFear"},{"floor":25,"key":"CeramicFish"},{"floor":27,"key":"Ancient Tea Set"},{"floor":28,"key":"Tiny Chest"},{"floor":29,"key":"HollowMod:PaleOreRelic"}],"event_choices":[],"is_beta":false,"boss_relics":[{"not_picked":["Calling Bell","Black Blood"],"picked":"ReplayTheSpireMod:Onyx Gauntlets"}],"items_purged_floors":[21],"is_endless":false,"potions_floor_spawned":[2,6,8,13,15,20,24],"killed_by":"Gensokyo:Monolith_and_Dog","ascension_level":14}}