{"host":"jbqndgvqanhxbpdr","time":1610896000,"event":{"mods":["BaseMod","Better Vampires","Colored Map","Highlight Path","Minty Spire (QoL Compilation)","Replay The Spire","Shop Mod","StSLib","Youmu£®ªÍ∆«—˝√Œ£©"],"gold_per_floor":[114,114,114,133,149,149,149,149,149,178,178,178,178,178,178,54,54,54,54],"floor_reached":18,"language":"ZHS","playtime":1622,"items_purged":[],"score":212,"play_id":"cfb82bb5-4325-4f7f-b6c7-1bc86af821b9","local_time":"20210117230640","daily_mods":["Heirloom","Time Dilation","Flight"],"is_ascension_mode":true,"campfire_choices":[{"data":"HumanRealmSword","floor":6.0,"key":"SMITH"},{"data":"HiganSword","floor":7.0,"key":"SMITH"},{"floor":14,"key":"REST"},{"floor":15,"key":"REST"},{"data":"WheelOfPainOfLivingAndDead","floor":17,"key":"SMITH"},{"data":"ThreeKonsSevenHakus","floor":17,"key":"SMITH"}],"circlet_count":0,"master_deck":["AscendersBane","Strike_YM","Strike_YM","Strike_YM+1","Defend_YM+1","Defend_YM","Defend_YM","Defend_YM","SlashOfPresentWorld","WheelOfPainOfLivingAndDead+1","ThreeKonsSevenHakus+1","HiganSword+1","HumanRealmSword+1","Replay:Hysterical Blindness","Hallucinations"],"relics":["HalfPhantom","Wakizashi","Replay:Arrowhead","FossilizedHelix","Ring of Misfortune","Ring of Hypnosis","MerchantsRug"],"acts_visited":["Exordium"],"potions_floor_usage":[10],"damage_taken":[{"damage":0.0,"enemies":"Jaw Worm","floor":1.0,"turns":5.0},{"damage":12.0,"enemies":"Cultist","floor":4.0,"turns":6.0},{"damage":0.0,"enemies":"2 Louse","floor":5.0,"turns":3.0},{"damage":25,"enemies":"Gremlin Nob","floor":10,"turns":8},{"damage":55,"enemies":"Fading Forest","floor":18,"turns":7}],"seed_played":"500071959517588047","potions_obtained":[{"floor":1.0,"key":"Block Potion"}],"is_trial":true,"path_per_floor":["M","?","?","M","M","R","R","?","T","E","PTL","PTL","?","R","R","$","R","B"],"character_chosen":"YOUMU","items_purchased":["MerchantsRug"],"campfire_rested":2,"item_purchase_floors":[16],"current_hp_per_floor":[63,42,42,30,30,30,30,30,30,5,5,5,5,26,47,47,47,0,0],"gold":54,"neow_bonus":"","is_daily":false,"chose_seed":false,"campfire_upgraded":4,"win_rate":0.0,"timestamp":1610896000,"path_taken":["M","?","?","?","M","R","R","?","T","E","PTL","PTL","?","R","R","$","R","BOSS"],"items_purchased_type":["Relic"],"build_version":"2020-12-22","purchased_purges":0,"victory":false,"max_hp_per_floor":[70,70,70,70,70,70,70,70,70,70,70,70,70,70,70,70,70,70,70],"card_choices":[{"not_picked":["LotusPostureSlash","HumanKnowledgeSword"],"picked":"ThreeKonsSevenHakus","floor":1.0},{"not_picked":["HumanKnowledgeSword","HellGodSword"],"picked":"HiganSword","floor":4.0},{"not_picked":["PhosphoricSlash","HiganSword"],"picked":"HumanRealmSword","floor":5.0},{"not_picked":["Heavy Blade","Replay:ManipulateFuture","HumanKnowledgeSword"],"picked":"SKIP","floor":10}],"player_experience":297150,"relics_obtained":[{"floor":9.0,"key":"Replay:Arrowhead"},{"floor":10,"key":"FossilizedHelix"},{"floor":13,"key":"Ring of Misfortune"},{"floor":13,"key":"Ring of Hypnosis"}],"event_choices":[{"damage_healed":0.0,"max_hp_gain":0.0,"max_hp_loss":0.0,"gold_gain":0.0,"event_name":"Shining Light","player_choice":"Entered Light","floor":2.0,"gold_loss":0.0,"damage_taken":21.0,"cards_upgraded":["Defend_YM","Strike_YM"]},{"cards_removed":["Strike_YM"],"damage_healed":0.0,"max_hp_gain":0.0,"max_hp_loss":0.0,"gold_gain":0.0,"event_name":"Wheel of Change","player_choice":"Card Removal","floor":3.0,"gold_loss":0.0,"damage_taken":0.0}],"is_beta":false,"boss_relics":[],"items_purged_floors":[],"is_endless":true,"potions_floor_spawned":[1],"killed_by":"Fading Forest","ascension_level":20}}