{"host":"phniwng9zo19jwdb","time":1610917426,"event":{"mods":["AchievementEnabler","BaseMod","Colored Powertips","Dark Map","Faster Ascension Climbing","GifTheSpireLib","Minty Spire (QoL Compilation)","Permanent Neow","Rare Cards Sparkle","StSLib"],"gold_per_floor":[113,113,113,126,40,65,65,85,85,10,44,64,96,110,110,181,181,195,27,27,44,64,64,98,98,123,123,134,134,134,164,164,164,164],"floor_reached":33,"language":"ENG","playtime":1359,"items_purged":["Strike_G"],"score":589,"play_id":"d762f3e1-7e0b-432d-abea-1a22f2322daa","local_time":"20210117220346","is_ascension_mode":true,"campfire_choices":[{"data":"Apotheosis","floor":7,"key":"SMITH"},{"data":"1","floor":15,"key":"LIFT"},{"data":"2","floor":23,"key":"LIFT"},{"data":"3","floor":27,"key":"LIFT"},{"data":"Adrenaline","floor":29,"key":"SMITH"},{"data":"Venomology","floor":32,"key":"SMITH"}],"circlet_count":0,"master_deck":["AscendersBane","Strike_G","Defend_G","Defend_G","Defend_G","Defend_G","Defend_G","Survivor","Neutralize","Apotheosis+1","Deadly Poison","Poisoned Stab","Noxious Fumes","Dagger Spray+1","Noxious Fumes","Blade Dance","Escape Plan","Venomology+1","Adrenaline+1","Night Terror+1","Backflip+1","Outmaneuver+1","Distraction","Escape Plan+1","Endless Agony+1","Backflip+1","Cloak And Dagger"],"relics":["Ring of the Snake","Ornamental Fan","Spirit Poop","Molten Egg 2","Gremlin Horn","Matryoshka","Girya","Astrolabe","Lee\u0027s Waffle","Orichalcum","Juzu Bracelet","Smiling Mask","Boot","Blue Candle"],"acts_visited":["Exordium","TheCity"],"potions_floor_usage":[13,16,16,18,21,22,24,24,28,31,31,31,33,33],"damage_taken":[{"damage":0,"enemies":"2 Louse","floor":1,"turns":4},{"damage":1,"enemies":"Jaw Worm","floor":4,"turns":4},{"damage":3,"enemies":"Lagavulin","floor":6,"turns":5},{"damage":0,"enemies":"Cultist","floor":8,"turns":3},{"damage":8,"enemies":"Gremlin Nob","floor":11,"turns":4},{"damage":7,"enemies":"Blue Slaver","floor":12,"turns":5},{"damage":14,"enemies":"3 Sentries","floor":13,"turns":6},{"damage":4,"enemies":"Large Slime","floor":14,"turns":5},{"damage":20,"enemies":"The Guardian","floor":16,"turns":9},{"damage":0,"enemies":"3 Byrds","floor":18,"turns":4},{"damage":2,"enemies":"Chosen","floor":21,"turns":3},{"damage":6,"enemies":"Snecko","floor":22,"turns":5},{"damage":1,"enemies":"Book of Stabbing","floor":24,"turns":7},{"damage":0,"enemies":"Cultist and Chosen","floor":28,"turns":4},{"damage":0,"enemies":"Slavers","floor":31,"turns":3},{"damage":68,"enemies":"Collector","floor":33,"turns":7}],"seed_played":"9002790120251442909","potions_obtained":[{"floor":1,"key":"SneckoOil"},{"floor":13,"key":"Regen Potion"},{"floor":16,"key":"DistilledChaos"},{"floor":18,"key":"Strength Potion"},{"floor":22,"key":"PowerPotion"},{"floor":24,"key":"SneckoOil"},{"floor":31,"key":"Swift Potion"}],"is_trial":false,"path_per_floor":["M","?","?","M","$","E","R","M","T","$","E","M","E","M","R","B",null,"M","$","T","M","M","R","E","?","T","R","M","R","?","E","R","B"],"character_chosen":"THE_SILENT","items_purchased":["Noxious Fumes","Lee\u0027s Waffle"],"campfire_rested":0,"item_purchase_floors":[5,19],"current_hp_per_floor":[44,44,44,43,43,40,40,40,40,40,32,25,11,7,7,2,50,50,73,73,71,65,65,73,52,52,52,52,52,52,52,52,0,0],"gold":164,"neow_bonus":"RANDOM_COLORLESS_2","is_daily":false,"chose_seed":false,"campfire_upgraded":3,"win_rate":0.0,"timestamp":1610917426,"path_taken":["M","?","?","M","$","E","R","M","T","$","E","M","E","M","R","BOSS","M","$","?","M","M","R","E","?","T","R","M","R","?","E","R","BOSS"],"items_purchased_type":["Card","Relic"],"build_version":"2020-12-22","purchased_purges":1,"victory":false,"max_hp_per_floor":[66,66,66,66,66,66,66,66,66,66,66,66,66,66,66,66,66,66,73,73,73,73,73,73,78,78,78,78,78,78,78,78,78,78],"card_choices":[{"not_picked":["Master of Strategy","Thinking Ahead"],"picked":"Apotheosis","floor":0},{"not_picked":["Expertise","PiercingWail"],"picked":"Deadly Poison","floor":1},{"not_picked":["Reflex","Setup"],"picked":"Poisoned Stab","floor":4},{"not_picked":["Quick Slash+1","All Out Attack+1"],"picked":"Dagger Spray+1","floor":6},{"not_picked":["Caltrops","Well Laid Plans"],"picked":"Noxious Fumes","floor":8},{"not_picked":["Predator+1","Well Laid Plans"],"picked":"Blade Dance","floor":11},{"not_picked":["Cloak And Dagger","Blade Dance"],"picked":"Escape Plan","floor":12},{"not_picked":["Underhanded Strike+1","Dash+1"],"picked":"Venomology","floor":13},{"not_picked":["Finisher+1","PiercingWail","Flying Knee+1"],"picked":"SKIP","floor":14},{"not_picked":["Glass Knife+1","Wraith Form v2"],"picked":"Adrenaline","floor":16},{"not_picked":["Flying Knee+1","Dodge and Roll"],"picked":"Distraction","floor":18},{"not_picked":["Poisoned Stab+1","Outmaneuver"],"picked":"Escape Plan+1","floor":21},{"not_picked":["Deflect","Skewer+1","Setup"],"picked":"SKIP","floor":22},{"not_picked":["Heel Hook+1","Slice+1"],"picked":"Endless Agony+1","floor":24},{"not_picked":["Acrobatics","Blade Dance"],"picked":"Backflip+1","floor":28},{"not_picked":["Deflect","PiercingWail"],"picked":"Cloak And Dagger","floor":31}],"player_experience":44600,"relics_obtained":[{"floor":6,"key":"Molten Egg 2"},{"floor":9,"key":"Gremlin Horn"},{"floor":11,"key":"Matryoshka"},{"floor":13,"key":"Girya"},{"floor":20,"key":"Orichalcum"},{"floor":24,"key":"Juzu Bracelet"},{"floor":26,"key":"Smiling Mask"},{"floor":26,"key":"Boot"},{"floor":31,"key":"Blue Candle"}],"event_choices":[{"damage_healed":0,"gold_gain":0,"player_choice":"Box","damage_taken":0,"relics_obtained":["Ornamental Fan"],"max_hp_gain":0,"max_hp_loss":0,"event_name":"Big Fish","floor":2,"gold_loss":0,"cards_obtained":["Regret"]},{"cards_removed":["Regret"],"damage_healed":0,"gold_gain":0,"player_choice":"Offered Curse","damage_taken":0,"relics_obtained":["Spirit Poop"],"max_hp_gain":0,"max_hp_loss":0,"event_name":"Bonfire Elementals","floor":3,"gold_loss":0},{"damage_healed":0,"gold_gain":0,"player_choice":"Shed Blood","damage_taken":26,"max_hp_gain":5,"max_hp_loss":0,"event_name":"Forgotten Altar","floor":25,"gold_loss":0},{"damage_healed":0,"gold_gain":0,"player_choice":"Got Potions","damage_taken":0,"max_hp_gain":0,"max_hp_loss":0,"event_name":"Lab","floor":30,"gold_loss":0}],"is_beta":false,"boss_relics":[{"not_picked":["Ring of the Serpent","Calling Bell"],"picked":"Astrolabe"}],"items_purged_floors":[10],"is_endless":false,"potions_floor_spawned":[1,13,14,16,18,22,24,31],"killed_by":"Collector","ascension_level":16}}