{"host":"bf9sa99gaumonoeu","time":1610855597,"event":{"mods":["AchievementEnabler","Act Like it!","Aspiration","BaseMod","Better Note","Better Sensory Stone","Colored Map","Colored Powertips","Fox Events","Friendly Minions","Gensokyo","GifTheSpireLib","Googly Eyes","Hallownest","Hermit","Highlight Path","Hubris","Jorbs\u0027s Wanderer Trilogy","KinomotoSakuraMod(????)","Koishi","Lobotomy","Marisa????????","Minty Spire (QoL Compilation)","Rare Cards Sparkle","Reimu??????","Relic Stats","Remilia??????","Replay The Spire","StSLib","The Administrix","The Animator","The Bug Knight","The Construct","The Cursed","The Disciple","The Hierophant","The Mystic","The Necromancer","The Poker Player","The Runesmith","The Senshi","The Servant 0.9.4"],"gold_per_floor":[115,46,58,58,70,70,89,316,342,357,357,376,376,376,376,451,451,462,267,267,153,153,153,184,197,222,16,42,52,52,64,64,141,141,157,168,185,185,185,185,185,185,185],"floor_reached":42,"language":"ENG","playtime":3450,"items_purged":["Defend_R","Defend_R"],"score":774,"play_id":"fc91a80f-f671-4d1b-b37f-19bfa0bf9b6b","local_time":"20210117015317","is_ascension_mode":true,"campfire_choices":[{"data":"Cleave","floor":6,"key":"SMITH"},{"floor":13,"key":"REST"},{"data":"Heavy Blade","floor":15,"key":"SMITH"},{"data":"Berserk","floor":23,"key":"SMITH"},{"floor":30,"key":"REST"},{"data":"ReplayTheSpireMod:Limb From Limb","floor":32,"key":"SMITH"},{"floor":40,"key":"REST"}],"circlet_count":0,"master_deck":["AscendersBane","Strike_R","Strike_R","Strike_R","Strike_R","Strike_R","Defend_R+1","Defend_R+1","Bash","Cleave+1","Pommel Strike","Inflame+1","Inflame","Pain","Thunderclap","Battle Trance","Heavy Blade+1","Armaments+1","Amnesia","ReplayTheSpireMod:Limb From Limb+1","Berserk+1","Run Through","Ghostly Armor","True Grit+1","Abandon","Ghostly Armor","Replay:Sssssssssshield","Replay:Sssssssssshield","Shrug It Off","Flex+1","ReplayTheSpireMod:Stacked","Fire Breathing","Dropkick","Gensokyo:GreaterSplit","Doubt","Gensokyo:HouraiInAPot"],"relics":["Burning Blood","Gensokyo:LunaticRedEyes","MealTicket","War Paint","Ring of Panic","aspiration:FutureDiary","Ornamental Fan","Blue Doll","Boot","SlaversCollar","Replay:Multitool","Gensokyo:EmptyGrave"],"acts_visited":["Gensokyo:Gensokyo","Gensokyo:Gensokyoer","Gensokyo:Gensokyoest"],"potions_floor_usage":[8,12,18,24,28,33,33,42,42],"damage_taken":[{"damage":12,"enemies":"Gensokyo:Gryphon","floor":1,"turns":5},{"damage":3,"enemies":"Gensokyo:3_Fairies","floor":3,"turns":7},{"damage":10,"enemies":"Gensokyo:Python","floor":5,"turns":3},{"damage":3,"enemies":"Gensokyo:LivingMonolith","floor":7,"turns":3},{"damage":32,"enemies":"Gensokyo:Aya","floor":8,"turns":4},{"damage":16,"enemies":"Gensokyo:Gryphon_and_Rabbit","floor":10,"turns":3},{"damage":2,"enemies":"Gensokyo:3_Kodama","floor":12,"turns":2},{"damage":25,"enemies":"Gensokyo:Kokoro","floor":16,"turns":6},{"damage":4,"enemies":"Gensokyo:Chomper","floor":18,"turns":3},{"damage":3,"enemies":"Gensokyo:Tenshi","floor":24,"turns":2},{"damage":3,"enemies":"Gensokyo:2_Gloops","floor":25,"turns":2},{"damage":46,"enemies":"Gensokyo:Reisen","floor":28,"turns":9},{"damage":1,"enemies":"Gensokyo:Wraith","floor":29,"turns":5},{"damage":0,"enemies":"Gensokyo:Slime_Group","floor":31,"turns":4},{"damage":12,"enemies":"Gensokyo:Kaguya","floor":33,"turns":9},{"damage":30,"enemies":"Gensokyo:AncientGuardian","floor":35,"turns":7},{"damage":14,"enemies":"Gensokyo:3_Boulders","floor":36,"turns":6},{"damage":24,"enemies":"Gensokyo:AtlasGolem","floor":37,"turns":6},{"damage":24,"enemies":"Gensokyo:AtlasGolem","floor":39,"turns":11},{"damage":46,"enemies":"Gensokyo:Rafflesia","floor":42,"turns":6}],"seed_played":"192589709878177634","potions_obtained":[{"floor":3,"key":"AttackPotion"},{"floor":5,"key":"Swift Potion"},{"floor":8,"key":"FearPotion"},{"floor":12,"key":"Dexterity Potion"},{"floor":18,"key":"SneckoOil"},{"floor":24,"key":"Dexterity Potion"},{"floor":31,"key":"Weak Potion"},{"floor":36,"key":"HeartOfIron"},{"floor":37,"key":"ZuzhouPotion:ReiMu"}],"is_trial":false,"path_per_floor":["M","COS","M","?","M","R","M","E","T","M","?","M","R","?","R","B",null,"M","COS","?","$","?","R","E","M","T","$","E","M","R","M","R","B",null,"M","M","M","?","?","R","?","M"],"character_chosen":"IRONCLAD","items_purchased":["True Grit+1","Replay:Sssssssssshield","Shrug It Off"],"campfire_rested":3,"item_purchase_floors":[21,27,27],"current_hp_per_floor":[62,62,65,65,61,61,64,38,38,28,28,32,54,54,54,35,65,67,67,67,75,75,75,75,75,75,75,35,40,62,68,68,62,72,48,40,22,22,22,44,44,0,0],"gold":185,"neow_bonus":"THREE_CARDS","is_daily":false,"chose_seed":false,"campfire_upgraded":4,"win_rate":0.0,"timestamp":1610855597,"path_taken":["M","COS","M","?","M","R","M","E","T","M","?","M","R","?","R","BOSS","M","COS","?","$","?","R","E","M","T","$","E","M","R","M","R","BOSS","M","M","M","?","?","R","?","M"],"items_purchased_type":["Card","Card","Card"],"build_version":"2020-12-22","purchased_purges":2,"victory":false,"max_hp_per_floor":[75,75,75,75,75,75,75,75,75,75,75,75,75,75,75,75,75,75,75,75,75,75,75,75,75,75,75,75,75,75,75,75,75,75,75,75,75,75,75,75,69,69,69],"relic_stats":{"counters":[20,103],"Ornamental Fan":[72],"MealTicket":8,"War Paint":["Defend_R","Defend_R"],"Boot":[12],"obtain_stats":[{"SlaversCollar":34,"Gensokyo:EmptyGrave":41,"Ornamental Fan":24,"MealTicket":8,"Blue Doll":26,"Replay:Multitool":35,"War Paint":9,"Ring of Panic":11,"aspiration:FutureDiary":17,"Boot":28,"Burning Blood":0,"Gensokyo:LunaticRedEyes":4},{"SlaversCollar":15,"Gensokyo:EmptyGrave":19,"Ornamental Fan":10,"MealTicket":5,"Blue Doll":11,"Replay:Multitool":16,"War Paint":5,"Ring of Panic":6,"aspiration:FutureDiary":8,"Boot":12,"Burning Blood":0,"Gensokyo:LunaticRedEyes":2},{"SlaversCollar":67,"Gensokyo:EmptyGrave":97,"Ornamental Fan":38,"MealTicket":22,"Blue Doll":40,"Replay:Multitool":71,"War Paint":22,"Ring of Panic":25,"aspiration:FutureDiary":33,"Boot":49,"Burning Blood":0,"Gensokyo:LunaticRedEyes":12}],"Burning Blood":108},"card_choices":[{"not_picked":["Perfected Strike","Warcry"],"picked":"Cleave","floor":0},{"not_picked":["Havoc","Rage"],"picked":"Pommel Strike","floor":1},{"not_picked":["Fire Breathing+1","Shrug It Off+1"],"picked":"Inflame+1","floor":3},{"not_picked":["Headbutt","Warcry"],"picked":"Inflame","floor":3},{"not_picked":["Warcry","Brutality"],"picked":"Thunderclap","floor":5},{"not_picked":["Rupture","ReplayTheSpireMod:Strike From Hell"],"picked":"Battle Trance","floor":7},{"not_picked":["Uppercut","Warcry"],"picked":"Heavy Blade","floor":8},{"not_picked":["ReplayTheSpireMod:Strike From Hell","Run Through"],"picked":"Armaments","floor":10},{"not_picked":["Massacre","Fire Breathing"],"picked":"ReplayTheSpireMod:Limb From Limb","floor":12},{"not_picked":["Juggernaut","Corruption"],"picked":"Berserk","floor":16},{"not_picked":["Heavy Blade","Havoc"],"picked":"Run Through","floor":18},{"not_picked":["Pommel Strike","Thunderclap"],"picked":"Abandon","floor":24},{"not_picked":["Havoc","Carnage"],"picked":"Ghostly Armor","floor":25},{"not_picked":["Bludgeon","Double Tap"],"picked":"Flex+1","floor":28},{"not_picked":["Berserk","Barricade","Fiend Fire"],"picked":"SKIP","floor":28},{"not_picked":["ReplayTheSpireMod:Limb From Limb","Clash","True Grit"],"picked":"SKIP","floor":29},{"not_picked":["Burning Pact","Headbutt"],"picked":"ReplayTheSpireMod:Stacked","floor":31},{"not_picked":["Cleave+1","Sword Boomerang"],"picked":"Fire Breathing","floor":35},{"not_picked":["Body Slam","Clothesline","Cleave"],"picked":"SKIP","floor":36},{"not_picked":["Cleave","ReplayTheSpireMod:Strike From Hell"],"picked":"Dropkick","floor":37},{"not_picked":["Gensokyo:UnhurriedMind","Gensokyo:RainbowDanmaku"],"picked":"Gensokyo:HouraiInAPot","floor":39}],"player_experience":951443,"relics_obtained":[{"floor":8,"key":"MealTicket"},{"floor":9,"key":"War Paint"},{"floor":11,"key":"Ring of Panic"},{"floor":24,"key":"Ornamental Fan"},{"floor":26,"key":"Blue Doll"},{"floor":28,"key":"Boot"}],"event_choices":[],"is_beta":false,"boss_relics":[{"not_picked":["SacredBark","Replay:Ancient Bell"],"picked":"aspiration:FutureDiary"},{"not_picked":["Runesmith:UraniumAnvil","Kintsugi"],"picked":"SlaversCollar"}],"items_purged_floors":[21,27],"is_endless":false,"potions_floor_spawned":[3,5,7,8,12,16,18,24,31,36,37],"killed_by":"Gensokyo:Rafflesia","ascension_level":14}}