{"host":"g5ztulhog0otympt","time":1610886019,"event":{"mods":["AchievementEnabler","BaseMod","Downfall","Hermit","Minty Spire (QoL Compilation)","StSLib","The Cursed"],"gold_per_floor":[119,119,138,57,67,67,100,122,160,155,184,45,45,72,72,174,174,192,21,33,33,44,44,64,64,64,38,67,82,101,115,115,115,115],"floor_reached":33,"language":"ENG","playtime":2130,"items_purged":[],"score":281,"play_id":"45ea870c-30ea-461c-93e9-f44d1663e821","local_time":"20210117142019","is_ascension_mode":false,"campfire_choices":[{"data":"Venomology","floor":6,"key":"SMITH"},{"floor":15,"key":"REST"},{"floor":23,"key":"REST"},{"floor":32,"key":"REST"}],"circlet_count":0,"master_deck":["Strike_G","Strike_G","Strike_G","Strike_G","Strike_G","Defend_G","Defend_G","Defend_G","Defend_G","Defend_G","Survivor","Neutralize","Noxious Fumes","Bane","Venomology+1","Footwork","Footwork","Distraction","Dash","Poisoned Stab","Venomology","Catalyst+1","Panache","PiercingWail","Shame","Crippling Poison+1","Backstab"],"relics":["Ring of the Snake","Oddly Smooth Stone","MawBank","Regal Pillow","Membership Card","Bag of Preparation","HoveringKite","Nunchaku","HornCleat","Boot","White Beast Statue","Darkstone Periapt"],"acts_visited":["Exordium","TheCity"],"potions_floor_usage":[7,7,7,10,11,14,14,16,16,16,18,20,20,20,22,22,24,24,24,28,28,28,28,28,29,29,30,30,30,31,31,31,33,33,33],"damage_taken":[{"damage":0,"enemies":"Small Slimes","floor":1,"turns":5},{"damage":6,"enemies":"Cultist","floor":3,"turns":4},{"damage":1,"enemies":"Jaw Worm","floor":5,"turns":4},{"damage":16,"enemies":"Lagavulin","floor":7,"turns":7},{"damage":0,"enemies":"3 Louse","floor":8,"turns":3},{"damage":3,"enemies":"Exordium Thugs","floor":10,"turns":4},{"damage":1,"enemies":"2 Fungi Beasts","floor":11,"turns":4},{"damage":16,"enemies":"3 Sentries","floor":14,"turns":7},{"damage":22,"enemies":"Slime Boss","floor":16,"turns":12},{"damage":16,"enemies":"Chosen","floor":18,"turns":6},{"damage":19,"enemies":"Shell Parasite","floor":20,"turns":6},{"damage":8,"enemies":"Snake Plant","floor":22,"turns":9},{"damage":10,"enemies":"Cultist and Chosen","floor":24,"turns":4},{"damage":12,"enemies":"Slavers","floor":28,"turns":3},{"damage":4,"enemies":"3 Cultists","floor":29,"turns":5},{"damage":34,"enemies":"Centurion and Healer","floor":30,"turns":8},{"damage":7,"enemies":"Chosen and Byrds","floor":31,"turns":5},{"damage":43,"enemies":"Automaton","floor":33,"turns":10}],"seed_played":"7488649276838397646","potions_obtained":[{"floor":1,"key":"FearPotion"},{"floor":3,"key":"Block Potion"},{"floor":7,"key":"Swift Potion"},{"floor":11,"key":"AttackPotion"},{"floor":14,"key":"Swift Potion"},{"floor":22,"key":"ColorlessPotion"},{"floor":24,"key":"SkillPotion"},{"floor":28,"key":"Fire Potion"},{"floor":29,"key":"CunningPotion"},{"floor":30,"key":"PowerPotion"}],"is_trial":false,"path_per_floor":["M","?","M","$","M","R","E","M","T","M","M","$","$","E","R","B",null,"M","$","M","?","M","R","M","?","T","$","E","M","M","M","R","B"],"character_chosen":"THE_SILENT","items_purchased":["Venomology","Membership Card","Panache","Nunchaku","hexamod:SoulburnPotion"],"campfire_rested":3,"item_purchase_floors":[4,12,19,19,27],"current_hp_per_floor":[77,77,71,71,70,70,54,54,54,51,50,50,50,34,72,50,77,61,61,42,42,34,72,62,62,62,62,50,46,12,5,43,0,0],"gold":115,"neow_bonus":"TEN_PERCENT_HP_BONUS","is_daily":false,"chose_seed":false,"campfire_upgraded":1,"win_rate":0.0,"timestamp":1610886019,"path_taken":["M","?","M","$","M","R","E","M","T","?","M","?","$","E","R","BOSS","M","$","M","?","?","R","M","?","T","$","E","M","M","M","R","BOSS"],"items_purchased_type":["Card","Relic","Card","Relic","Potion"],"build_version":"2020-12-22","purchased_purges":0,"victory":false,"max_hp_per_floor":[77,77,77,77,77,77,77,77,77,77,77,77,77,77,77,77,77,77,77,77,77,77,77,77,77,77,77,77,77,77,77,77,77,77],"card_choices":[{"not_picked":["Backflip","Cloak And Dagger"],"picked":"Noxious Fumes","floor":1},{"not_picked":["Slice","Dagger Throw"],"picked":"Bane","floor":3},{"not_picked":["Choke","Poisoned Stab"],"picked":"Footwork","floor":5},{"not_picked":["Backflip","Dagger Throw"],"picked":"Footwork","floor":7},{"not_picked":["Footwork","Unload"],"picked":"Distraction","floor":8},{"not_picked":["Dodge and Roll","Bane"],"picked":"Dash","floor":10},{"not_picked":["Bane","Cloak And Dagger"],"picked":"Poisoned Stab","floor":11},{"not_picked":["Sucker Punch","Dodge and Roll","Backflip"],"picked":"SKIP","floor":14},{"not_picked":["Tools of the Trade","Glass Knife"],"picked":"Venomology","floor":16},{"not_picked":["Underhanded Strike","Leg Sweep"],"picked":"Catalyst+1","floor":18},{"not_picked":["Sucker Punch+1","Outmaneuver","Expertise+1"],"picked":"SKIP","floor":20},{"not_picked":["Poisoned Stab","Deflect"],"picked":"PiercingWail","floor":22},{"not_picked":["Blade Dance+1","Flying Knee","Slice"],"picked":"SKIP","floor":24},{"not_picked":["Leg Sweep","Footwork"],"picked":"Crippling Poison+1","floor":28},{"not_picked":["Dodge and Roll","Calculated Gamble"],"picked":"Backstab","floor":29},{"not_picked":["Heel Hook+1","Dodge and Roll","Deadly Poison"],"picked":"SKIP","floor":30},{"not_picked":["Sucker Punch","Backflip","Prepared"],"picked":"SKIP","floor":31}],"player_experience":77812,"relics_obtained":[{"floor":7,"key":"MawBank"},{"floor":9,"key":"Regal Pillow"},{"floor":14,"key":"Bag of Preparation"},{"floor":21,"key":"HornCleat"},{"floor":26,"key":"White Beast Statue"},{"floor":28,"key":"Darkstone Periapt"}],"event_choices":[{"damage_healed":0,"gold_gain":0,"player_choice":"Gave Potion","damage_taken":0,"relics_obtained":["Oddly Smooth Stone"],"max_hp_gain":0,"max_hp_loss":0,"event_name":"WeMeetAgain","floor":2,"gold_loss":0},{"damage_healed":0,"gold_gain":0,"player_choice":"Relic","damage_taken":0,"max_hp_gain":0,"max_hp_loss":0,"event_name":"Wheel of Change","floor":21,"gold_loss":0},{"damage_healed":0,"gold_gain":0,"player_choice":"Stole Relic","damage_taken":0,"relics_obtained":["Boot"],"max_hp_gain":0,"max_hp_loss":0,"event_name":"Addict","floor":25,"gold_loss":0,"cards_obtained":["Shame"]}],"is_beta":false,"boss_relics":[{"not_picked":["Snecko Eye","SacredBark"],"picked":"HoveringKite"}],"items_purged_floors":[],"is_endless":false,"potions_floor_spawned":[1,3,7,11,14,22,24,28,29,30,31],"killed_by":"Automaton","ascension_level":0}}