{"host":"fworv1gvvajf3x0f","time":1610858894,"event":{"mods":["AchievementEnabler","Aspiration","BaseMod","Better Match","Better Note","Better Sensory Stone","Better Vampires","Colored Map","Colored Powertips","Displayed Cursed Tome","Good Game Mod","Highlight Path","Infinite Spire","Minty Spire (QoL Compilation)","Poor People Problems","Relic Stats","Replay The Spire","StSLib"],"gold_per_floor":[119,133,145,157,167,167,184,219,282,294,360,400,457,498,510,646,658,709,753,184,225,225,255,255,280,280,280,280,290,290],"floor_reached":29,"language":"ZHS","playtime":2858,"items_purged":["Defend_G"],"score":346,"play_id":"3b9c968c-2abc-43d5-a3ee-c7aac565f115","local_time":"20210117124814","is_ascension_mode":true,"campfire_choices":[{"data":"Panache","floor":6.0,"key":"SMITH"},{"data":"Cloak And Dagger","floor":10.0,"key":"SMITH"},{"floor":15.0,"key":"DIG"},{"floor":24,"key":"REST"},{"data":"Thinking Ahead","floor":27,"key":"SMITH"}],"circlet_count":0,"master_deck":["Strike_G","Strike_G","Strike_G","Strike_G","Strike_G","Defend_G","Defend_G","Defend_G","Defend_G","Survivor","Neutralize","Panache+1","Malaise","Terror","ReplayTheSpireMod:Shiv Toss","Blade Dance","Cloak And Dagger+1","PiercingWail","Infinite Blades","Hidden Blade","Backflip","Backflip","Blade Dance","Night Terror","Outmaneuver","Backflip","Thinking Ahead+1","Distraction+1","Mind Blast","infinitespire:NeuralNetwork"],"relics":["Ring of the Snake","REME:ComplimentaryCards","MawBank","Replay:Bandana","Snake Skull","infinitespire:ShieldingShard","ReplayTheSpireMod:Shallot","aspiration:FutureDiary","Medical Kit","Nunchaku","Omamori"],"acts_visited":["Exordium","TheCity"],"potions_floor_usage":[29,29],"damage_taken":[{"damage":1.0,"enemies":"2 Louse","floor":1.0,"turns":4.0},{"damage":0.0,"enemies":"Cultist","floor":2.0,"turns":2.0},{"damage":5.0,"enemies":"Small Slimes","floor":3.0,"turns":4.0},{"damage":0.0,"enemies":"3 Louse","floor":4.0,"turns":3.0},{"damage":5.0,"enemies":"Gremlin Gang","floor":5.0,"turns":5.0},{"damage":9.0,"enemies":"Exordium Thugs","floor":7.0,"turns":2.0},{"damage":3.0,"enemies":"Lagavulin","floor":8.0,"turns":6.0},{"damage":26.0,"enemies":"3 Sentries","floor":11.0,"turns":4.0},{"damage":1.0,"enemies":"Looter","floor":12.0,"turns":3.0},{"damage":3.0,"enemies":"Lagavulin","floor":13.0,"turns":5.0},{"damage":0.0,"enemies":"Red Slaver","floor":14.0,"turns":3.0},{"damage":0.0,"enemies":"Slime Boss","floor":16.0,"turns":3.0},{"damage":0,"enemies":"3 Byrds","floor":18,"turns":4},{"damage":5,"enemies":"Spheric Guardian","floor":19,"turns":4},{"damage":40,"enemies":"Snake Plant","floor":21,"turns":5},{"damage":0,"enemies":"3 Cultists","floor":23,"turns":4},{"damage":0,"enemies":"Chosen and Byrds","floor":25,"turns":3},{"damage":34,"enemies":"Nightmare","floor":29,"turns":6}],"seed_played":"-7941657882056182459","potions_obtained":[{"floor":3.0,"key":"CunningPotion"},{"floor":4.0,"key":"GamblersBrew"},{"floor":5.0,"key":"Strength Potion"},{"floor":8.0,"key":"Elixir"},{"floor":14.0,"key":"GamblersBrew"},{"floor":18,"key":"Venom Potion"},{"floor":21,"key":"LiquidMemories"},{"floor":25,"key":"Explosive Potion"}],"is_trial":false,"path_per_floor":["M","M","M","M","M","R","M","E","T","R","E","M","E","M","R_BF","B",null,"M","M","$","M","?","M","R","M","T","R","AVR","NM"],"character_chosen":"THE_SILENT","items_purchased":["Medical Kit","Nunchaku","Backflip","Thinking Ahead"],"campfire_rested":1,"item_purchase_floors":[20,20,20,20],"current_hp_per_floor":[69,69,64,64,59,59,50,47,47,47,21,20,17,17,17,17,70,70,65,65,25,13,13,34,34,34,34,34,0,0],"gold":290,"neow_bonus":"ONE_RANDOM_RARE_CARD","is_daily":false,"chose_seed":false,"campfire_upgraded":3,"win_rate":0.0,"timestamp":1610858894,"path_taken":["M","M","M","M","M","R","M","E","T","R","E","M","E","M","R_BF","BOSS","M","M","$","M","?","M","R","M","T","R","AVR","NM"],"items_purchased_type":["Relic","Relic","Card","Card"],"build_version":"2020-12-22","purchased_purges":1,"victory":false,"max_hp_per_floor":[70,70,70,70,70,70,70,70,70,70,70,70,70,70,70,70,70,70,70,70,70,70,70,70,70,70,70,70,70,70],"relic_stats":{"Nunchaku":[5],"counters":[18,70],"Snake Skull":[0],"MawBank":144,"Medical Kit":[0],"obtain_stats":[{"REME:ComplimentaryCards":0,"Replay:Bandana":9,"Nunchaku":20,"infinitespire:ShieldingShard":13,"ReplayTheSpireMod:Shallot":15,"Snake Skull":11,"Omamori":26,"aspiration:FutureDiary":17,"MawBank":8,"Medical Kit":20,"Ring of the Snake":0},{"REME:ComplimentaryCards":0,"Replay:Bandana":7,"Nunchaku":14,"infinitespire:ShieldingShard":10,"ReplayTheSpireMod:Shallot":11,"Snake Skull":8,"Omamori":17,"aspiration:FutureDiary":12,"MawBank":7,"Medical Kit":14,"Ring of the Snake":0},{"REME:ComplimentaryCards":0,"Replay:Bandana":26,"Nunchaku":52,"infinitespire:ShieldingShard":38,"ReplayTheSpireMod:Shallot":41,"Snake Skull":30,"Omamori":64,"aspiration:FutureDiary":44,"MawBank":26,"Medical Kit":52,"Ring of the Snake":0}],"Ring of the Snake":[36]},"card_choices":[{"not_picked":["Backstab","ReplayTheSpireMod:Shiv Toss"],"picked":"Terror","floor":1.0},{"not_picked":["Underhanded Strike","Outmaneuver"],"picked":"ReplayTheSpireMod:Shiv Toss","floor":2.0},{"not_picked":["Slice","Prepared"],"picked":"Blade Dance","floor":3.0},{"not_picked":["Heel Hook","Bane"],"picked":"Cloak And Dagger","floor":4.0},{"not_picked":["Toxin Wave","Deadly Poison"],"picked":"PiercingWail","floor":5.0},{"not_picked":["Blade Dance","ReplayTheSpireMod:Scrap Shanks"],"picked":"Infinite Blades","floor":7.0},{"not_picked":["Choke","Prepared"],"picked":"Hidden Blade","floor":8.0},{"not_picked":["PiercingWail","Dodge and Roll"],"picked":"Backflip","floor":11.0},{"not_picked":["Cloak And Dagger","Deflect"],"picked":"Backflip","floor":12.0},{"not_picked":["Outmaneuver","Slice"],"picked":"Blade Dance","floor":13.0},{"not_picked":["Slice","Bane","Choke"],"picked":"SKIP","floor":14.0},{"not_picked":["ReplayTheSpireMod:Necrosis","Wraith Form v2"],"picked":"Night Terror","floor":16.0},{"not_picked":["All Out Attack+1","Deflect+1"],"picked":"Outmaneuver","floor":18},{"not_picked":["Riddle With Holes","Flying Knee+1","Slice+1"],"picked":"SKIP","floor":19},{"not_picked":["ReplayTheSpireMod:Shiv Toss","Poisoned Stab"],"picked":"Distraction+1","floor":21},{"not_picked":["Slice","Caltrops+1","Sucker Punch"],"picked":"SKIP","floor":23},{"not_picked":["Skewer","Sucker Punch+1","infinitespire:Neurotoxin"],"picked":"SKIP","floor":25}],"player_experience":235431,"relics_obtained":[{"floor":8.0,"key":"MawBank"},{"floor":9.0,"key":"Replay:Bandana"},{"floor":11.0,"key":"Snake Skull"},{"floor":13.0,"key":"infinitespire:ShieldingShard"},{"floor":15.0,"key":"ReplayTheSpireMod:Shallot"},{"floor":26,"key":"Omamori"}],"event_choices":[{"damage_healed":0,"gold_gain":0,"player_choice":"CARD ","damage_taken":12,"max_hp_gain":0,"max_hp_loss":0,"event_name":"Knowing Skull","floor":22,"potions_obtained":[],"gold_loss":0,"cards_obtained":["Mind Blast"]}],"is_beta":false,"boss_relics":[{"not_picked":["Astrolabe","aspiration:WatcherSkillbook"],"picked":"aspiration:FutureDiary"}],"items_purged_floors":[20],"is_endless":false,"potions_floor_spawned":[3,4,5,8,14,18,21,25],"killed_by":"Nightmare","ascension_level":3}}