{"host":"jl3raagrljzztomj","time":1610888172,"event":{"mods":["Aspiration","BaseMod","Better Third Choice","BetterRewards","Colored Map","Colored Powertips","Custom Start","Hermit","Highlight Path","Marked Mod","Minty Spire (QoL Compilation)","Permanent Neow","Relic Stats","StSLib","SuperFastMode","The Disciple","The Runesmith"],"gold_per_floor":[112,287,306,306,316,350,350,368,368,384,384,400,400,400,400,400,400],"floor_reached":16,"language":"ENG","playtime":987,"items_purged":[],"score":102,"play_id":"bc5807af-731a-4bcb-841f-2ad931650692","local_time":"20210117065612","is_ascension_mode":false,"campfire_choices":[{"floor":7,"key":"REST"},{"floor":11,"key":"REST"},{"data":"ResonantCall","floor":13,"key":"SMITH"},{"data":"WindUp","floor":15,"key":"SMITH"}],"circlet_count":0,"master_deck":["Strike_Br","Strike_Br","Strike_Br","Strike_Br","Defend_Br","Defend_Br","Defend_Br","Defend_Br","SecondHand","PatternShift","ResonantCall","Doubt","ResonantCall+1","Pendulum","WindUp+1","LockedTurtyl"],"relics":["Chronometer","aspiration:Nostalgia","PureWater","Paper Turtyl","Pantograph","SlipperyGoo"],"acts_visited":["Exordium"],"potions_floor_usage":[10,10],"damage_taken":[{"damage":0,"enemies":"Jaw Worm","floor":1,"turns":6},{"damage":0,"enemies":"2 Louse","floor":3,"turns":5},{"damage":0,"enemies":"Cultist","floor":5,"turns":6},{"damage":54,"enemies":"Gremlin Nob","floor":6,"turns":6},{"damage":0,"enemies":"3 Louse","floor":8,"turns":4},{"damage":5,"enemies":"Lots of Slimes","floor":10,"turns":5},{"damage":9,"enemies":"Blue Slaver","floor":12,"turns":5},{"damage":63,"enemies":"Slime Boss","floor":16,"turns":16}],"seed_played":"-5698826188274582474","potions_obtained":[{"floor":1,"key":"Energy Potion"},{"floor":6,"key":"DuplicationPotion"},{"floor":8,"key":"Dexterity Potion"}],"is_trial":false,"path_per_floor":["M","?","M","?","M","E","R","M","T","M","R","M","R","?","R","B"],"character_chosen":"CHRONO_CLASS","items_purchased":[],"campfire_rested":2,"item_purchase_floors":[],"current_hp_per_floor":[65,65,65,65,65,11,30,30,30,25,44,35,35,35,35,0,0],"gold":400,"neow_bonus":"NOSTALGIA","is_daily":false,"chose_seed":false,"campfire_upgraded":2,"win_rate":0.0,"timestamp":1610888172,"path_taken":["M","?","M","?","?","E","R","M","T","M","R","M","R","?","R","BOSS"],"items_purchased_type":[],"build_version":"2020-12-22","purchased_purges":0,"victory":false,"max_hp_per_floor":[65,65,65,65,65,65,65,65,65,65,65,65,65,65,65,65,65],"relic_stats":{"counters":[8,53],"Pantograph":25,"obtain_stats":[{"SlipperyGoo":9,"Chronometer":0,"aspiration:Nostalgia":0,"Pantograph":6,"PureWater":0,"Paper Turtyl":4},{"SlipperyGoo":5,"Chronometer":0,"aspiration:Nostalgia":0,"Pantograph":4,"PureWater":0,"Paper Turtyl":2},{"SlipperyGoo":27,"Chronometer":0,"aspiration:Nostalgia":0,"Pantograph":23,"PureWater":0,"Paper Turtyl":11}]},"card_choices":[{"not_picked":["Break","ExoVibe"],"picked":"ResonantCall","floor":1},{"not_picked":["LockedMedicine","LockedBlood","PrimeTime"],"picked":"SKIP","floor":3},{"not_picked":["Engulf","Tempo"],"picked":"ResonantCall","floor":5},{"not_picked":["FormalWear","PrimeTime"],"picked":"Pendulum","floor":6},{"not_picked":["Backlash","LockedUrn"],"picked":"WindUp","floor":8},{"not_picked":["WindUp","LockedScales"],"picked":"LockedTurtyl","floor":10},{"not_picked":["Analog","LockedMedicine","Facsimile"],"picked":"SKIP","floor":12}],"player_experience":1001350,"relics_obtained":[{"floor":6,"key":"Pantograph"},{"floor":9,"key":"SlipperyGoo"}],"event_choices":[{"damage_healed":0,"gold_gain":175,"player_choice":"AGREE","damage_taken":112,"max_hp_gain":0,"max_hp_loss":0,"event_name":"betterThird:BetterSerpent","floor":2,"gold_loss":0},{"damage_healed":0,"gold_gain":0,"player_choice":"Gave Potion","damage_taken":0,"relics_obtained":["Paper Turtyl"],"max_hp_gain":0,"max_hp_loss":0,"event_name":"WeMeetAgain","floor":4,"gold_loss":0},{"damage_healed":0,"gold_gain":0,"player_choice":"Bought 0 Potions","damage_taken":0,"max_hp_gain":0,"max_hp_loss":0,"event_name":"The Woman in Blue","floor":14,"gold_loss":0}],"is_beta":false,"boss_relics":[],"items_purged_floors":[],"is_endless":false,"potions_floor_spawned":[1,6,8],"killed_by":"Slime Boss","ascension_level":0}}