{"host":"9b7hrp48q3pna783","time":1610919567,"event":{"mods":["BaseMod","Colored Map","Colored Powertips","Highlight Path","Minty Spire (QoL Compilation)","Relic Stats"],"gold_per_floor":[119,137,148,158,176,101,101,130,157,169,211,240,202,214,214],"floor_reached":14,"language":"ENG","playtime":819,"items_purged":["Strike_R"],"score":107,"play_id":"255f2594-7a4a-4391-b550-6337b75ead1e","local_time":"20210117163927","is_ascension_mode":true,"campfire_choices":[{"data":"True Grit","floor":7,"key":"SMITH"},{"data":"Armaments","floor":10,"key":"SMITH"}],"circlet_count":0,"master_deck":["Strike_R","Strike_R","Strike_R+1","Defend_R","Defend_R","Defend_R","Defend_R","Bash","Armaments+1","True Grit+1","Body Slam+1","Dropkick","Shrug It Off"],"relics":["Burning Blood","Matryoshka","Whetstone","MawBank","Regal Pillow"],"acts_visited":["Exordium"],"potions_floor_usage":[8,11,14],"damage_taken":[{"damage":12,"enemies":"2 Louse","floor":1,"turns":2},{"damage":5,"enemies":"Small Slimes","floor":2,"turns":4},{"damage":0,"enemies":"Jaw Worm","floor":3,"turns":4},{"damage":27,"enemies":"3 Louse","floor":4,"turns":6},{"damage":31,"enemies":"Exordium Thugs","floor":5,"turns":7},{"damage":17,"enemies":"3 Sentries","floor":8,"turns":12},{"damage":24,"enemies":"Gremlin Nob","floor":11,"turns":5},{"damage":8,"enemies":"Large Slime","floor":12,"turns":6},{"damage":16,"enemies":"3 Sentries","floor":14,"turns":8}],"seed_played":"2900144065252878659","potions_obtained":[{"floor":1,"key":"FearPotion"},{"floor":4,"key":"SpeedPotion"},{"floor":12,"key":"LiquidMemories"}],"is_trial":false,"path_per_floor":["M","M","M","M","M","$","R","E","T","R","E","M","?","E"],"character_chosen":"IRONCLAD","items_purchased":[],"campfire_rested":0,"item_purchase_floors":[],"current_hp_per_floor":[82,83,88,67,42,42,42,31,31,31,13,11,11,0,0],"gold":214,"neow_bonus":"TEN_PERCENT_HP_BONUS","is_daily":false,"chose_seed":false,"campfire_upgraded":2,"win_rate":0.0,"timestamp":1610919567,"path_taken":["M","M","M","M","M","$","R","E","T","R","E","M","?","E"],"items_purchased_type":[],"build_version":"2020-12-22","purchased_purges":1,"victory":false,"max_hp_per_floor":[88,88,88,88,88,88,88,88,88,88,88,88,88,88,88],"relic_stats":{"Regal Pillow":0,"counters":[9,54],"Whetstone":["Body Slam","Strike_R"],"MawBank":60,"obtain_stats":[{"Regal Pillow":11,"Matryoshka":8,"Whetstone":9,"MawBank":9,"Burning Blood":0},{"Regal Pillow":7,"Matryoshka":6,"Whetstone":6,"MawBank":6,"Burning Blood":0},{"Regal Pillow":40,"Matryoshka":35,"Whetstone":35,"MawBank":35,"Burning Blood":0}],"Burning Blood":47},"card_choices":[{"not_picked":["Infernal Blade","Searing Blow"],"picked":"Armaments","floor":1},{"not_picked":["Heavy Blade","Twin Strike"],"picked":"True Grit","floor":2},{"not_picked":["Clash","Twin Strike","Clothesline"],"picked":"SKIP","floor":3},{"not_picked":["Evolve","Blood for Blood"],"picked":"Body Slam","floor":4},{"not_picked":["Whirlwind","Twin Strike","Clothesline"],"picked":"SKIP","floor":5},{"not_picked":["Headbutt","Brutality","Uppercut"],"picked":"SKIP","floor":8},{"not_picked":["Reckless Charge","Uppercut"],"picked":"Dropkick","floor":11},{"not_picked":["Wild Strike","Burning Pact"],"picked":"Shrug It Off","floor":12}],"player_experience":90169,"relics_obtained":[{"floor":8,"key":"Matryoshka"},{"floor":9,"key":"Whetstone"},{"floor":9,"key":"MawBank"},{"floor":11,"key":"Regal Pillow"}],"event_choices":[{"cards_removed":["Strike_R"],"damage_healed":0,"gold_gain":0,"player_choice":"Card Removal","damage_taken":0,"max_hp_gain":0,"max_hp_loss":0,"event_name":"The Cleric","floor":13,"gold_loss":50}],"is_beta":false,"boss_relics":[],"items_purged_floors":[6],"is_endless":false,"potions_floor_spawned":[1,4,12],"killed_by":"3 Sentries","ascension_level":1}}