{"host":"uzcks4yhskks9i02","time":1610911131,"event":{"mods":["BaseMod","Minty Spire (QoL Compilation)","Quick Restart"],"gold_per_floor":[116,128,203,222,242,272,272,300,324,324,357,371,40,40,40,111,111,129,75,91,117,117,151,161,161,161,176,204,217,217,233,233,308,308,326,339,120,220,239,272,272,283,328,328,353,63,75,104,104,104],"floor_reached":51,"language":"ENG","playtime":2601,"items_purged":[],"score":1294,"play_id":"0ca51376-602c-429e-9a30-a1e7d4f49f96","local_time":"20210117121851","is_ascension_mode":true,"campfire_choices":[{"floor":7.0,"key":"REST"},{"floor":10.0,"key":"REST"},{"floor":15.0,"key":"REST"},{"data":"Whirlwind","floor":25.0,"key":"SMITH"},{"data":"Bludgeon","floor":30.0,"key":"SMITH"},{"data":"Bludgeon","floor":32.0,"key":"SMITH"},{"floor":41.0,"key":"REST"},{"data":"Whirlwind","floor":44.0,"key":"SMITH"},{"floor":49.0,"key":"REST"}],"circlet_count":0,"master_deck":["AscendersBane","Bash","Intimidate","Flex+1","Bludgeon+1","Infernal Blade","Cleave","Uppercut","Whirlwind+1","Sword Boomerang","Thunderclap","Reaper","Barricade","Clothesline","Body Slam","Power Through","Headbutt","Pommel Strike","Power Through","Iron Wave","Heavy Blade+1","Rage","Necronomicurse","Shockwave","Bludgeon+1","Armaments+1","Metallicize","Inflame+1","Berserk","Bloodletting","Offering","Whirlwind+1","Armaments+1","Shrug It Off+1","Dark Shackles","Brutality","Pummel+1"],"relics":["Burning Blood","Lantern","Oddly Smooth Stone","Smiling Mask","Bag of Marbles","MealTicket","HandDrill","Pandora\u0027s Box","Red Mask","Necronomicon","Matryoshka","Letter Opener","Lizard Tail","Art of War","Velvet Choker","Sling","Prayer Wheel","Question Card","Dream Catcher","Mango","Bronze Scales","PreservedInsect"],"acts_visited":["Exordium","TheCity","TheBeyond"],"potions_floor_usage":[],"damage_taken":[{"damage":8.0,"enemies":"Jaw Worm","floor":1.0,"turns":6.0},{"damage":6.0,"enemies":"2 Louse","floor":2.0,"turns":4.0},{"damage":5.0,"enemies":"Cultist","floor":4.0,"turns":5.0},{"damage":9.0,"enemies":"Looter","floor":5.0,"turns":4.0},{"damage":20.0,"enemies":"Lagavulin","floor":6.0,"turns":7.0},{"damage":29.0,"enemies":"3 Sentries","floor":8.0,"turns":7.0},{"damage":47.0,"enemies":"Lagavulin","floor":11.0,"turns":9.0},{"damage":4.0,"enemies":"Exordium Thugs","floor":12.0,"turns":3.0},{"damage":18.0,"enemies":"Hexaghost","floor":16.0,"turns":8.0},{"damage":0.0,"enemies":"Chosen","floor":18.0,"turns":4.0},{"damage":9.0,"enemies":"Shell Parasite","floor":20.0,"turns":3.0},{"damage":8.0,"enemies":"Masked Bandits","floor":21.0,"turns":4.0},{"damage":10.0,"enemies":"Book of Stabbing","floor":23.0,"turns":2.0},{"damage":0.0,"enemies":"Shelled Parasite and Fungi","floor":24.0,"turns":1.0},{"damage":18.0,"enemies":"Snake Plant","floor":27.0,"turns":3.0},{"damage":2.0,"enemies":"Gremlin Leader","floor":28.0,"turns":3.0},{"damage":0.0,"enemies":"Centurion and Healer","floor":29.0,"turns":3.0},{"damage":0.0,"enemies":"Sentry and Sphere","floor":31.0,"turns":3.0},{"damage":61.0,"enemies":"Collector","floor":33.0,"turns":6.0},{"damage":0.0,"enemies":"Orb Walker","floor":35.0,"turns":1.0},{"damage":14.0,"enemies":"3 Shapes","floor":36.0,"turns":5.0},{"damage":52.0,"enemies":"Transient","floor":39.0,"turns":5.0},{"damage":29.0,"enemies":"Giant Head","floor":40.0,"turns":6.0},{"damage":18.0,"enemies":"Maw","floor":42.0,"turns":5.0},{"damage":4.0,"enemies":"Mind Bloom Boss Battle","floor":45.0,"turns":3.0},{"damage":0.0,"enemies":"Sphere and 2 Shapes","floor":47.0,"turns":1.0},{"damage":43.0,"enemies":"Nemesis","floor":48.0,"turns":5.0},{"damage":46,"enemies":"Time Eater","floor":50,"turns":10}],"seed_played":"7262570209701459423","potions_obtained":[{"floor":1.0,"key":"SmokeBomb"},{"floor":2.0,"key":"PowerPotion"},{"floor":11.0,"key":"Fire Potion"},{"floor":16.0,"key":"ColorlessPotion"},{"floor":23.0,"key":"Swift Potion"},{"floor":24.0,"key":"Strength Potion"},{"floor":28.0,"key":"GamblersBrew"},{"floor":29.0,"key":"Regen Potion"},{"floor":35.0,"key":"PowerPotion"},{"floor":40.0,"key":"SmokeBomb"},{"floor":47.0,"key":"Fire Potion"}],"is_trial":false,"path_per_floor":["M","M","?","M","M","E","R","E","T","R","E","M","$","?","R","B",null,"M","$","M","?","?","E","M","R","T","M","E","M","R","M","R","B",null,"M","M","$","?","M","E","R","M","T","R","?","$","M","E","R","B",null],"character_chosen":"IRONCLAD","items_purchased":["MealTicket","HandDrill","Thunderclap","Iron Wave","Sling","Offering","Bronze Scales","Dark Shackles","FearPotion"],"campfire_rested":5,"item_purchase_floors":[13,13,13,19,37,37,46,46,46],"current_hp_per_floor":[66,66,55,56,53,39,59,36,36,56,15,17,17,3,23,11,54,66,68,65,66,50,46,52,52,52,40,44,68,68,68,68,33,59,65,57,68,68,27,34,54,56,56,56,72,82,82,45,69,38],"gold":104,"neow_bonus":"REMOVE_TWO","is_daily":false,"chose_seed":false,"campfire_upgraded":4,"win_rate":0.0,"timestamp":1610911131,"path_taken":["M","M","?","M","M","E","R","E","T","R","E","M","$","?","R","BOSS","M","$","M","?","?","E","?","R","T","M","E","M","R","M","R","BOSS","M","M","$","?","M","E","R","?","T","R","?","?","M","E","R","BOSS"],"items_purchased_type":["Relic","Relic","Card","Card","Relic","Card","Relic","Card","Potion"],"build_version":"2020-12-22","purchased_purges":0,"victory":true,"max_hp_per_floor":[68,68,68,68,68,68,68,68,68,68,68,68,68,68,68,68,68,68,68,68,68,68,68,68,68,68,68,68,68,68,68,68,68,68,68,68,68,68,68,68,68,68,68,68,82,82,82,82,82,82],"card_choices":[{"not_picked":["Dropkick","Warcry"],"picked":"Intimidate","floor":1.0},{"not_picked":["Heavy Blade","Seeing Red"],"picked":"Flex","floor":2.0},{"not_picked":["Warcry","Dual Wield"],"picked":"Bludgeon","floor":4.0},{"not_picked":["Twin Strike","True Grit"],"picked":"Infernal Blade","floor":5.0},{"not_picked":["Intimidate","Anger"],"picked":"Cleave","floor":6.0},{"not_picked":["Shockwave","Battle Trance"],"picked":"Uppercut","floor":8.0},{"not_picked":["Heavy Blade","Dropkick"],"picked":"Whirlwind","floor":11.0},{"not_picked":["Rupture","Thunderclap"],"picked":"Sword Boomerang","floor":12.0},{"not_picked":["Immolate","Brutality"],"picked":"Reaper","floor":16.0},{"not_picked":["Warcry","Thunderclap","Cleave"],"picked":"SKIP","floor":18.0},{"not_picked":["Body Slam","Warcry"],"picked":"Heavy Blade+1","floor":20.0},{"not_picked":["Wild Strike+1","Iron Wave"],"picked":"Rage","floor":21.0},{"not_picked":["Entrench","Twin Strike"],"picked":"Shockwave","floor":23.0},{"not_picked":["Heavy Blade","Cleave+1"],"picked":"Bludgeon","floor":24.0},{"not_picked":["Flex+1","Headbutt"],"picked":"Armaments+1","floor":27.0},{"not_picked":["Twin Strike","Sword Boomerang"],"picked":"Metallicize","floor":28.0},{"not_picked":["Clash","Dropkick"],"picked":"Inflame+1","floor":29.0},{"not_picked":["Dark Embrace","Anger","Thunderclap"],"picked":"SKIP","floor":31.0},{"not_picked":["Barricade","Brutality"],"picked":"Berserk","floor":33.0},{"not_picked":["Heavy Blade","Wild Strike"],"picked":"Bloodletting","floor":35.0},{"not_picked":["Sword Boomerang","Sever Soul","Wild Strike"],"picked":"SKIP","floor":36.0},{"not_picked":["Twin Strike","Body Slam+1"],"picked":"Whirlwind","floor":39.0},{"not_picked":["Thunderclap","Searing Blow"],"picked":"Armaments+1","floor":40.0},{"not_picked":["Clash","Berserk"],"picked":"Shrug It Off+1","floor":42.0},{"not_picked":["Flex","Dual Wield","Intimidate+1"],"picked":"SKIP","floor":42.0},{"not_picked":["Inflame","Flex","Infernal Blade"],"picked":"Brutality","floor":47.0},{"not_picked":["Pommel Strike","Seeing Red+1","Wild Strike+1","Clothesline"],"picked":"SKIP","floor":47.0},{"not_picked":["Carnage","Heavy Blade","Headbutt","Intimidate"],"picked":"SKIP","floor":48.0},{"not_picked":["Clash","Dropkick","Warcry"],"picked":"Pummel+1","floor":49.0}],"player_experience":503328,"relics_obtained":[{"floor":6.0,"key":"Lantern"},{"floor":8.0,"key":"Oddly Smooth Stone"},{"floor":9.0,"key":"Smiling Mask"},{"floor":11.0,"key":"Bag of Marbles"},{"floor":21.0,"key":"Red Mask"},{"floor":22.0,"key":"Necronomicon"},{"floor":23.0,"key":"Matryoshka"},{"floor":26.0,"key":"Letter Opener"},{"floor":26.0,"key":"Lizard Tail"},{"floor":28.0,"key":"Art of War"},{"floor":40.0,"key":"Prayer Wheel"},{"floor":43.0,"key":"Question Card"},{"floor":43.0,"key":"Dream Catcher"},{"floor":45.0,"key":"Mango"},{"floor":48.0,"key":"PreservedInsect"}],"event_choices":[{"damage_healed":0.0,"max_hp_gain":0.0,"max_hp_loss":0.0,"gold_gain":75.0,"event_name":"World of Goop","player_choice":"Gather Gold","floor":3.0,"gold_loss":0.0,"damage_taken":11.0},{"damage_healed":0.0,"max_hp_gain":0.0,"max_hp_loss":0.0,"gold_gain":0.0,"event_name":"Shining Light","player_choice":"Entered Light","floor":14.0,"gold_loss":0.0,"damage_taken":14.0,"cards_upgraded":["Strike_R","Flex"]},{"damage_healed":0.0,"max_hp_gain":0.0,"max_hp_loss":0.0,"gold_gain":0.0,"event_name":"Masked Bandits","player_choice":"Fought Bandits","floor":21.0,"gold_loss":0.0,"damage_taken":0.0},{"damage_healed":0.0,"max_hp_gain":0.0,"max_hp_loss":0.0,"gold_gain":0.0,"event_name":"Cursed Tome","player_choice":"Obtained Book","floor":22.0,"gold_loss":0.0,"damage_taken":16.0},{"damage_healed":0.0,"max_hp_gain":0.0,"max_hp_loss":0.0,"gold_gain":100.0,"event_name":"Golden Shrine","player_choice":"Pray","floor":38.0,"gold_loss":0.0,"damage_taken":0.0},{"damage_healed":0.0,"max_hp_gain":0.0,"max_hp_loss":0.0,"gold_gain":0.0,"event_name":"MindBloom","player_choice":"Fight","floor":45.0,"gold_loss":0.0,"damage_taken":0.0}],"is_beta":false,"boss_relics":[{"not_picked":["Snecko Eye","Astrolabe"],"picked":"Pandora\u0027s Box"},{"not_picked":["Cursed Key","SacredBark"],"picked":"Velvet Choker"}],"items_purged_floors":[],"is_endless":false,"potions_floor_spawned":[1,2,5,11,16,23,24,28,29,35,40,47],"ascension_level":14}}