{"host":"idjwbq71yrpkph1r","time":1610849264,"event":{"mods":["Alarm Clock","BaseMod","Better Third Choice","Block Reminder","Colored Powertips","Conspire","Hubris","Minty Spire (QoL Compilation)","Rare Cards Sparkle","StSLib","The Blue Laboratory","Waifu the Spire","everything is the same but u backflip on backflip"],"gold_per_floor":[114,114,114,0,16,49,66,85,85,99,99,110,110,124,124,124,124],"floor_reached":16,"language":"ENG","playtime":831,"items_purged":["conspire:GhostlyStrike"],"score":129,"play_id":"31c7b36a-0127-479b-a687-2e8933feafe3","local_time":"20210117030744","is_ascension_mode":false,"campfire_choices":[{"floor":13,"key":"REST"},{"floor":15,"key":"REST"}],"circlet_count":0,"master_deck":["conspire:GhostlyStrike","conspire:GhostlyStrike","conspire:GhostlyStrike","conspire:GhostlyDefend","conspire:GhostlyDefend","conspire:GhostlyDefend","conspire:GhostlyDefend","Zap","Dualcast","Amplify","Conserve Battery","conspire:SharedLibrary","Ball Lightning","Auto Shields","Cold Snap","Melter"],"relics":["Cracked Core","hubris:Icosahedron","Nunchaku","Frozen Egg 2"],"acts_visited":["Exordium"],"potions_floor_usage":[10,10],"damage_taken":[{"damage":8,"enemies":"Jaw Worm","floor":1,"turns":3},{"damage":3,"enemies":"2 Louse","floor":5,"turns":3},{"damage":54,"enemies":"Gremlin Nob","floor":6,"turns":6},{"damage":0,"enemies":"Small Slimes","floor":7,"turns":2},{"damage":5,"enemies":"Blue Slaver","floor":8,"turns":3},{"damage":0,"enemies":"Large Slime","floor":10,"turns":4},{"damage":0,"enemies":"3 Louse","floor":12,"turns":3},{"damage":0,"enemies":"Looter","floor":14,"turns":3},{"damage":53,"enemies":"Slime Boss","floor":16,"turns":9}],"seed_played":"1639572196694640042","potions_obtained":[{"floor":5,"key":"FocusPotion"},{"floor":6,"key":"blueLaboratory:PyrophylliteBrew"},{"floor":7,"key":"blueLaboratory:FruitPunch"}],"is_trial":false,"path_per_floor":["M","?","?","$","M","E","M","M","T","M","?","M","R","M","R","B"],"character_chosen":"DEFECT","items_purchased":["conspire:SharedLibrary"],"campfire_rested":2,"item_purchase_floors":[4],"current_hp_per_floor":[67,67,67,67,64,10,10,5,5,7,7,7,30,30,53,0,0],"gold":124,"neow_bonus":"ONE_RANDOM_RARE_CARD","is_daily":false,"chose_seed":false,"campfire_upgraded":0,"win_rate":0.0,"timestamp":1610849264,"path_taken":["M","?","?","$","M","E","M","M","T","M","?","?","R","M","R","BOSS"],"items_purchased_type":["Card"],"build_version":"2020-12-22","purchased_purges":1,"victory":false,"max_hp_per_floor":[75,75,75,75,75,75,75,75,75,77,77,77,77,77,77,77,77],"card_choices":[{"not_picked":["Hologram","Blizzard"],"picked":"Conserve Battery","floor":1},{"not_picked":["hubris:Ukulele","Steam Power","Stack"],"picked":"SKIP","floor":5},{"not_picked":["Turbo","Reboot"],"picked":"Ball Lightning","floor":6},{"not_picked":["Skim","Ball Lightning"],"picked":"Auto Shields","floor":7},{"not_picked":["Rip and Tear","Turbo","Compile Driver"],"picked":"SKIP","floor":8},{"not_picked":["Reinforced Body","Blizzard"],"picked":"Cold Snap","floor":10},{"not_picked":["Darkness","Steam","Aggregate"],"picked":"SKIP","floor":12},{"not_picked":["Steam","Consume"],"picked":"Melter","floor":14}],"player_experience":219444,"relics_obtained":[{"floor":6,"key":"Nunchaku"},{"floor":9,"key":"Frozen Egg 2"}],"event_choices":[{"damage_healed":0,"gold_gain":0,"player_choice":"Agree","damage_taken":0,"max_hp_gain":0,"max_hp_loss":0,"event_name":"conspire:LoneGhost","floor":3,"gold_loss":0},{"damage_healed":0,"gold_gain":0,"player_choice":"Leave","damage_taken":0,"max_hp_gain":0,"max_hp_loss":0,"event_name":"conspire:Investor","floor":11,"gold_loss":0}],"is_beta":false,"boss_relics":[],"items_purged_floors":[4],"is_endless":false,"potions_floor_spawned":[5,6,7],"killed_by":"Slime Boss","ascension_level":0}}