{"host":"oqhjdqr9xcmboomw","time":1610902956,"event":{"mods":["2.2 Compatiblity","AchievementEnabler","Act Like it!","Aspiration","BaseMod","Beaked The Cultist","Better Third Choice","Conjunction","Conspire","Disable Question Mark Monsters","Elementarium","Energized Spire","GifTheSpireLib","Halation","Hallownest","Hermit","Hubris","Infinite Spire","Jorbs\u0027s Wanderer Trilogy","Mimic Mod","Minty Spire (QoL Compilation)","Random Character Button","Rare Cards Sparkle","Replay The Spire","Spicy Shops","Spikes Relics","StSLib","Stuff the Spire","The Blackbeard","The Blue Laboratory","The Cursed","The Disciple","The Gatherer","The Hierophant","The Judge","The Mystic","The Saiyan","The Wild Card","Unceasing Turn Reminder","Wandering Minibosses","vexMod"],"gold_per_floor":[118,137,137,151,134,134,146,96,142,142,142,142,142,161,161,211,211,227,227],"floor_reached":18,"language":"ENG","playtime":591,"items_purged":[],"score":122,"play_id":"62ce530d-9207-4121-92bd-aa4c2e8bffb7","local_time":"20210117120236","is_ascension_mode":true,"campfire_choices":[{"data":"WordoMod:BurnMyDread","floor":6,"key":"SMITH"},{"floor":10,"key":"REST"},{"floor":17,"key":"REST"}],"circlet_count":0,"master_deck":["WordoMod:StrikeCard","WordoMod:StrikeCard","WordoMod:StrikeCard","WordoMod:StrikeCard","WordoMod:DefendCard","WordoMod:DefendCard","WordoMod:DefendCard","WordoMod:DefendCard","WordoMod:Accursed","WordoMod:IllWill","hubris:Disease","WordoMod:BurnMyDread+1","WordoMod:BreakChains","WordoMod:GivesYouHell","WordoMod:Sacrilege","WordoMod:Malice","WordoMod:LanternFlame","WordoMod:TheCure","ReplayTheSpireMod:Faulty Equipment","WordoMod:Penitence","Injury","WordoMod:Sacrilege"],"relics":["WordoMod:Obsidian","WordoMod:Effigy","StuffTheSpire:RedRose","halation:IllGainedPizza","Golden Idol","conspire:TopHat"],"acts_visited":["Exordium"],"potions_floor_usage":[14,16],"damage_taken":[{"damage":7,"enemies":"Jaw Worm","floor":1,"turns":3},{"damage":3,"enemies":"conspire:RoseBush","floor":2,"turns":2},{"damage":3,"enemies":"Small Slimes","floor":4,"turns":2},{"damage":40,"enemies":"Exordium Thugs","floor":5,"turns":7},{"damage":9,"enemies":"Blue Slaver","floor":7,"turns":4},{"damage":3,"enemies":"conspire:2 RoseBushes","floor":14,"turns":3},{"damage":17,"enemies":"Gremlin Gang","floor":16,"turns":7},{"damage":37,"enemies":"Hexaghost","floor":18,"turns":9}],"seed_played":"6501228232505331131","potions_obtained":[{"floor":5,"key":"Ancient Potion"},{"floor":7,"key":"Conjunction:LightningMarble"},{"floor":14,"key":"Conjunction:LightningMarble"}],"is_trial":false,"path_per_floor":["M","M","?","M","M","R","M","?","T","R","PTL","PTL","?","M","?","MIM","R","B"],"character_chosen":"JUDGE_CLASS","items_purchased":[],"campfire_rested":2,"item_purchase_floors":[],"current_hp_per_floor":[68,65,65,62,22,22,13,13,13,35,35,35,35,32,32,15,37,0,0],"gold":227,"neow_bonus":"THREE_RARE_CARDS","is_daily":false,"chose_seed":false,"campfire_upgraded":1,"win_rate":0.0,"timestamp":1610902956,"path_taken":["M","M","?","M","M","R","M","?","T","R","PTL","PTL","?","?","?","?","R","BOSS"],"items_purchased_type":[],"build_version":"2020-12-22","purchased_purges":0,"victory":false,"max_hp_per_floor":[75,75,75,75,75,75,75,75,75,75,75,75,75,75,75,75,75,75,75],"card_choices":[{"not_picked":["WordoMod:SurgicalPrecision","WordoMod:HighwayToHell"],"picked":"WordoMod:BurnMyDread","floor":0},{"not_picked":["WordoMod:GivesYouHell","WordoMod:Unchained"],"picked":"WordoMod:BreakChains","floor":1},{"not_picked":["WordoMod:SoulSpear","WordoMod:Plague"],"picked":"WordoMod:GivesYouHell","floor":2},{"not_picked":["WordoMod:ProfanedFlame","WordoMod:ScatterAshes"],"picked":"WordoMod:Sacrilege","floor":4},{"not_picked":["WordoMod:Sickness","WordoMod:CurseBuckler"],"picked":"WordoMod:Malice","floor":5},{"not_picked":["WordoMod:Plague","WordoMod:Hysteria"],"picked":"WordoMod:LanternFlame","floor":7},{"not_picked":["StuffTheSpire:GnomedCurse","Replay:Hysterical Blindness"],"picked":"ReplayTheSpireMod:Faulty Equipment","floor":14},{"not_picked":["WordoMod:Malice","WordoMod:MementoMori"],"picked":"WordoMod:Penitence","floor":14},{"not_picked":["WordoMod:BurdenOfSin","WordoMod:SoulSpear"],"picked":"WordoMod:Sacrilege","floor":16}],"player_experience":979517,"relics_obtained":[{"floor":9,"key":"halation:IllGainedPizza"},{"floor":16,"key":"conspire:TopHat"}],"event_choices":[{"cards_removed":["Regret"],"damage_healed":0,"gold_gain":0,"player_choice":"Card Removal","damage_taken":0,"max_hp_gain":0,"max_hp_loss":0,"event_name":"The Cleric","floor":8,"gold_loss":50},{"damage_healed":0,"gold_gain":0,"player_choice":"1 cards matched","damage_taken":0,"max_hp_gain":0,"max_hp_loss":0,"event_name":"Match and Keep!","floor":13,"gold_loss":0,"cards_obtained":["WordoMod:TheCure"]},{"damage_healed":0,"gold_gain":0,"player_choice":"1 cards matched","damage_taken":0,"max_hp_gain":0,"max_hp_loss":0,"event_name":"Match and Keep!","floor":13,"gold_loss":0,"cards_obtained":["WordoMod:TheCure"]},{"damage_healed":0,"gold_gain":0,"player_choice":"Take Wound","damage_taken":0,"relics_obtained":["Golden Idol"],"max_hp_gain":0,"max_hp_loss":0,"event_name":"Golden Idol","floor":15,"gold_loss":0,"cards_obtained":["Injury"]}],"is_beta":false,"boss_relics":[],"items_purged_floors":[],"is_endless":false,"potions_floor_spawned":[5,7,14],"killed_by":"Hexaghost","ascension_level":4}}