{"host":"glie9zdv5okcpa63","time":1610851707,"event":{"mods":["AchievementEnabler","BaseMod","Colored Map","Downfall","Energized Spire","Googly Eyes","Highlight Path","Hubris","Ironclad Rager","Minty Spire (QoL Compilation)","Reworked Bosses","Shop Mod","StSLib","The Cursed","The Necromancer","The Servant 0.9.4"],"gold_per_floor":[116,127,127,202,202,230,230,240,240,22,52,52,62,81,81,186,186,196,208,208,222,232,232,232,232,232,232,249,263,263,293,293,394,394,414,414,414,414,18,18,18,18],"floor_reached":41,"language":"ENG","playtime":2830,"items_purged":["Defend_S"],"score":466,"play_id":"7aac96f5-5eda-4cfc-a136-9e73f97245d1","local_time":"20210117024827","is_ascension_mode":true,"campfire_choices":[{"data":"KidneyShot","floor":7.0,"key":"SMITH"},{"data":"Exchange","floor":12.0,"key":"SMITH"},{"data":"SilverBlades","floor":15.0,"key":"SMITH"},{"data":"Sunlight","floor":23.0,"key":"SMITH"},{"data":"Starlight","floor":30.0,"key":"SMITH"},{"data":"Dilation","floor":32.0,"key":"SMITH"},{"data":"Contraction","floor":40,"key":"SMITH"}],"circlet_count":0,"master_deck":["Strike_S+1","Strike_S+1","Strike_S+1","Defend_S+1","Defend_S+1","Defend_S+1","KidneyShot+1","Exchange+1","TimeWarp","FlawlessForm+1","Contraction+1","TimeWarp","Starlight+1","SilverBlades+1","Sunlight+1","SpecialFormula","Starlight+1","Spin","Ricochet+1","Dilation+1","MurderousAura+1","CurseOfTheBell"],"relics":["Uniform","Boot","Bottled Tornado","StoneCalendar","Lee\u0027s Waffle","Lantern","Kunai","Nunchaku","hubris:Icosahedron","Toy Ornithopter","Nloth\u0027s Gift","Mercury Hourglass","Calling Bell","Anchor","hubris:MysteriousPyramids","Turnip","hubris:SlimyHat","Blue Candle","Pen Nib"],"acts_visited":["Exordium","TheCity","TheBeyond"],"potions_floor_usage":[],"damage_taken":[{"damage":0.0,"enemies":"Jaw Worm","floor":1.0,"turns":4.0},{"damage":0.0,"enemies":"2 Louse","floor":2.0,"turns":3.0},{"damage":13.0,"enemies":"Gremlin Nob","floor":6.0,"turns":6.0},{"damage":0.0,"enemies":"Small Slimes","floor":8.0,"turns":3.0},{"damage":0.0,"enemies":"Lagavulin","floor":11.0,"turns":7.0},{"damage":0.0,"enemies":"3 Louse","floor":13.0,"turns":3.0},{"damage":0.0,"enemies":"Blue Slaver","floor":14.0,"turns":3.0},{"damage":13.0,"enemies":"Hexaghost","floor":16.0,"turns":7.0},{"damage":0.0,"enemies":"Shell Parasite","floor":18.0,"turns":5.0},{"damage":0.0,"enemies":"3 Byrds","floor":19.0,"turns":3.0},{"damage":10.0,"enemies":"Cultist and Chosen","floor":21.0,"turns":5.0},{"damage":5.0,"enemies":"Snake Plant","floor":22.0,"turns":4.0},{"damage":13.0,"enemies":"Shelled Parasite and Fungi","floor":28.0,"turns":6.0},{"damage":10.0,"enemies":"Snecko","floor":29.0,"turns":5.0},{"damage":18.0,"enemies":"Slavers","floor":31.0,"turns":3.0},{"damage":4.0,"enemies":"bossMod:newCollector","floor":33.0,"turns":8.0},{"damage":0,"enemies":"3 Shapes","floor":35,"turns":2},{"damage":88,"enemies":"Nemesis","floor":41,"turns":6}],"seed_played":"8638569993918346173","potions_obtained":[{"floor":8.0,"key":"DuplicationPotion"},{"floor":13.0,"key":"SteroidPotion"},{"floor":14.0,"key":"CultistPotion"},{"floor":16.0,"key":"Energy Potion"},{"floor":21.0,"key":"bronze:BurnAndBuffPotion"},{"floor":29.0,"key":"Energy Potion"},{"floor":31.0,"key":"sneckomod:MuddlingPotion"}],"is_trial":false,"path_per_floor":["M","M","?","?","?","E","R","M","T","$","E","R","M","M","R","B",null,"M","M","?","M","M","R","?","?","T","?","M","M","R","E","R","B",null,"M","?","$","T","$","R","E"],"character_chosen":"THE_SERVANT","items_purchased":["Lee\u0027s Waffle","Blue Candle","Pen Nib"],"campfire_rested":0,"item_purchase_floors":[10,39,39],"current_hp_per_floor":[65,65,65,54,47,34,34,34,34,72,72,72,72,72,72,59,72,72,72,72,62,62,62,62,62,62,62,59,54,54,51,51,52,72,72,72,72,72,72,72,0,0],"gold":18,"neow_bonus":"RANDOM_COMMON_RELIC","is_daily":false,"chose_seed":false,"campfire_upgraded":7,"win_rate":0.0,"timestamp":1610851707,"path_taken":["M","M","?","?","?","E","R","M","T","?","E","R","M","M","R","BOSS","M","M","?","M","M","R","?","?","T","?","?","M","R","E","R","BOSS","M","?","?","?","$","R","E"],"items_purchased_type":["Relic","Relic","Relic"],"build_version":"2020-12-22","purchased_purges":1,"victory":false,"max_hp_per_floor":[65,65,65,65,65,65,65,65,65,72,72,72,72,72,72,72,72,72,72,72,72,72,72,72,72,72,72,72,72,72,72,72,72,72,72,72,72,72,72,72,72,72],"card_choices":[{"not_picked":["Alleviate","BottledTime"],"picked":"TimeWarp","floor":1.0},{"not_picked":["Spin","MoonPhase"],"picked":"FlawlessForm","floor":2.0},{"not_picked":["Desolation","Read"],"picked":"Contraction","floor":6.0},{"not_picked":["StarChef","Replace"],"picked":"TimeWarp","floor":8.0},{"not_picked":["Alleviate","FanOfKnives","BottledTime"],"picked":"SKIP","floor":11.0},{"not_picked":["Rearm","Deadline"],"picked":"Starlight","floor":13.0},{"not_picked":["Barrier","FastForward"],"picked":"SilverBlades","floor":14.0},{"not_picked":["ForgedInTime","TrueSight"],"picked":"Sunlight","floor":16.0},{"not_picked":["BottledTime","Spin","FastForward"],"picked":"SKIP","floor":18.0},{"not_picked":["Unruled","Revamp","Deadline"],"picked":"SKIP","floor":19.0},{"not_picked":["Deadline","RealityMarble"],"picked":"SpecialFormula","floor":21.0},{"not_picked":["Snipe","Alleviate+1"],"picked":"Starlight+1","floor":22.0},{"not_picked":["WasteNot","BestPractice"],"picked":"Spin","floor":28.0},{"not_picked":["Alleviate","Reset"],"picked":"Ricochet+1","floor":29.0},{"not_picked":["Read","Replace"],"picked":"Dilation","floor":31.0},{"not_picked":["TrueSight","PendulumOfEternity"],"picked":"MurderousAura","floor":33.0},{"not_picked":["FloweringNight","BottledTime","Starlight"],"picked":"SKIP","floor":35}],"player_experience":394643,"relics_obtained":[{"floor":6.0,"key":"Bottled Tornado"},{"floor":9.0,"key":"StoneCalendar"},{"floor":11.0,"key":"Lantern"},{"floor":26.0,"key":"Toy Ornithopter"},{"floor":31.0,"key":"Mercury Hourglass"},{"floor":34,"key":"Anchor"},{"floor":34,"key":"hubris:MysteriousPyramids"},{"floor":34,"key":"Turnip"},{"floor":38,"key":"hubris:SlimyHat"}],"event_choices":[{"damage_healed":0.0,"max_hp_gain":0.0,"max_hp_loss":0.0,"gold_gain":0.0,"event_name":"Living Wall","player_choice":"Grow","floor":3.0,"gold_loss":0.0,"damage_taken":0.0,"cards_upgraded":["FlawlessForm"]},{"damage_healed":0.0,"max_hp_gain":0.0,"max_hp_loss":0.0,"gold_gain":75.0,"event_name":"World of Goop","player_choice":"Gather Gold","floor":4.0,"gold_loss":0.0,"damage_taken":11.0},{"cards_removed":["Strike_S"],"damage_healed":0.0,"max_hp_gain":0.0,"max_hp_loss":0.0,"gold_gain":0.0,"event_name":"Golden Wing","player_choice":"Card Removal","floor":5.0,"gold_loss":0.0,"damage_taken":7.0},{"damage_healed":0.0,"max_hp_gain":0.0,"max_hp_loss":0.0,"gold_gain":0.0,"event_name":"The Mausoleum","player_choice":"Opened","floor":20.0,"gold_loss":0.0,"damage_taken":0.0,"relics_obtained":["Nunchaku"]},{"damage_healed":0.0,"max_hp_gain":0.0,"max_hp_loss":0.0,"gold_gain":0.0,"event_name":"Back to Basics","player_choice":"Simplicity","floor":24.0,"gold_loss":0.0,"damage_taken":0.0,"cards_upgraded":["Strike_S","Strike_S","Strike_S","Defend_S","Defend_S","Defend_S"]},{"damage_healed":0.0,"max_hp_gain":0.0,"max_hp_loss":0.0,"gold_gain":0.0,"event_name":"N\u0027loth","player_choice":"Traded Relic","floor":27.0,"relics_lost":["hubris:Backtick"],"gold_loss":0.0,"damage_taken":0.0,"relics_obtained":["Nloth\u0027s Gift"]}],"is_beta":false,"boss_relics":[{"not_picked":["Ectoplasm","Snecko Eye"],"picked":"hubris:Backtick"},{"not_picked":["SacredBark","hubris:GrandSneckoEye"],"picked":"Calling Bell"}],"items_purged_floors":[10],"is_endless":false,"potions_floor_spawned":[8,13,14,16,21,29,31],"killed_by":"Nemesis","ascension_level":1}}