{"host":"kvh5342rl0c7vxi5","time":1610841891,"event":{"mods":["BaseMod","Downfall","Hermit","Jorbs\u0027s Wanderer Trilogy","Minty Spire (QoL Compilation)","Quick Restart","StSLib","SuperFastMode","The Poker Player"],"gold_per_floor":[117,127,127,146,166,198,198,231,231,260,29,29,61,61,61,162,162,174,174,188,32,48,48,73,73,73,73,108,125,152,52,52,151,151,163,163,218,318,318,318,337,349,349,94,110,110,110],"floor_reached":46,"language":"ENG","playtime":1799,"items_purged":["hermit:Strike_Hermit","hermit:Strike_Hermit","downfall:Bewildered"],"score":978,"play_id":"6ab0e48d-b272-47ac-abff-7f071903be5d","local_time":"20210116190451","is_ascension_mode":true,"campfire_choices":[{"floor":7,"key":"REST"},{"data":"hermit:TakeAim","floor":15,"key":"SMITH"},{"floor":23,"key":"REST"},{"data":"hermit:Determination","floor":25,"key":"SMITH"},{"floor":32,"key":"REST"}],"circlet_count":0,"master_deck":["hermit:Defend_Hermit","hermit:Defend_Hermit","hermit:Defend_Hermit","hermit:Snapshot","hermit:Covet","hermit:Headshot","hermit:Combo","Pain","hermit:HoleUp","hermit:BigShot","hermit:BlackWind","hermit:BigShot","hermit:TakeAim+1","hermit:Roughhouse","hermit:EyeOfTheStorm","hermit:Determination+1","Shame","hermit:HoleUp+1","hermit:LowProfile+1","hermit:HeroicBravado+1","hermit:Virtue+1","hermit:TrackingShot","Normality","Clumsy","downfall:Icky","downfall:Aged","downfall:Icky","hermit:Dissolve","Pain","Doubt","hermit:Manifest","hermit:BigShot"],"relics":["hermit:Momento","WarpedTongs","Gambling Chip","White Beast Statue","Mercury Hourglass","Tiny Chest","DollysMirror","Art of War","Pocketwatch","bronze:MakeshiftBattery","HornCleat","hermit:PetGhost","Oddly Smooth Stone","Happy Flower","Vajra","Pantograph","Singing Bowl","Astrolabe","Potion Belt","Cursed Key","Ornamental Fan"],"acts_visited":["Exordium","TheCity","TheBeyond"],"potions_floor_usage":[6,6,8,10,13,20,22,24,28,30,33,33,40,40,40,41,42,42,45,46,46],"damage_taken":[{"damage":2,"enemies":"2 Louse","floor":1,"turns":3},{"damage":1,"enemies":"Cultist","floor":2,"turns":3},{"damage":4,"enemies":"Jaw Worm","floor":4,"turns":4},{"damage":8,"enemies":"Blue Slaver","floor":5,"turns":4},{"damage":20,"enemies":"Lagavulin","floor":6,"turns":5},{"damage":18,"enemies":"Gremlin Nob","floor":8,"turns":4},{"damage":20,"enemies":"Lagavulin","floor":10,"turns":8},{"damage":0,"enemies":"Gremlin Nob","floor":13,"turns":2},{"damage":14,"enemies":"The Guardian","floor":16,"turns":9},{"damage":12,"enemies":"2 Thieves","floor":18,"turns":4},{"damage":10,"enemies":"Spheric Guardian","floor":20,"turns":4},{"damage":13,"enemies":"Centurion and Healer","floor":22,"turns":6},{"damage":0,"enemies":"Gremlin Leader","floor":24,"turns":4},{"damage":14,"enemies":"Book of Stabbing","floor":28,"turns":4},{"damage":6,"enemies":"Snake Plant","floor":29,"turns":4},{"damage":0,"enemies":"Slavers","floor":30,"turns":4},{"damage":57,"enemies":"Collector","floor":33,"turns":7},{"damage":17,"enemies":"3 Darklings","floor":35,"turns":6},{"damage":7,"enemies":"Giant Head","floor":40,"turns":11},{"damage":9,"enemies":"Orb Walker","floor":41,"turns":3},{"damage":1,"enemies":"Jaw Worm Horde","floor":42,"turns":5},{"damage":34,"enemies":"Maw","floor":45,"turns":8},{"damage":100030,"enemies":"Reptomancer","floor":46,"turns":4}],"seed_played":"149617671391065256","potions_obtained":[{"floor":0,"key":"hermit:Eclipse"},{"floor":0,"key":"FearPotion"},{"floor":0,"key":"Swift Potion"},{"floor":5,"key":"Regen Potion"},{"floor":6,"key":"FearPotion"},{"floor":10,"key":"SteroidPotion"},{"floor":13,"key":"SkillPotion"},{"floor":16,"key":"ColorlessPotion"},{"floor":18,"key":"AttackPotion"},{"floor":20,"key":"Slimebound:ThreeZeroPotion"},{"floor":22,"key":"Dexterity Potion"},{"floor":24,"key":"FearPotion"},{"floor":28,"key":"LiquidMemories"},{"floor":30,"key":"PowerPotion"},{"floor":33,"key":"SmokeBomb"},{"floor":35,"key":"SkillPotion"},{"floor":41,"key":"EntropicBrew"},{"floor":42,"key":"ColorlessPotion"},{"floor":45,"key":"Swift Potion"}],"is_trial":false,"path_per_floor":["M","M","?","M","M","E","R","E","T","E","$","?","E","$","R","B",null,"M","T","M","$","M","R","E","R","T","?","E","M","E","$","R","B",null,"M","?","T","?","?","E","M","M","T","$","M","E"],"character_chosen":"HERMIT","items_purchased":["DollysMirror","hermit:PetGhost","hermit:Manifest","hermit:BigShot"],"campfire_rested":3,"item_purchase_floors":[11,21,44,44],"current_hp_per_floor":[66,65,65,61,53,33,55,37,37,32,32,29,29,29,29,15,60,48,48,38,38,25,47,47,47,47,47,33,27,29,29,52,22,65,48,48,48,53,53,46,39,40,40,40,8,0,0],"gold":110,"neow_bonus":"THREE_SMALL_POTIONS","is_daily":false,"chose_seed":false,"campfire_upgraded":2,"win_rate":0.0,"timestamp":1610841891,"path_taken":["M","M","?","M","M","E","R","E","T","E","?","?","E","?","R","BOSS","M","?","M","$","M","R","E","R","T","?","E","M","E","?","R","BOSS","M","?","?","?","?","E","?","M","T","$","M","E"],"items_purchased_type":["Relic","Relic","Card","Card"],"build_version":"2020-12-22","purchased_purges":3,"victory":false,"max_hp_per_floor":[75,75,75,75,75,75,75,75,75,75,75,75,75,75,75,75,75,75,75,75,75,75,75,75,75,75,75,75,75,77,77,77,79,79,79,79,79,84,84,84,86,88,88,88,90,90,90],"card_choices":[{"not_picked":["hermit:HighCaliber","hermit:Showdown"],"picked":"hermit:Headshot","floor":1},{"not_picked":["hermit:BodyArmor","hermit:CalledShot"],"picked":"hermit:Combo","floor":2},{"not_picked":["hermit:ItchyTrigger","hermit:Headshot","hermit:Roulette"],"picked":"SKIP","floor":4},{"not_picked":["hermit:Roulette","hermit:Midnight"],"picked":"hermit:HoleUp","floor":5},{"not_picked":["hermit:LowProfile","hermit:DeadMansHand"],"picked":"hermit:BigShot","floor":6},{"not_picked":["hermit:Feint","hermit:CalledShot","hermit:DeadMansHand"],"picked":"SKIP","floor":8},{"not_picked":["hermit:Malice","hermit:Manifest"],"picked":"hermit:BlackWind","floor":10},{"not_picked":["hermit:Desperado","hermit:HighNoon"],"picked":"hermit:TakeAim","floor":13},{"not_picked":["hermit:Magnum","hermit:HighNoon"],"picked":"hermit:Roughhouse","floor":16},{"not_picked":["hermit:Midnight","hermit:ShadowCloak","hermit:Maintenance"],"picked":"SKIP","floor":18},{"not_picked":["hermit:Manifest","hermit:Vantage"],"picked":"hermit:EyeOfTheStorm","floor":20},{"not_picked":["hermit:Desperado","hermit:Coalescence","hermit:CalledShot"],"picked":"SKIP","floor":22},{"not_picked":["hermit:Manifest+1","hermit:Feint"],"picked":"hermit:Determination","floor":24},{"not_picked":["hermit:Shortfuse","hermit:Feint"],"picked":"hermit:HoleUp+1","floor":28},{"not_picked":["hermit:DeadMansHand+1","hermit:BlackWind","hermit:CalledShot"],"picked":"SKIP","floor":29},{"not_picked":["hermit:CursedWeapon","hermit:SprayPray","hermit:OverwhelmingPower"],"picked":"Singing Bowl","floor":30},{"not_picked":["hermit:OverwhelmingPower","hermit:Reprieve","hermit:HeroicBravado"],"picked":"Singing Bowl","floor":33},{"not_picked":["hermit:Feint","hermit:HighCaliber+1"],"picked":"hermit:TrackingShot","floor":35},{"not_picked":["hermit:Quickdraw","hermit:Feint","hermit:Ricochet"],"picked":"Singing Bowl","floor":41},{"not_picked":["hermit:WideOpen+1","hermit:Quickdraw+1","hermit:Horror+1"],"picked":"Singing Bowl","floor":42},{"not_picked":["hermit:Feint","hermit:WideOpen+1","hermit:Manifest+1"],"picked":"Singing Bowl","floor":45}],"player_experience":546633,"relics_obtained":[{"floor":6,"key":"Gambling Chip"},{"floor":8,"key":"White Beast Statue"},{"floor":9,"key":"Mercury Hourglass"},{"floor":10,"key":"Tiny Chest"},{"floor":13,"key":"Pocketwatch"},{"floor":19,"key":"HornCleat"},{"floor":24,"key":"Oddly Smooth Stone"},{"floor":26,"key":"Happy Flower"},{"floor":28,"key":"Pantograph"},{"floor":30,"key":"Singing Bowl"},{"floor":37,"key":"Potion Belt"},{"floor":43,"key":"Ornamental Fan"}],"event_choices":[{"damage_healed":0,"gold_gain":0,"player_choice":"Rummage","damage_taken":0,"relics_obtained":["WarpedTongs"],"max_hp_gain":0,"max_hp_loss":0,"event_name":"Accursed Blacksmith","floor":3,"gold_loss":0,"cards_obtained":["Pain"]},{"damage_healed":0,"gold_gain":0,"player_choice":"Success","damage_taken":3,"relics_obtained":["Art of War"],"max_hp_gain":0,"max_hp_loss":0,"event_name":"Scrap Ooze","floor":12,"gold_loss":0},{"damage_healed":0,"gold_gain":0,"player_choice":"Stole Relic","damage_taken":0,"relics_obtained":["Vajra"],"max_hp_gain":0,"max_hp_loss":0,"event_name":"Addict","floor":27,"gold_loss":0,"cards_obtained":["Shame"]},{"damage_healed":0,"gold_gain":0,"player_choice":"Got Potions","damage_taken":0,"max_hp_gain":0,"max_hp_loss":0,"event_name":"Lab","floor":36,"gold_loss":0},{"damage_healed":0,"gold_gain":0,"player_choice":"Ignored","damage_taken":0,"max_hp_gain":0,"max_hp_loss":0,"event_name":"Tomb of Lord Red Mask","floor":39,"gold_loss":0}],"is_beta":false,"boss_relics":[{"not_picked":["Ectoplasm","Velvet Choker"],"picked":"bronze:MakeshiftBattery"},{"not_picked":["Tiny House","Snecko Eye"],"picked":"Astrolabe"}],"items_purged_floors":[11,31,44],"is_endless":false,"potions_floor_spawned":[2,5,6,10,13,16,18,20,22,24,28,29,30,33,35,40,41,42,45],"killed_by":"Reptomancer","ascension_level":8}}