{"host":"d5i1qeb9dejicw1z","time":1610860802,"event":{"mods":["AchievementEnabler","BaseMod","Better Note","BetterRewards","Downfall","Gold Saver","Hermit","Minty Spire (QoL Compilation)","StSLib"],"gold_per_floor":[343,356,456,606,606,606,606,639,710,710,710,722,741,218,236,331,331,331,342,26,26,44,44,44,56,68,53,53,53,53,65,97,211,223,235,258,270,302,314,341,376,578,597,615,114,133,133,150,161,161],"floor_reached":51,"language":"ENG","playtime":3646,"items_purged":[],"score":724,"play_id":"32b3694e-f92f-489d-a1bc-3343d0ac4b3a","local_time":"20210116212002","is_ascension_mode":false,"campfire_choices":[{"data":"Guardian:CurlUp","floor":1,"key":"SMITH"},{"data":"Guardian:TwinSlam","floor":6,"key":"SMITH"},{"data":"Guardian:EvasiveProtocol","floor":10,"key":"SMITH"},{"data":"expansioncontent:QuickStudy","floor":18,"key":"SMITH"},{"data":"Guardian:PrismaticBeam","floor":23,"key":"SMITH"},{"data":"Guardian:BaubleBeam","floor":29,"key":"SMITH"},{"data":"Guardian:CompilePackage","floor":35,"key":"SMITH"}],"circlet_count":0,"master_deck":["Guardian:Strike_Guardian","Guardian:Strike_Guardian","Guardian:Strike_Guardian","Guardian:Defend_Guardian","Guardian:Defend_Guardian","Guardian:Defend_Guardian","Guardian:Defend_Guardian","Guardian:CurlUp+1","Guardian:TwinSlam+1","Guardian:EvasiveProtocol+1","Guardian:PrimingBeam","Guardian:PrismaticBeam+1","expansioncontent:QuickStudy+1","Guardian:BaubleBeam+1","Guardian:RevengeProtocol","expansioncontent:QuickStudy+1","Guardian:PiercingHide","Guardian:StasisStrike","Guardian:CompilePackage+1","Guardian:Gem_White","Guardian:EvasiveProtocol+1","Guardian:CrystalBeam","Guardian:StasisEngine","Guardian:Gem_Red","Guardian:RevengeProtocol","Guardian:Gem_Lightblue","Guardian:FloatingOrbs","Guardian:FloatingOrbs+1","Parasite","Guardian:Planning+1","Guardian:Gem_Yellow"],"relics":["Guardian:ModeShifter","Guardian:StasisCodex","Centennial Puzzle","Sundial","Bronze Scales","Guardian:StasisSlotReductionRelic","Ginger","Pear","MawBank","SacredBark","Regal Pillow","Strawberry","Thread and Needle"],"acts_visited":["Exordium","TheCity","TheBeyond"],"potions_floor_usage":[16,16,16,20,26,33,36,43,50,50,50],"damage_taken":[{"damage":5,"enemies":"Small Slimes","floor":2,"turns":5},{"damage":23,"enemies":"Lagavulin","floor":8,"turns":7},{"damage":1,"enemies":"Jaw Worm","floor":12,"turns":4},{"damage":0,"enemies":"2 Louse","floor":13,"turns":3},{"damage":0,"enemies":"downfall:FleeingMerchant","floor":14,"turns":4},{"damage":14,"enemies":"Exordium Wildlife","floor":15,"turns":5},{"damage":16,"enemies":"DF_ARCHETYPE_STREAMLINE","floor":16,"turns":8},{"damage":3,"enemies":"Chosen","floor":19,"turns":3},{"damage":0,"enemies":"downfall:FleeingMerchant","floor":20,"turns":4},{"damage":0,"enemies":"Spheric Guardian","floor":22,"turns":5},{"damage":6,"enemies":"Snake Plant","floor":25,"turns":3},{"damage":0,"enemies":"Snecko","floor":26,"turns":5},{"damage":15,"enemies":"downfall:FleeingMerchant","floor":27,"turns":4},{"damage":1,"enemies":"Shelled Parasite and Fungi","floor":32,"turns":4},{"damage":25,"enemies":"WA_ARCHETYPE_CALM","floor":33,"turns":10},{"damage":0,"enemies":"3 Shapes","floor":36,"turns":4},{"damage":13,"enemies":"Orb Walker","floor":38,"turns":4},{"damage":0,"enemies":"Sphere and 2 Shapes","floor":40,"turns":4},{"damage":0,"enemies":"downfall:FleeingMerchant","floor":42,"turns":1},{"damage":0,"enemies":"Jaw Worm Horde","floor":43,"turns":4},{"damage":22,"enemies":"4 Shapes","floor":44,"turns":6},{"damage":8,"enemies":"Transient","floor":46,"turns":5},{"damage":4,"enemies":"Writhing Mass","floor":48,"turns":5},{"damage":7,"enemies":"3 Darklings","floor":49,"turns":4},{"damage":43,"enemies":"SI_POISON_ARCHETYPE","floor":50,"turns":7}],"seed_played":"-3484511905900430452","potions_obtained":[{"floor":2,"key":"sneckomod:MuddlingPotion"},{"floor":8,"key":"Guardian:StasisDiscoveryPotion"},{"floor":16,"key":"SteroidPotion"},{"floor":25,"key":"AttackPotion"},{"floor":26,"key":"SneckoOil"},{"floor":32,"key":"hexamod:SoulburnPotion"},{"floor":36,"key":"Guardian:DefensiveModePotion"},{"floor":43,"key":"BlessingOfTheForge"},{"floor":44,"key":"bronze:BurnAndBuffPotion"}],"is_trial":false,"path_per_floor":["R","M","?","?","?","R","T","E","T","R","?","M","M","$","M","B",null,"R","M","$","T","M","R","T","M","M","$","?","R","?","?","M","B",null,"R","M","?","M","?","M","T","$","M","M","$","M","$","M","M","B",null],"character_chosen":"GUARDIAN","items_purchased":["expansioncontent:QuickStudy","Guardian:BaubleBeam","Guardian:Gem_Red","Bronze Scales","PowerPotion","Guardian:Gem_Green","Guardian:Gem_Crimson","expansioncontent:QuickStudy+1","Strawberry","Guardian:Gem_Lightblue","Guardian:FloatingOrbs","Thread and Needle","EssenceOfSteel"],"campfire_rested":0,"item_purchase_floors":[14,14,14,14,14,20,20,20,42,45,45,45,45],"current_hp_per_floor":[80,75,75,75,75,75,75,52,52,52,57,56,56,56,42,26,85,85,82,82,82,82,82,92,86,86,71,71,71,71,71,70,45,95,95,95,95,82,82,82,82,89,89,67,67,59,59,55,48,5],"gold":161,"neow_bonus":"HUNDRED_GOLD","is_daily":false,"chose_seed":false,"campfire_upgraded":7,"win_rate":0.0,"timestamp":1610860802,"path_taken":["R","M","?","?","?","R","T","E","?","R","?","?","M","?","M","BOSS","R","M","$","?","M","R","T","?","M","$","?","R","?","?","M","BOSS","R","M","?","M","?","M","T","?","M","M","$","M","$","M","M","BOSS"],"items_purchased_type":["Card","Card","Card","Relic","Potion","Card","Card","Card","Relic","Card","Card","Relic","Potion"],"build_version":"2020-12-22","purchased_purges":0,"victory":true,"max_hp_per_floor":[80,80,80,80,80,80,80,80,80,80,85,85,85,85,85,85,85,85,85,85,85,85,85,95,95,95,95,95,95,95,95,95,95,95,95,95,95,95,95,95,95,102,102,102,102,102,102,102,102,102],"card_choices":[{"not_picked":["Guardian:MultiBeam","Guardian:Reroute"],"picked":"Guardian:Gem_Lightblue","floor":2},{"not_picked":["Guardian:TimeCapacitor","Guardian:TemporalShield"],"picked":"Guardian:EvasiveProtocol","floor":8},{"not_picked":["Guardian:ShieldCharger","Guardian:BronzeArmor"],"picked":"Guardian:Gem_Cyan","floor":12},{"not_picked":["Guardian:MultiBeam","Guardian:Emergency"],"picked":"Guardian:PrimingBeam","floor":13},{"not_picked":["Guardian:WalkerClaw","Guardian:VentSteam"],"picked":"Guardian:PrismaticBeam","floor":14},{"not_picked":["Guardian:PrimingBeam","Guardian:ShieldCharger"],"picked":"Guardian:Gem_Red","floor":15},{"not_picked":["Guardian:GatlingBeam","Guardian:GemFire"],"picked":"Guardian:RevengeProtocol","floor":16},{"not_picked":["Guardian:FuturePlans","Guardian:TemporalStrike+1","Guardian:PrimingBeam"],"picked":"SKIP","floor":19},{"not_picked":["Guardian:ShieldCharger","Guardian:RollAttack+1"],"picked":"Guardian:Gem_Cyan","floor":20},{"not_picked":["Guardian:MultiBeam","Guardian:PrismaticBeam"],"picked":"Guardian:Gem_Crimson","floor":22},{"not_picked":["Guardian:TimeCapacitor","Guardian:RefractedBeam"],"picked":"Guardian:PiercingHide","floor":25},{"not_picked":["Guardian:Preprogram","Guardian:TemporalStrike"],"picked":"Guardian:Gem_Red","floor":26},{"not_picked":["Guardian:Suspension+1","Guardian:DonusPower+1"],"picked":"Guardian:Gem_White","floor":27},{"not_picked":["Guardian:Gem_Red","Guardian:PiercingHide"],"picked":"Guardian:StasisStrike","floor":32},{"not_picked":["Guardian:BaubleBeam","Guardian:TimeSifter"],"picked":"Guardian:CompilePackage","floor":33},{"not_picked":["Guardian:VentSteam","Guardian:ShieldCharger+1","Guardian:PrimingBeam+1"],"picked":"SKIP","floor":36},{"not_picked":["Guardian:Gem_Green","Guardian:TemporalStrike"],"picked":"Guardian:EvasiveProtocol+1","floor":38},{"not_picked":["Guardian:Suspension+1","Guardian:TemporalStrike"],"picked":"Guardian:CrystalBeam","floor":40},{"not_picked":["Guardian:Gem_Red","Guardian:Reroute"],"picked":"Guardian:StasisEngine","floor":42},{"not_picked":["Guardian:Gem_Green","Guardian:PiercingHide"],"picked":"Guardian:Gem_Red","floor":43},{"not_picked":["Guardian:ShieldSpikes+1","Guardian:RollAttack+1"],"picked":"Guardian:RevengeProtocol","floor":44},{"not_picked":["Guardian:ShieldSpikes","Guardian:WalkerClaw+1"],"picked":"Guardian:FloatingOrbs+1","floor":46},{"not_picked":["Guardian:PrismaticBeam","Guardian:Gem_Cyan"],"picked":"Guardian:Planning+1","floor":48},{"not_picked":["Guardian:PrimingBeam","Guardian:GuardianWhirl+1"],"picked":"Guardian:Gem_Yellow","floor":49}],"player_experience":1206202,"relics_obtained":[{"floor":7,"key":"Guardian:StasisCodex"},{"floor":8,"key":"Centennial Puzzle"},{"floor":9,"key":"Sundial"},{"floor":21,"key":"Ginger"},{"floor":24,"key":"Pear"},{"floor":41,"key":"Regal Pillow"}],"event_choices":[{"cards_removed":["downfall:Icky"],"damage_healed":0,"gold_gain":0,"player_choice":"Card Removal","damage_taken":0,"max_hp_gain":0,"max_hp_loss":0,"event_name":"The Cleric","floor":5,"gold_loss":0},{"damage_healed":0,"gold_gain":0,"player_choice":"Donut","damage_taken":0,"max_hp_gain":5,"max_hp_loss":0,"event_name":"Big Fish","floor":11,"gold_loss":0},{"cards_removed":["Guardian:Strike_Guardian"],"damage_healed":0,"gold_gain":0,"player_choice":"Give","damage_taken":0,"max_hp_gain":0,"max_hp_loss":0,"event_name":"betterNote:BetterNote","floor":28,"gold_loss":0,"cards_obtained":["Strike_G"]},{"damage_healed":0,"gold_gain":0,"player_choice":"Ignored","damage_taken":0,"max_hp_gain":0,"max_hp_loss":0,"event_name":"Ghosts","floor":31,"gold_loss":0}],"is_beta":false,"boss_relics":[{"not_picked":["Calling Bell","Tiny House"],"picked":"Guardian:StasisSlotReductionRelic"},{"not_picked":["Coffee Dripper","Velvet Choker"],"picked":"SacredBark"}],"items_purged_floors":[],"is_endless":false,"potions_floor_spawned":[2,8,16,25,26,32,36,43,44],"ascension_level":0}}