{"host":"l60rmjjsfi0fipmi","time":1610909060,"event":{"mods":["BaseMod","Colored Map","DeckTracker","Highlight Path","Minty Spire (QoL Compilation)","StSLib","The Cursed","The Servant 0.9.4"],"gold_per_floor":[118,138,98,118,118,118,145,145,145,145,31,45,10,41,41,138,138,151,164,64,84,84,84,113,113,113,124,135,135,153,82,82,179,179,198,210,228,245,245,273,273,573,573,585,585,585,21,31,31,31],"floor_reached":51,"language":"ENG","playtime":4809,"items_purged":["TheCursedMod:Strike_TheCursed","TheCursedMod:Defend_TheCursed","TheCursedMod:Strike_TheCursed"],"score":883,"play_id":"c30c3009-1bb0-4e0c-9c87-6aef60904b01","local_time":"20210117134420","is_ascension_mode":true,"campfire_choices":[{"data":"TheCursedMod:ReleasedKnowledge","floor":6,"key":"SMITH"},{"data":"TheCursedMod:TacticalStrike","floor":10,"key":"SMITH"},{"data":"TheCursedMod:Hemoplague","floor":15,"key":"SMITH"},{"data":"TheCursedMod:CleanUpWorkshop","floor":23,"key":"SMITH"},{"floor":29,"key":"REST"},{"floor":32,"key":"REST"},{"floor":41,"key":"REST"},{"floor":45,"key":"REST"},{"floor":49,"key":"REST"}],"circlet_count":0,"master_deck":["TheCursedMod:Strike_TheCursed","TheCursedMod:Defend_TheCursed","TheCursedMod:Defend_TheCursed","TheCursedMod:CursedWand","TheCursedMod:CleanUpWorkshop+1","TheCursedMod:Dregs","Shame","Apotheosis+1","TheCursedMod:TacticalStrike+1","TheCursedMod:DoubleShield","TheCursedMod:ReleasedKnowledge+1","TheCursedMod:CursedBlade","TheCursedMod:CircleOfAbyss","TheCursedMod:LuckyCharm","TheCursedMod:Hemoplague+1","TheCursedMod:Wield","TheCursedMod:CircleOfAbyss","TheCursedMod:CursedAmulet","TheCursedMod:Torture+1","TheCursedMod:RapidMovement","Decay","TheCursedMod:SurpriseAttack","TheCursedMod:HellfireBreathing","TheCursedMod:AntiAging","Parasite","TheCursedMod:CursedSpellbook","TheCursedMod:CursedBoomerang","TheCursedMod:FleshFromBone+1","TheCursedMod:BloodBarrier+1"],"relics":["TheCursedMod:BlackMagic101","Blue Candle","Bottled Flame","Tiny Chest","SlaversCollar","Darkstone Periapt","Sundial","Du-Vu Doll","Philosopher\u0027s Stone","Turnip","TheCursedMod:DemonicMark","Dream Catcher","Incense Burner","Bag of Preparation"],"acts_visited":["Exordium","TheCity","TheBeyond"],"potions_floor_usage":[27,37,37,37,38,38,40,44,44],"damage_taken":[{"damage":6,"enemies":"Small Slimes","floor":1,"turns":4},{"damage":0,"enemies":"2 Louse","floor":2,"turns":2},{"damage":0,"enemies":"Cultist","floor":4,"turns":5},{"damage":5,"enemies":"3 Sentries","floor":7,"turns":5},{"damage":13,"enemies":"Large Slime","floor":12,"turns":5},{"damage":17,"enemies":"Gremlin Nob","floor":14,"turns":5},{"damage":0,"enemies":"The Guardian","floor":16,"turns":12},{"damage":15,"enemies":"Spheric Guardian","floor":18,"turns":8},{"damage":13,"enemies":"Shell Parasite","floor":19,"turns":8},{"damage":12,"enemies":"Centurion and Healer","floor":21,"turns":11},{"damage":19,"enemies":"Slavers","floor":24,"turns":5},{"damage":1,"enemies":"Chosen and Byrds","floor":27,"turns":6},{"damage":7,"enemies":"Snecko","floor":28,"turns":7},{"damage":17,"enemies":"Cultist and Chosen","floor":30,"turns":6},{"damage":0,"enemies":"Champ","floor":33,"turns":12},{"damage":7,"enemies":"Orb Walker","floor":35,"turns":5},{"damage":41,"enemies":"3 Darklings","floor":36,"turns":6},{"damage":31,"enemies":"Transient","floor":37,"turns":5},{"damage":2,"enemies":"Writhing Mass","floor":38,"turns":6},{"damage":8,"enemies":"Giant Head","floor":40,"turns":9},{"damage":23,"enemies":"3 Darklings","floor":44,"turns":5},{"damage":5,"enemies":"Maw","floor":48,"turns":6},{"damage":5,"enemies":"Donu and Deca","floor":50,"turns":10}],"seed_played":"1520522136988790381","potions_obtained":[{"floor":1,"key":"Block Potion"},{"floor":16,"key":"Ancient Potion"},{"floor":21,"key":"SneckoOil"},{"floor":24,"key":"EntropicBrew"},{"floor":27,"key":"Fire Potion"},{"floor":33,"key":"DuplicationPotion"},{"floor":38,"key":"Dexterity Potion"},{"floor":40,"key":"LiquidBronze"}],"is_trial":false,"path_per_floor":["M","M","$","M","?","R","E","?","T","R","$","M","?","E","R","B",null,"M","M","$","M","?","R","E","?","T","M","M","R","M","?","R","B",null,"M","M","M","M","T","E","R","?","T","M","R","?","$","M","R","B",null],"character_chosen":"THE_CURSED","items_purchased":["TheCursedMod:ReleasedKnowledge","TheCursedMod:LuckyCharm","Incense Burner","Bag of Preparation"],"campfire_rested":5,"item_purchase_floors":[3,11,47,47],"current_hp_per_floor":[69,69,69,69,69,69,64,69,69,69,69,56,76,59,59,59,80,65,52,52,40,40,40,21,27,27,26,19,44,27,27,52,52,86,79,41,12,18,18,13,43,43,43,23,54,54,54,51,83,80],"gold":31,"neow_bonus":"RANDOM_COLORLESS_2","is_daily":false,"chose_seed":false,"campfire_upgraded":4,"win_rate":0.0,"timestamp":1610909060,"path_taken":["M","M","$","M","?","R","E","?","T","R","$","M","?","E","R","BOSS","M","M","$","M","?","R","E","?","T","M","M","R","M","?","R","BOSS","M","M","M","M","?","E","R","?","T","?","R","?","$","M","R","BOSS"],"items_purchased_type":["Card","Card","Relic","Relic"],"build_version":"2020-12-22","purchased_purges":3,"victory":true,"max_hp_per_floor":[75,75,75,75,75,75,75,80,80,80,80,80,80,80,80,80,80,80,80,80,80,80,80,80,86,86,86,86,86,86,86,86,86,86,86,89,91,99,99,102,102,102,102,105,105,105,105,107,107,109],"card_choices":[{"not_picked":["Secret Weapon","Metamorphosis"],"picked":"Apotheosis","floor":0},{"not_picked":["TheCursedMod:VitalStrike","TheCursedMod:SpitefulStrike"],"picked":"TheCursedMod:TacticalStrike","floor":1},{"not_picked":["TheCursedMod:CursedMace","TheCursedMod:FleshFromBone"],"picked":"TheCursedMod:DoubleShield","floor":2},{"not_picked":["TheCursedMod:CursedShiv","TheCursedMod:CursedAmulet"],"picked":"TheCursedMod:CursedBlade","floor":4},{"not_picked":["TheCursedMod:CursedShiv","TheCursedMod:Wield"],"picked":"TheCursedMod:CircleOfAbyss","floor":7},{"not_picked":["TheCursedMod:Stretching","TheCursedMod:WearCloak"],"picked":"TheCursedMod:Hemoplague","floor":12},{"not_picked":["TheCursedMod:Evocation","TheCursedMod:CircleOfFlame"],"picked":"TheCursedMod:Wield","floor":14},{"not_picked":["TheCursedMod:ForbiddenAlchemy","TheCursedMod:UltimatePain"],"picked":"TheCursedMod:CircleOfAbyss","floor":16},{"not_picked":["TheCursedMod:Mangle","TheCursedMod:Torture+1"],"picked":"TheCursedMod:CursedAmulet","floor":18},{"not_picked":["TheCursedMod:TroublousMinions","TheCursedMod:CursedSpellbook"],"picked":"TheCursedMod:Torture+1","floor":19},{"not_picked":["TheCursedMod:WearCloak","TheCursedMod:SpitefulStrike","TheCursedMod:CursedAmulet"],"picked":"SKIP","floor":21},{"not_picked":["TheCursedMod:Wield","TheCursedMod:CircleOfBlood"],"picked":"TheCursedMod:RapidMovement","floor":24},{"not_picked":["TheCursedMod:SmokeScreen","TheCursedMod:CircleOfFlame"],"picked":"TheCursedMod:SurpriseAttack","floor":27},{"not_picked":["TheCursedMod:Torture+1","TheCursedMod:CursedStaff+1"],"picked":"TheCursedMod:HellfireBreathing","floor":28},{"not_picked":["TheCursedMod:VitalStrike","TheCursedMod:RavingStaff","TheCursedMod:FleshFromBone"],"picked":"SKIP","floor":30},{"not_picked":["TheCursedMod:UltimatePain","TheCursedMod:CursedRelics"],"picked":"TheCursedMod:AntiAging","floor":33},{"not_picked":["TheCursedMod:CircleOfCorruption","TheCursedMod:SpitefulStrike","TheCursedMod:RavingStaff+1"],"picked":"SKIP","floor":35},{"not_picked":["TheCursedMod:SurpriseAttack","TheCursedMod:TroublousMinions+1","TheCursedMod:CursedBlade+1"],"picked":"SKIP","floor":36},{"not_picked":["TheCursedMod:Wield","TheCursedMod:Evocation+1","TheCursedMod:Torture"],"picked":"SKIP","floor":37},{"not_picked":["TheCursedMod:WearCloak+1","TheCursedMod:SpitefulPray"],"picked":"TheCursedMod:CursedSpellbook","floor":38},{"not_picked":["TheCursedMod:FuryStrike+1","TheCursedMod:CircleOfAbyss","TheCursedMod:FleshFromBone"],"picked":"SKIP","floor":40},{"not_picked":["TheCursedMod:Obscuration+1","TheCursedMod:SaltUponWound+1","TheCursedMod:Wield+1"],"picked":"SKIP","floor":44},{"not_picked":["TheCursedMod:CircleOfFlame","TheCursedMod:Wield+1"],"picked":"TheCursedMod:FleshFromBone+1","floor":48},{"not_picked":["TheCursedMod:VitalStrike","TheCursedMod:Obscuration+1"],"picked":"TheCursedMod:BloodBarrier+1","floor":49}],"player_experience":458584,"relics_obtained":[{"floor":7,"key":"Blue Candle"},{"floor":9,"key":"Bottled Flame"},{"floor":14,"key":"Tiny Chest"},{"floor":24,"key":"Darkstone Periapt"},{"floor":26,"key":"Sundial"},{"floor":39,"key":"Turnip"},{"floor":40,"key":"TheCursedMod:DemonicMark"},{"floor":43,"key":"Dream Catcher"}],"event_choices":[{"damage_healed":0,"gold_gain":0,"player_choice":"Grow","damage_taken":0,"max_hp_gain":0,"max_hp_loss":0,"event_name":"Living Wall","floor":5,"gold_loss":0,"cards_upgraded":["Apotheosis"]},{"damage_healed":0,"gold_gain":0,"player_choice":"Donut","damage_taken":0,"max_hp_gain":5,"max_hp_loss":0,"event_name":"Big Fish","floor":8,"gold_loss":0},{"damage_healed":20,"gold_gain":0,"player_choice":"Healed","damage_taken":0,"max_hp_gain":0,"max_hp_loss":0,"event_name":"The Cleric","floor":13,"gold_loss":35},{"cards_removed":["TheCursedMod:Defend_TheCursed"],"damage_healed":0,"gold_gain":0,"player_choice":"Elegance","damage_taken":0,"max_hp_gain":0,"max_hp_loss":0,"event_name":"Back to Basics","floor":22,"gold_loss":0},{"damage_healed":0,"gold_gain":0,"player_choice":"Smashed Altar","damage_taken":0,"max_hp_gain":0,"max_hp_loss":0,"event_name":"Forgotten Altar","floor":25,"gold_loss":0,"cards_obtained":["Decay"]},{"damage_healed":0,"gold_gain":0,"player_choice":"Paid Gold","damage_taken":0,"relics_obtained":["Du-Vu Doll"],"max_hp_gain":0,"max_hp_loss":0,"event_name":"WeMeetAgain","floor":31,"gold_loss":71},{"damage_healed":0,"gold_gain":300,"player_choice":"Gold","damage_taken":0,"max_hp_gain":0,"max_hp_loss":0,"event_name":"Wheel of Change","floor":42,"gold_loss":0},{"damage_healed":0,"gold_gain":0,"cards_transformed":["TheCursedMod:Strike_TheCursed"],"player_choice":"Transformed","damage_taken":0,"max_hp_gain":0,"max_hp_loss":0,"event_name":"Transmorgrifier","floor":46,"gold_loss":0,"cards_obtained":["TheCursedMod:CursedBoomerang"]}],"is_beta":false,"boss_relics":[{"not_picked":["Velvet Choker","SacredBark"],"picked":"SlaversCollar"},{"not_picked":["Runic Dome","Calling Bell"],"picked":"Philosopher\u0027s Stone"}],"items_purged_floors":[11,20,47],"is_endless":false,"potions_floor_spawned":[1,16,21,24,27,33,36,38,40],"ascension_level":2}}