{"host":"ysalv62a05e493y4","time":1610922227,"event":{"mods":["AchievementEnabler","BaseMod","BetterRewards","Colored Map","Colored Powertips","Downfall","Lobotomy","Minty Spire (QoL Compilation)","Quick Restart","StSLib"],"gold_per_floor":[99,113,113,213,233,233,259,259,259,59,76,87,72,103,123,123,123],"floor_reached":16,"language":"ENG","playtime":585,"items_purged":[],"score":200,"play_id":"711004ad-3367-49d7-9cae-98910bb81af6","local_time":"20210117232347","is_ascension_mode":false,"campfire_choices":[{"floor":6,"key":"RECALL"}],"circlet_count":0,"master_deck":["sneckomod:Strike","sneckomod:Strike","sneckomod:Strike","sneckomod:Defend","sneckomod:Defend","sneckomod:Defend","sneckomod:TailWhip+1","sneckomod:SnekBite","sneckomod:Unknown","champ:FocusedBerserking","sneckomod:Unknown2Cost","downfall:Aged","Pain","Clumsy","downfall:Bewildered","Doubt","sneckomod:SoulRoll","Madness","sneckomod:SlitherStrike","sneckomod:RainOfDice","sneckomod:SnekBeam","sneckomod:UnknownRareAttack","sneckomod:SoulDraw"],"relics":["sneckomod:SneckoSoul","Cursed Key","downfall:HeartBlessingRed","downfall:HeartBlessingBlue","Blood Vial"],"acts_visited":["Exordium"],"potions_floor_usage":[14,16,16],"damage_taken":[{"damage":5,"enemies":"Cultist","floor":2,"turns":3},{"damage":15,"enemies":"Small Slimes","floor":5,"turns":4},{"damage":4,"enemies":"2 Louse","floor":11,"turns":2},{"damage":49,"enemies":"Red Slaver","floor":12,"turns":6},{"damage":2,"enemies":"downfall:FleeingMerchant","floor":13,"turns":4},{"damage":5,"enemies":"Gremlin Nob","floor":14,"turns":3},{"damage":16,"enemies":"Large Slime","floor":15,"turns":4},{"damage":48,"enemies":"SI_SHIV_ARCHETYPE","floor":16,"turns":5}],"seed_played":"4872522528407463344","potions_obtained":[{"floor":11,"key":"hexamod:SoulburnPotion"},{"floor":14,"key":"DuplicationPotion"},{"floor":15,"key":"Dexterity Potion"}],"is_trial":false,"path_per_floor":["R","M","?","?","M","R","T","?","?","R","M","M","$","E","M","B"],"character_chosen":"THE_SNECKO","items_purchased":[],"campfire_rested":0,"item_purchase_floors":[],"current_hp_per_floor":[90,90,90,90,75,75,75,75,75,85,81,52,50,45,31,0,0],"gold":123,"neow_bonus":"UPGRADE_CARD","is_daily":false,"chose_seed":false,"campfire_upgraded":0,"win_rate":0.0,"timestamp":1610922227,"path_taken":["R","?","?","?","?","R","T","?","?","R","M","M","$","E","M","BOSS"],"items_purchased_type":[],"build_version":"2020-12-22","purchased_purges":0,"victory":false,"max_hp_per_floor":[90,90,90,90,90,90,90,90,90,100,100,100,100,100,100,100,100],"card_choices":[{"not_picked":["sneckomod:MasterEye","sneckomod:UnknownCommonSkill"],"picked":"sneckomod:Unknown2Cost","floor":2},{"not_picked":["sneckomod:UnknownBlock","sneckomod:MasterEye"],"picked":"sneckomod:SoulRoll","floor":5},{"not_picked":["sneckomod:UnknownDraw","sneckomod:QuickMove"],"picked":"sneckomod:SlitherStrike","floor":11},{"not_picked":["sneckomod:IronFang","sneckomod:UnknownBlock"],"picked":"sneckomod:RainOfDice","floor":12},{"not_picked":["sneckomod:QuickBite","sneckomod:SlitherStrike"],"picked":"sneckomod:SnekBeam","floor":13},{"not_picked":["sneckomod:UnendingSupply","sneckomod:Unknown1Cost"],"picked":"sneckomod:UnknownRareAttack","floor":14},{"not_picked":["sneckomod:Unknown1Cost","sneckomod:SoulRoll"],"picked":"sneckomod:SoulDraw","floor":15}],"player_experience":24177,"relics_obtained":[{"floor":14,"key":"Blood Vial"}],"event_choices":[{"cards_removed":["Shame"],"damage_healed":0,"gold_gain":0,"player_choice":"Card Removal","damage_taken":0,"max_hp_gain":0,"max_hp_loss":0,"event_name":"The Cleric","floor":8,"gold_loss":0}],"is_beta":false,"boss_relics":[],"items_purged_floors":[],"is_endless":false,"potions_floor_spawned":[11,14,15],"killed_by":"SI_SHIV_ARCHETYPE","ascension_level":0}}