{"host":"Bilverbakes","time":1610913444,"event":{"mods":["2.2 Compatiblity","AchievementEnabler","BaseMod","Bestiary","Colored Map","Minty Spire (QoL Compilation)","Relic Stats","StSLib","ojb\u0027s Info Mod"],"gold_per_floor":[110,122,197,197,197,222,222,256,279,297,328,32,86,98,98,172,172,191,241,257,268,282,313,313,323,323,350,350,35,35,35],"floor_reached":30,"language":"ENG","playtime":2161,"items_purged":["Strike_G"],"score":626,"play_id":"d32dd0d4-1284-485b-a470-440e65da8e2b","local_time":"20210117135724","is_ascension_mode":true,"campfire_choices":[{"data":"Dash","floor":7.0,"key":"SMITH"},{"data":"Underhanded Strike","floor":15.0,"key":"SMITH"},{"data":"Tactician","floor":24.0,"key":"SMITH"},{"floor":28.0,"key":"REST"}],"circlet_count":0,"master_deck":["AscendersBane","Strike_G+1","Strike_G","Strike_G","Strike_G+1","Defend_G","Defend_G","Defend_G","Defend_G","Defend_G","Survivor","Neutralize+1","Leg Sweep","Underhanded Strike+1","Dash+1","Dagger Spray+1","Backflip","Tools of the Trade","Crippling Poison","Die Die Die","Dodge and Roll","Tactician+1","Glass Knife","Noxious Fumes+1","Eviscerate+1","Calculated Gamble","Blade Dance","Catalyst"],"relics":["Ring of the Snake","NeowsBlessing","Oddly Smooth Stone","Pantograph","Whetstone","Meat on the Bone","Runic Pyramid","Shovel","Shuriken","Akabeko","Bottled Tornado"],"acts_visited":["Exordium","TheCity"],"potions_floor_usage":[30],"damage_taken":[{"damage":0.0,"enemies":"Small Slimes","floor":1.0,"turns":1.0},{"damage":0.0,"enemies":"Jaw Worm","floor":2.0,"turns":1.0},{"damage":0.0,"enemies":"Lagavulin","floor":6.0,"turns":1.0},{"damage":9.0,"enemies":"3 Sentries","floor":8.0,"turns":10.0},{"damage":0.0,"enemies":"Cultist","floor":10.0,"turns":3.0},{"damage":1.0,"enemies":"Lagavulin","floor":11.0,"turns":8.0},{"damage":3.0,"enemies":"Lots of Slimes","floor":14.0,"turns":4.0},{"damage":26.0,"enemies":"Slime Boss","floor":16.0,"turns":9.0},{"damage":0.0,"enemies":"Shell Parasite","floor":18.0,"turns":7.0},{"damage":6.0,"enemies":"Spheric Guardian","floor":20.0,"turns":6.0},{"damage":14.0,"enemies":"Cultist and Chosen","floor":21.0,"turns":8.0},{"damage":15.0,"enemies":"Shelled Parasite and Fungi","floor":22.0,"turns":5.0},{"damage":23.0,"enemies":"Gremlin Leader","floor":23.0,"turns":9.0},{"damage":0.0,"enemies":"3 Cultists","floor":25.0,"turns":4.0},{"damage":35.0,"enemies":"Book of Stabbing","floor":27.0,"turns":7.0},{"damage":43,"enemies":"Slavers","floor":30,"turns":4}],"seed_played":"5471260786649726229","potions_obtained":[{"floor":2.0,"key":"BlessingOfTheForge"},{"floor":6.0,"key":"SpeedPotion"},{"floor":8.0,"key":"EssenceOfSteel"},{"floor":16.0,"key":"AttackPotion"},{"floor":21.0,"key":"AttackPotion"},{"floor":25.0,"key":"Weak Potion"},{"floor":27.0,"key":"SpeedPotion"}],"is_trial":false,"path_per_floor":["M","M","?","?","?","E","R","E","T","M","E","$","?","M","R","B",null,"M","?","M","M","M","E","R","M","T","E","R","$","E"],"character_chosen":"THE_SILENT","items_purchased":["Tools of the Trade","Explosive Potion","Bottled Tornado","Catalyst"],"campfire_rested":1,"item_purchase_floors":[12,12,29,29],"current_hp_per_floor":[59,59,48,28,28,28,28,19,19,19,18,18,18,27,27,38,59,59,59,53,39,36,25,25,37,37,14,33,33,0,0],"gold":35,"neow_bonus":"THREE_ENEMY_KILL","is_daily":false,"chose_seed":false,"campfire_upgraded":3,"win_rate":0.0,"timestamp":1610913444,"path_taken":["M","M","?","?","?","E","R","E","T","M","E","$","?","?","R","BOSS","M","?","M","M","?","E","R","?","T","E","R","$","E"],"items_purchased_type":["Card","Potion","Relic","Card"],"build_version":"2020-12-18","purchased_purges":1,"victory":false,"max_hp_per_floor":[66,66,66,66,66,66,66,66,66,66,66,66,66,66,66,66,66,66,66,66,66,66,66,66,66,66,66,66,66,66,66],"relic_stats":{"Shovel":0,"counters":[16,87],"Shuriken":[2],"Pantograph":25,"Whetstone":["Dagger Spray","Neutralize"],"obtain_stats":[{"Shovel":23,"NeowsBlessing":0,"Shuriken":26,"Pantograph":8,"Oddly Smooth Stone":6,"Whetstone":9,"Bottled Tornado":29,"Akabeko":27,"Ring of the Snake":0,"Meat on the Bone":11,"Runic Pyramid":17},{"Shovel":13,"NeowsBlessing":0,"Shuriken":14,"Pantograph":4,"Oddly Smooth Stone":3,"Whetstone":4,"Bottled Tornado":15,"Akabeko":15,"Ring of the Snake":0,"Meat on the Bone":6,"Runic Pyramid":8},{"Shovel":72,"NeowsBlessing":0,"Shuriken":76,"Pantograph":13,"Oddly Smooth Stone":3,"Whetstone":13,"Bottled Tornado":83,"Akabeko":83,"Ring of the Snake":0,"Meat on the Bone":24,"Runic Pyramid":37}],"Ring of the Snake":[32],"Meat on the Bone":72},"card_choices":[{"not_picked":["Quick Slash","All Out Attack"],"picked":"Leg Sweep","floor":1.0},{"not_picked":["Reflex","PiercingWail"],"picked":"Underhanded Strike","floor":2.0},{"not_picked":["Blur","Deadly Poison"],"picked":"Dash","floor":6.0},{"not_picked":["Well Laid Plans","Prepared"],"picked":"Dagger Spray","floor":8.0},{"not_picked":["Blade Dance","Slice","Concentrate"],"picked":"SKIP","floor":10.0},{"not_picked":["Slice","Acrobatics"],"picked":"Backflip","floor":11.0},{"not_picked":["Outmaneuver","Deadly Poison"],"picked":"Crippling Poison","floor":14.0},{"not_picked":["Storm of Steel","Tools of the Trade"],"picked":"Die Die Die","floor":16.0},{"not_picked":["Outmaneuver","Poisoned Stab"],"picked":"Dodge and Roll","floor":18.0},{"not_picked":["PiercingWail","Infinite Blades"],"picked":"Tactician","floor":20.0},{"not_picked":["Outmaneuver","Bane"],"picked":"Glass Knife","floor":21.0},{"not_picked":["Flechettes","Backflip"],"picked":"Noxious Fumes+1","floor":22.0},{"not_picked":["Backflip","Accuracy"],"picked":"Eviscerate+1","floor":23.0},{"not_picked":["Masterful Stab","Backflip"],"picked":"Calculated Gamble","floor":25.0},{"not_picked":["Dagger Throw","Eviscerate"],"picked":"Blade Dance","floor":27.0}],"player_experience":722962,"relics_obtained":[{"floor":6.0,"key":"Oddly Smooth Stone"},{"floor":8.0,"key":"Pantograph"},{"floor":9.0,"key":"Whetstone"},{"floor":11.0,"key":"Meat on the Bone"},{"floor":23.0,"key":"Shovel"},{"floor":26.0,"key":"Shuriken"},{"floor":27.0,"key":"Akabeko"}],"event_choices":[{"damage_healed":0.0,"max_hp_gain":0.0,"max_hp_loss":0.0,"gold_gain":75.0,"event_name":"World of Goop","player_choice":"Gather Gold","floor":3.0,"gold_loss":0.0,"damage_taken":11.0},{"damage_healed":0.0,"max_hp_gain":0.0,"max_hp_loss":0.0,"gold_gain":0.0,"event_name":"Shining Light","player_choice":"Entered Light","floor":4.0,"gold_loss":0.0,"damage_taken":20.0,"cards_upgraded":["Strike_G","Strike_G"]},{"damage_healed":0.0,"max_hp_gain":0.0,"max_hp_loss":0.0,"gold_gain":0.0,"event_name":"Liars Game","player_choice":"Ignored","floor":5.0,"gold_loss":0.0,"damage_taken":0.0},{"damage_healed":0.0,"max_hp_gain":0.0,"max_hp_loss":0.0,"gold_gain":54.0,"event_name":"Golden Wing","player_choice":"Gained Gold","floor":13.0,"gold_loss":0.0,"damage_taken":0.0},{"damage_healed":0.0,"max_hp_gain":0.0,"max_hp_loss":0.0,"gold_gain":100.0,"event_name":"The Joust","player_choice":"Bet on Murderer","floor":19.0,"gold_loss":50.0,"damage_taken":0.0}],"is_beta":true,"boss_relics":[{"not_picked":["Calling Bell","Fusion Hammer"],"picked":"Runic Pyramid"}],"items_purged_floors":[12],"is_endless":false,"potions_floor_spawned":[2,6,8,16,21,25,27],"killed_by":"Slavers","ascension_level":20}}