{"host":"i7jfea87xc8lz16p","time":1610905187,"event":{"mods":["AchievementEnabler","BaseMod","Colored Powertips","Minty Spire (QoL Compilation)","Relic Stats"],"gold_per_floor":[114,39,50,69,86,86,114,124,124,136,148,160,211,248,260,358,370,407,334,346,47,66,66,66,66],"floor_reached":24,"language":"ENG","playtime":694,"items_purged":["Strike_B","Strike_B"],"score":412,"play_id":"4a063169-769a-46ef-a16f-fb6c9dd09913","local_time":"20210117183947","is_ascension_mode":true,"campfire_choices":[{"data":"Defragment","floor":6,"key":"SMITH"},{"floor":10,"key":"REST"},{"data":"Capacitor","floor":12,"key":"SMITH"},{"floor":15,"key":"REST"},{"floor":23,"key":"REST"}],"circlet_count":0,"master_deck":["AscendersBane","Strike_B","Strike_B","Defend_B","Defend_B","Defend_B","Defend_B","Zap","Dualcast","Defragment+1","Lockon","Capacitor+1","Loop+1","Force Field","Ball Lightning","Genetic Algorithm","Defragment","Electrodynamics","Leap","Cold Snap","Cold Snap","Self Repair"],"relics":["Cracked Core","Bronze Scales","MawBank","CeramicFish","Inserter","Gremlin Horn","The Courier","Membership Card","Cables"],"acts_visited":["Exordium","TheCity"],"potions_floor_usage":[8,13,16,24],"damage_taken":[{"damage":0,"enemies":"Cultist","floor":1,"turns":3},{"damage":1,"enemies":"2 Louse","floor":3,"turns":3},{"damage":14,"enemies":"Jaw Worm","floor":4,"turns":4},{"damage":8,"enemies":"Red Slaver","floor":5,"turns":4},{"damage":25,"enemies":"Lagavulin","floor":7,"turns":5},{"damage":6,"enemies":"2 Fungi Beasts","floor":8,"turns":3},{"damage":23,"enemies":"3 Sentries","floor":13,"turns":5},{"damage":13,"enemies":"Blue Slaver","floor":14,"turns":2},{"damage":10,"enemies":"Hexaghost","floor":16,"turns":8},{"damage":29,"enemies":"2 Thieves","floor":18,"turns":3},{"damage":15,"enemies":"3 Byrds","floor":22,"turns":3},{"damage":50,"enemies":"Slavers","floor":24,"turns":3}],"seed_played":"2939675662778064652","potions_obtained":[{"floor":4,"key":"Explosive Potion"},{"floor":8,"key":"AttackPotion"},{"floor":13,"key":"BlessingOfTheForge"},{"floor":22,"key":"Explosive Potion"}],"is_trial":false,"path_per_floor":["M","$","M","M","M","R","E","M","T","R","?","R","E","M","R","B",null,"M","?","T","$","M","R","E"],"character_chosen":"DEFECT","items_purchased":["Membership Card","Cables","Cold Snap","Cold Snap"],"campfire_rested":3,"item_purchase_floors":[21,21,21,21],"current_hp_per_floor":[71,71,70,56,48,48,23,17,17,40,40,40,17,4,27,17,63,34,34,34,34,19,42,0,0],"gold":66,"neow_bonus":"TEN_PERCENT_HP_BONUS","is_daily":false,"chose_seed":false,"campfire_upgraded":2,"win_rate":0.0,"timestamp":1610905187,"path_taken":["M","$","M","M","M","R","E","?","T","R","?","R","E","M","R","BOSS","M","?","?","$","?","R","E"],"items_purchased_type":["Relic","Relic","Card","Card"],"build_version":"2020-12-22","purchased_purges":2,"victory":false,"max_hp_per_floor":[78,78,78,78,78,78,78,78,78,78,78,78,78,78,78,78,78,78,78,78,78,78,78,78,78],"relic_stats":{"Inserter":[4],"Gremlin Horn":[2,2],"counters":[12,46],"Bronze Scales":[139],"CeramicFish":63,"MawBank":144,"obtain_stats":[{"Inserter":17,"Gremlin Horn":19,"Bronze Scales":7,"CeramicFish":13,"The Courier":20,"Membership Card":21,"Cracked Core":0,"MawBank":9,"Cables":21},{"Inserter":9,"Gremlin Horn":10,"Bronze Scales":5,"CeramicFish":7,"The Courier":10,"Membership Card":10,"Cracked Core":0,"MawBank":6,"Cables":10},{"Inserter":37,"Gremlin Horn":40,"Bronze Scales":19,"CeramicFish":27,"The Courier":40,"Membership Card":40,"Cracked Core":0,"MawBank":22,"Cables":40}],"Cables":[6,5,1,0,0]},"card_choices":[{"not_picked":["Conserve Battery","Lockon"],"picked":"Defragment","floor":1},{"not_picked":["Stack","Beam Cell"],"picked":"Lockon","floor":3},{"not_picked":["Turbo","Heatsinks"],"picked":"Capacitor","floor":4},{"not_picked":["Barrage","Hologram"],"picked":"Loop","floor":5},{"not_picked":["Melter","Recycle"],"picked":"Force Field","floor":7},{"not_picked":["Barrage","Beam Cell"],"picked":"Ball Lightning","floor":8},{"not_picked":["Sweeping Beam","Compile Driver"],"picked":"Genetic Algorithm","floor":13},{"not_picked":["Go for the Eyes","Ball Lightning"],"picked":"Defragment","floor":14},{"not_picked":["Buffer","Fission"],"picked":"Electrodynamics","floor":16},{"not_picked":["Gash","Sunder"],"picked":"Leap","floor":18},{"not_picked":["Redo+1","Coolheaded"],"picked":"Self Repair","floor":22}],"player_experience":1794864,"relics_obtained":[{"floor":7,"key":"Bronze Scales"},{"floor":9,"key":"MawBank"},{"floor":13,"key":"CeramicFish"},{"floor":20,"key":"The Courier"}],"event_choices":[{"damage_healed":0,"gold_gain":0,"player_choice":"Grow","damage_taken":0,"max_hp_gain":0,"max_hp_loss":0,"event_name":"Living Wall","floor":11,"gold_loss":0,"cards_upgraded":["Loop"]},{"damage_healed":0,"gold_gain":0,"player_choice":"Obtained Relic","damage_taken":0,"relics_obtained":["Gremlin Horn"],"max_hp_gain":0,"max_hp_loss":0,"event_name":"Addict","floor":19,"gold_loss":85}],"is_beta":false,"boss_relics":[{"not_picked":["Pandora\u0027s Box","Runic Dome"],"picked":"Inserter"}],"items_purged_floors":[2,21],"is_endless":false,"potions_floor_spawned":[4,8,13,22],"killed_by":"Slavers","ascension_level":20}}