{"host":"9tdk3zzhmpo6o3dg","time":1610882552,"event":{"mods":["AchievementEnabler","BaseMod","Downfall","Hermit","Hunter 猎人","Koishi","Marisa（F雨　魔理沙）","Minty Spire (QoL Compilation)","SOS（斯巴达之子）","Shop Mod","StSLib","The Alterego","The Animator","The Cursed","The Hierophant","The Marked","The Servant 0.9.4","WarShipGirlsR/战舰少女R mod","Yuri Mod"],"gold_per_floor":[118,136,22,22,42,75,75,90,90,90,90,109,384,394,394,494,544,556,556,571,571,582,582,582],"floor_reached":23,"language":"ZHS","playtime":1479,"items_purged":[],"score":193,"play_id":"41d41921-4122-4e28-aca2-920684e41dcf","local_time":"20210117192232","is_ascension_mode":false,"campfire_choices":[{"data":"Phantasmal Killer","floor":7.0,"key":"SMITH"},{"data":"Dash","floor":11.0,"key":"SMITH"},{"data":"Caltrops","floor":15.0,"key":"SMITH"}],"circlet_count":0,"master_deck":["Strike_G","Strike_G","Strike_G","Strike_G","Defend_G","Defend_G","Defend_G","Defend_G","Defend_G","Survivor","Neutralize","Expertise","Acrobatics","Acrobatics","Dash+1","Phantasmal Killer+1","Flying Knee","Caltrops+1","Regret","Dagger Throw+1","Doppelganger","Finisher","Underhanded Strike","Footwork"],"relics":["Ring of the Snake","Letter Opener","Shuriken","Tiny House"],"acts_visited":["Exordium","TheCity"],"potions_floor_usage":[22,22],"damage_taken":[{"damage":1.0,"enemies":"Cultist","floor":1.0,"turns":4.0},{"damage":2.0,"enemies":"Jaw Worm","floor":2.0,"turns":5.0},{"damage":0.0,"enemies":"2 Louse","floor":5.0,"turns":3.0},{"damage":3.0,"enemies":"Lagavulin","floor":6.0,"turns":6.0},{"damage":0.0,"enemies":"Red Slaver","floor":8.0,"turns":3.0},{"damage":0.0,"enemies":"2 Fungi Beasts","floor":12.0,"turns":2.0},{"damage":2.0,"enemies":"Gremlin Gang","floor":14.0,"turns":5.0},{"damage":34.0,"enemies":"Slime Boss","floor":16.0,"turns":11.0},{"damage":20.0,"enemies":"3 Byrds","floor":18.0,"turns":5.0},{"damage":0.0,"enemies":"Spheric Guardian","floor":20.0,"turns":2.0},{"damage":39,"enemies":"Snecko","floor":22,"turns":6},{"damage":18,"enemies":"Book of Stabbing","floor":23,"turns":5}],"seed_played":"1395322524116750085","potions_obtained":[{"floor":0.0,"key":"SteroidPotion"},{"floor":0.0,"key":"Weak Potion"},{"floor":0.0,"key":"Fire Potion"},{"floor":12.0,"key":"ColorlessPotion"},{"floor":14.0,"key":"bronze:BurnAndBuffPotion"},{"floor":16.0,"key":"Strength Potion"},{"floor":17.0,"key":"PowerPotion"},{"floor":20.0,"key":"Guardian:BlockOnCardUsePotion"},{"floor":21.0,"key":"DuplicationPotion"}],"is_trial":false,"path_per_floor":["M","M","$","$","M","E","R","M","T","?","R","M","?","M","R","B",null,"M","?","M","?","M","E"],"character_chosen":"THE_SILENT","items_purchased":["Acrobatics","Dash"],"campfire_rested":0,"item_purchase_floors":[3,3],"current_hp_per_floor":[69,67,67,67,67,64,64,64,64,64,64,64,64,62,62,28,75,55,55,55,55,16,0,0],"gold":582,"neow_bonus":"THREE_SMALL_POTIONS","is_daily":false,"chose_seed":false,"campfire_upgraded":3,"win_rate":0.0,"timestamp":1610882552,"path_taken":["M","M","?","$","M","E","R","M","T","?","R","?","?","M","R","BOSS","M","?","M","?","?","E"],"items_purchased_type":["Card","Card"],"build_version":"2020-12-22","purchased_purges":0,"victory":false,"max_hp_per_floor":[70,70,70,70,70,70,70,70,70,70,70,70,70,70,70,70,75,75,75,75,75,75,75,75],"card_choices":[{"not_picked":["Catalyst","Blur"],"picked":"Expertise","floor":1.0},{"not_picked":["Bane","Slice"],"picked":"Acrobatics","floor":2.0},{"not_picked":["Sucker Punch","Dagger Spray"],"picked":"Phantasmal Killer","floor":5.0},{"not_picked":["Predator","Acrobatics"],"picked":"Flying Knee","floor":6.0},{"not_picked":["Dodge and Roll","Sucker Punch","Cloak And Dagger"],"picked":"SKIP","floor":8.0},{"not_picked":["Poisoned Stab","Bane"],"picked":"Caltrops","floor":12.0},{"not_picked":["Bane","Leg Sweep"],"picked":"Dagger Throw","floor":14.0},{"not_picked":["Corpse Explosion","Envenom"],"picked":"Doppelganger","floor":16.0},{"not_picked":["Backflip","Dagger Spray"],"picked":"Finisher","floor":17.0},{"not_picked":["Backflip","Deadly Poison+1"],"picked":"Underhanded Strike","floor":18.0},{"not_picked":["Deflect","Dash+1"],"picked":"Footwork","floor":20.0},{"not_picked":["Accuracy","Predator","Crippling Poison"],"picked":"SKIP","floor":22}],"player_experience":163720,"relics_obtained":[{"floor":6.0,"key":"Letter Opener"},{"floor":9.0,"key":"Shuriken"}],"event_choices":[{"cards_removed":["Strike_G"],"damage_healed":0.0,"max_hp_gain":0.0,"max_hp_loss":0.0,"gold_gain":0.0,"event_name":"Purifier","player_choice":"Purged","floor":10.0,"gold_loss":0.0,"damage_taken":0.0},{"damage_healed":0.0,"max_hp_gain":0.0,"max_hp_loss":0.0,"gold_gain":275.0,"event_name":"Golden Shrine","player_choice":"Desecrate","floor":13.0,"gold_loss":0.0,"damage_taken":0.0,"cards_obtained":["Regret"]},{"damage_healed":0.0,"max_hp_gain":0.0,"max_hp_loss":0.0,"gold_gain":0.0,"event_name":"Lab","player_choice":"Got Potions","floor":21.0,"gold_loss":0.0,"damage_taken":0.0}],"is_beta":false,"boss_relics":[{"not_picked":["Black Star","Runic Pyramid"],"picked":"Tiny House"}],"items_purged_floors":[],"is_endless":false,"potions_floor_spawned":[1,5,12,14,16,20],"killed_by":"Book of Stabbing","ascension_level":0}}