{"host":"suaetoo57rt99mh0","time":1610911835,"event":{"mods":["Act Like it!","Arknights The Spire","Aspiration","BaseMod","CatGirl Mod","Conspire","Defuse TimeMaze Blight","Elementarium","Energized Spire","Hermit","Hubris","Infinite Spire","Jedi Mod","Marisa????????","Minty Spire (QoL Compilation)","Potionbrewer","Quarter Circle Forward PUNCH!","Quick Restart","Relic Filter","Replay The Spire","StSLib","The Animator","The Bladedancer","The Construct","The Cursed","The Jungle","The Mystic","The Necromancer","The Poker Player","The Runesmith","The Sage","The Servant 0.9.4","TheHeartMod","Uncapped","UnlockEverythingMod","Useless Jewels Mod","vexMod"],"gold_per_floor":[109,109,109,36,36,67,95,127,127,157,157,171,203,219,219,320,320,340,340,354,61,61,94,94,119,145,145,145,145,176,218,218,343,343,387,410,21,50,0,0,47,47,47,45,64,102,171,197,197,362,1055,1059,1125,1125,1138,1154,1193,1193,1193,1193,1230,20,20,20,32,32,136,136,147,4,204,233,306,306,363,363,373,373,44,53,105,105,262,262,294,294,294,56,56,56,56,56,111,111,111,111,214,214,243,330,36,56,56,75,75,105,105,155,176,176,176,229,229,347,347,347,347],"floor_reached":119,"language":"ENG","playtime":5704,"items_purged":["Injury"],"score":3299,"play_id":"438d0e10-f17a-4728-85c2-46ff283274b5","local_time":"20210117133035","daily_mods":["Draft","Specialized","Vintage","Flight","DeadlyEvents","Lethality"],"is_ascension_mode":false,"campfire_choices":[{"data":"jedi:strikingstrike","floor":11.0,"key":"SMITH"},{"data":"jedi:strikingstrike","floor":15.0,"key":"SMITH"},{"data":"jedi:strikingstrike","floor":27.0,"key":"SMITH"},{"data":"Thunderclap","floor":29.0,"key":"SMITH"},{"data":"infinitespire:OneForAll","floor":40.0,"key":"SMITH"},{"floor":49.0,"key":"DIG"},{"data":"conspire:SpireCoStock","floor":59.0,"key":"SMITH"},{"data":"Blood for Blood","floor":64.0,"key":"SMITH"},{"floor":66.0,"key":"DIG"},{"floor":83.0,"key":"DIG"},{"data":"infinitespire:UltimateForm","floor":97.0,"key":"SMITH"},{"data":"Anger","floor":99.0,"key":"SMITH"},{"data":"Warcry","floor":108,"key":"SMITH"},{"data":"Run Through","floor":113,"key":"SMITH"}],"circlet_count":0,"master_deck":["jedi:strikingstrike+1","jedi:strikingstrike+1","jedi:strikingstrike+1","Thunderclap+1","Twin Strike+1","ReplayTheSpireMod:Strike From Hell+1","hubris:SharpeningStone+1","Infernal Blade+1","Run Through+1","Blood for Blood+1","Anger+1","Flame Barrier+1","Shockwave+1","Wild Strike+1","Wild Strike+1","infinitespire:OneForAll+1","jedi:fear+1","Intimidate+1","Berserk+1","Thunderclap+1","Berserk+1","CurseOfTheBell","Shockwave+1","Barricade+1","Dark Embrace+1","Replay:Undeath\u0027s Touch+1","hubris:NaturalOne","conspire:SpireCoStock+1","Crescendo+1","Pummel+1","Alpha+1","Pride","Pride","Pride","Replay:Undeath\u0027s Touch+1","Run Through+1","jedi:controlledanger+1","infinitespire:OneForAll+1","infinitespire:OneForAll+1","DevaForm+1","ReplayTheSpireMod:Corrosion Curse+1","Dark Embrace+1","FlyingSleeves+1","jedi:fear+1","infinitespire:FutureSight+1","Heavy Blade+1","hubris:Rewind+1","Devotion+1","ReplayTheSpireMod:Private Reserves+1","jedi:forcepush+1","infinitespire:UltimateForm+1","Pot Of Greed+1","Pot Of Greed+1","Pot Of Greed+1","Pot Of Greed+1","Pot Of Greed+1","Feel No Pain+1","hubris:DuctTapeCard","jedi:MakeshiftSword+1","Infernal Blade+1"],"relics":["Burning Blood","Coffee Dripper","jedi:battlestandard","vexMod:Dragonfruit","Strawberry","hubris:Icosahedron","hubris:Potato","Akabeko","infinitespire:Beetle Shell","jedi:HeartOfTheCards","Dream Catcher","qcfpunch:Wrestler\u0027s_Cloak","FossilizedHelix","Blue Doll","Replay:Ancient Bell","Tiny Chest","Garlic","vexMod:RedPlottingStone","qcfpunch:Lotus_Statue","Vajra","vexMod:Cooldron","hubris:TenFootPole","Calling Bell","aspiration:TomeofQuesting","Pear","qcfpunch:Fighting_Gloves","hubris:Metronome","Thread and Needle","potionbrewer:ToyAutogyro","Replay:Bandana","Golden Egg","infinitespire:Lucky Rock","vexMod:BarristanHead","vexMod:BigBerry","hubris:TinFlute","Kunai","sagemod:The_Guidebook_Guide","Blood Vial","hubris:DisguiseKit","hubris:PeanutButter","aspiration:FrozenJewel","Mercury Hourglass","ReplayTheSpireMod:CursedCoin","Bronze Scales","hubris:ChampionShield","CeramicFish","qcfpunch:Not_Strongest_Fighting_Style_Guidebook","Bag of Preparation","qcfpunch:White_Boots","vexMod:RockOfEvil","jedi:gremlinknob","aspiration:FutureDiary","jedi:angrymask","qcfpunch:Red_Beret","hubris:OldNail","Singing Bowl","The Courier","infinitespire:Satchel","hubris:Reverence","ClockworkSouvenir","hubris:SphereOfDissonance","Durian","Red Skull","Replay:Wax Seal","Chameleon Ring","qcfpunch:Spiky_Bracers","aspiration:ArtOfWarUpgrade","aspiration:PoetsPen","Runesmith:Nanobots","HandDrill","Oddly Smooth Stone","conspire:DecoderRing","hubris:Teleporter","qcfpunch:Black_Training_Shirt","Bottled Flame","hubris:DuctTape","ReplayFunnel","conspire:SlowCooker","War Paint","jedi:cryingmask","infinitespire:EvilPickle","energizedSpire:NeverEndingSparkler","Toxic Egg 2","potionbrewer:RamsHorn","Lee\u0027s Waffle","ReplayTheSpireMod:Spearhead","aspiration:Lifesprig","Black Star","MawBank","hubris:IronBody","Grinning Jar","MealTicket","infinitespire:ShieldingShard","vexMod:MemoryStick","Pen Nib","Boot","Matryoshka","infinitespire:CheckeredPen","Omamori","potionbrewer:SlideRule","conspire:TopHat","infinitespire:PuzzleCube","ChewingGum"],"acts_visited":["Exordium","TheCity","TheBeyond","Exordium","TheCity","TheBeyond","Exordium","TheCity"],"potions_floor_usage":[112,119,119],"damage_taken":[{"damage":0.0,"enemies":"Jaw Worm","floor":1.0,"turns":1.0},{"damage":10.0,"enemies":"Gremlin Nob","floor":6.0,"turns":2.0},{"damage":0.0,"enemies":"Lagavulin","floor":7.0,"turns":2.0},{"damage":12.0,"enemies":"3 Sentries","floor":8.0,"turns":2.0},{"damage":0.0,"enemies":"Lagavulin","floor":10.0,"turns":2.0},{"damage":0.0,"enemies":"Small Slimes","floor":12.0,"turns":1.0},{"damage":0.0,"enemies":"Gremlin Nob","floor":13.0,"turns":2.0},{"damage":0.0,"enemies":"2 Louse","floor":14.0,"turns":1.0},{"damage":40.0,"enemies":"Hexaghost","floor":16.0,"turns":3.0},{"damage":0.0,"enemies":"Spheric Guardian","floor":18.0,"turns":1.0},{"damage":0.0,"enemies":"Chosen","floor":20.0,"turns":1.0},{"damage":41.0,"enemies":"Slavers","floor":23.0,"turns":3.0},{"damage":9.0,"enemies":"Gremlin Leader","floor":25.0,"turns":2.0},{"damage":0.0,"enemies":"3 Cultists","floor":30.0,"turns":2.0},{"damage":0.0,"enemies":"Book of Stabbing","floor":31.0,"turns":2.0},{"damage":10.0,"enemies":"hubris:MusketHawk","floor":33.0,"turns":3.0},{"damage":11.0,"enemies":"3 Darklings","floor":35.0,"turns":4.0},{"damage":3.0,"enemies":"Orb Walker","floor":36.0,"turns":2.0},{"damage":0.0,"enemies":"Spire Growth","floor":38.0,"turns":2.0},{"damage":6.0,"enemies":"Nemesis","floor":41.0,"turns":3.0},{"damage":0.0,"enemies":"3 Darklings","floor":45.0,"turns":2.0},{"damage":6.0,"enemies":"Writhing Mass","floor":46.0,"turns":3.0},{"damage":43.0,"enemies":"Nightmare","floor":47.0,"turns":4.0},{"damage":16.0,"enemies":"Replay:Hell Engine","floor":50.0,"turns":4.0},{"damage":0.0,"enemies":"Jaw Worm","floor":52.0,"turns":2.0},{"damage":0.0,"enemies":"conspire:MimicChest","floor":53.0,"turns":3.0},{"damage":0.0,"enemies":"Small Slimes","floor":55.0,"turns":1.0},{"damage":0.0,"enemies":"Cultist","floor":56.0,"turns":1.0},{"damage":0.0,"enemies":"Lagavulin","floor":57.0,"turns":2.0},{"damage":122.0,"enemies":"Nightmare","floor":61.0,"turns":5.0},{"damage":0.0,"enemies":"Exordium Wildlife","floor":65.0,"turns":1.0},{"damage":0.0,"enemies":"Hexaghost","floor":67.0,"turns":1.0},{"damage":0.0,"enemies":"Shell Parasite","floor":69.0,"turns":1.0},{"damage":0.0,"enemies":"Slavers","floor":72.0,"turns":1.0},{"damage":0.0,"enemies":"Gremlin Leader","floor":75.0,"turns":2.0},{"damage":0.0,"enemies":"3 Byrds","floor":78.0,"turns":2.0},{"damage":0.0,"enemies":"Nightmare","floor":82.0,"turns":1.0},{"damage":0.0,"enemies":"Pondfish","floor":84.0,"turns":2.0},{"damage":0.0,"enemies":"Orb Walker","floor":86.0,"turns":1.0},{"damage":0.0,"enemies":"Nightmare","floor":96.0,"turns":1.0},{"damage":0.0,"enemies":"Awakened One","floor":100.0,"turns":4.0},{"damage":0.0,"enemies":"2 Louse","floor":102.0,"turns":1.0},{"damage":0.0,"enemies":"Jaw Worm","floor":105.0,"turns":1.0},{"damage":0,"enemies":"Cultist","floor":107,"turns":1},{"damage":0,"enemies":"Lagavulin","floor":109,"turns":1},{"damage":0,"enemies":"Gremlin Nob","floor":111,"turns":1},{"damage":0,"enemies":"2 Fungi Beasts","floor":112,"turns":1},{"damage":0,"enemies":"Lagavulin","floor":115,"turns":1},{"damage":0,"enemies":"The Guardian","floor":117,"turns":1},{"damage":0,"enemies":"conspire:FuzzyDice","floor":119,"turns":1}],"seed_played":"-6921109669717238408","potions_obtained":[{"floor":1.0,"key":"Elixir"},{"floor":6.0,"key":"BlessingOfTheForge"},{"floor":10.0,"key":"jedi:holywater"},{"floor":13.0,"key":"Energy Potion"},{"floor":14.0,"key":"potionbrewer:DiscountPotion"},{"floor":25.0,"key":"EntropicBrew"},{"floor":31.0,"key":"EntropicBrew"},{"floor":32.0,"key":"EssenceOfSteel"},{"floor":36.0,"key":"EntropicBrew"},{"floor":38.0,"key":"EntropicBrew"},{"floor":41.0,"key":"EntropicBrew"},{"floor":53.0,"key":"EntropicBrew"},{"floor":55.0,"key":"EntropicBrew"},{"floor":56.0,"key":"EntropicBrew"},{"floor":63.0,"key":"EntropicBrew"},{"floor":63.0,"key":"Cursed Concoction"},{"floor":69.0,"key":"EntropicBrew"},{"floor":75.0,"key":"EntropicBrew"},{"floor":91.0,"key":"jedi:tentaclejuice"},{"floor":91.0,"key":"potionbrewer:DiscountPotion"},{"floor":92.0,"key":"AttackPotion"},{"floor":92.0,"key":"ElixirPotion"},{"floor":96.0,"key":"EntropicBrew"},{"floor":105,"key":"EntropicBrew"},{"floor":107,"key":"EntropicBrew"},{"floor":111,"key":"EntropicBrew"},{"floor":116,"key":"DistilledChaos"},{"floor":116,"key":"Elixir"}],"is_trial":true,"path_per_floor":["M","?","?","$","?","E","E","E","T","E","R","M","E","M","R","B",null,"M","?","M","$","AVR","E","?","E","T","R","T","R","M","E","R","B",null,"M","M","$","M","?","R","E","T","T","$","M","M","NM","T","R","B",null,"M","?","AVR","M","M","E","T","R","T","NM","$","R","R","M","R","B",null,"M","$","?","E","T","R","E","T","M","R","$","AVR","NM","R","B",null,"M","?","T","$","R","R","T","NS","NM","R","$","R","B",null,"M","?","$","M","T","M","R","E","T","E","M","R","R","E","R","B",null,"M"],"character_chosen":"IRONCLAD","items_purchased":["infinitespire:OneForAll","vexMod:Cooldron","hubris:TenFootPole","sagemod:The_Guidebook_Guide","Blood Vial","Dark Embrace","Replay:Undeath\u0027s Touch","ReplayTheSpireMod:CursedCoin","Bronze Scales","hubris:Reverence","ClockworkSouvenir","hubris:SphereOfDissonance","Durian","Red Skull","Replay:Wax Seal","Chameleon Ring","jedi:controlledanger","infinitespire:OneForAll","HandDrill","ReplayTheSpireMod:Corrosion Curse","Dark Embrace","hubris:DuctTape","ReplayFunnel","jedi:fear","Lee\u0027s Waffle","ReplayTheSpireMod:Private Reserves+1","jedi:forcepush+1","hubris:IronBody","Grinning Jar","Feel No Pain+1"],"campfire_rested":0,"item_purchase_floors":[4,21,21,37,37,37,37,44,44,62,62,62,62,62,62,62,62,62,70,70,70,80,80,80,90,90,90,104,104,104],"current_hp_per_floor":[85,92,92,92,92,88,92,86,86,92,92,92,92,92,92,58,92,92,92,92,92,102,67,67,64,64,64,64,64,70,102,102,102,132,127,130,130,132,132,132,132,132,132,132,132,132,95,95,95,87,132,132,132,132,132,132,132,132,132,132,18,23,23,23,31,31,39,139,139,139,139,141,141,141,141,141,141,141,141,141,141,141,141,141,141,144,144,151,151,151,151,151,151,151,151,151,153,153,153,148,148,153,153,153,153,155,155,155,155,155,155,155,155,157,157,157,157],"gold":347,"neow_bonus":"","is_daily":false,"chose_seed":false,"campfire_upgraded":11,"win_rate":0.0,"timestamp":1610911835,"path_taken":["M","?","?","?","?","E","?","E","T","?","R","?","E","M","R","BOSS","M","?","M","$","AVR","E","?","?","T","R","?","R","?","?","R","BOSS","M","M","$","M","?","R","E","?","T","?","?","?","NM","?","R","BOSS","M","?","AVR","?","?","E","?","R","T","NM","$","R","R","?","R","BOSS","M","$","?","?","?","R","E","T","?","R","?","AVR","NM","R","BOSS","M","?","?","$","R","R","T","NS","NM","R","$","R","BOSS","M","?","$","?","?","?","R","E","T","?","?","R","R","E","R","BOSS","M"],"items_purchased_type":["Card","Relic","Relic","Relic","Relic","Card","Card","Relic","Relic","Relic","Relic","Relic","Relic","Relic","Relic","Relic","Card","Card","Relic","Card","Card","Relic","Relic","Card","Relic","Card","Card","Relic","Relic","Card"],"build_version":"2020-12-22","purchased_purges":1,"victory":false,"max_hp_per_floor":[85,92,92,92,92,92,92,92,92,92,92,92,92,92,92,92,92,92,92,92,92,102,102,102,102,102,102,102,102,102,102,102,102,132,132,132,132,132,132,132,132,132,132,132,132,132,132,132,132,132,132,132,132,132,132,132,132,132,132,132,134,139,139,139,139,139,139,139,139,139,139,141,141,141,141,141,141,141,141,141,141,141,141,141,141,144,144,151,151,151,151,151,151,151,151,151,153,153,153,153,153,153,153,153,153,155,155,155,155,155,155,155,155,157,157,157,157],"card_choices":[{"not_picked":["ReplayTheSpireMod:Stacked","Clothesline"],"picked":"Thunderclap","floor":0.0},{"not_picked":["Body Slam","ReplayTheSpireMod:LeadingStrike"],"picked":"Twin Strike","floor":0.0},{"not_picked":["Abandon","ReplayTheSpireMod:Corrosion Curse"],"picked":"ReplayTheSpireMod:Strike From Hell","floor":0.0},{"not_picked":["Shockwave","Sever Soul"],"picked":"hubris:SharpeningStone","floor":0.0},{"not_picked":["Shrug It Off","Cleave"],"picked":"Infernal Blade","floor":0.0},{"not_picked":["Hemokinesis","Fire Breathing"],"picked":"jedi:collectorstrike","floor":0.0},{"not_picked":["Havoc","Power Through"],"picked":"Headbutt","floor":0.0},{"not_picked":["Entrench","Clash"],"picked":"Run Through","floor":0.0},{"not_picked":["Body Slam","Headbutt"],"picked":"Blood for Blood","floor":0.0},{"not_picked":["Dark Embrace","Warcry"],"picked":"Anger","floor":0.0},{"not_picked":["hubris:ReadiedAction","Twin Strike"],"picked":"Flame Barrier","floor":0.0},{"not_picked":["Perfected Strike","hubris:ReadiedAction"],"picked":"Shockwave","floor":0.0},{"not_picked":["ReplayTheSpireMod:Corrosion Curse","Armaments"],"picked":"Warcry","floor":0.0},{"not_picked":["Flame Barrier","Perfected Strike"],"picked":"Wild Strike","floor":0.0},{"not_picked":["Combust","Power Through"],"picked":"Wild Strike","floor":0.0},{"not_picked":["Infernal Blade","ReplayTheSpireMod:LeadingStrike"],"picked":"jedi:fear","floor":6.0},{"not_picked":["Body Slam","Shockwave"],"picked":"Intimidate","floor":7.0},{"not_picked":["Armaments","Havoc"],"picked":"jedi:collectorstrike","floor":8.0},{"not_picked":["Massacre","jedi:collectorstrike"],"picked":"Berserk","floor":10.0},{"not_picked":["Clothesline","Flame Barrier"],"picked":"Thunderclap","floor":13.0},{"not_picked":["Corruption","jedi:collectorstrike"],"picked":"Berserk","floor":16.0},{"not_picked":["Spreading Infection","animator:Curse_GriefSeed"],"picked":"vexMod:UltimateCard","floor":17.0},{"not_picked":["hubris:Sloth","Doubt"],"picked":"Elementarium:StickyTar","floor":17.0},{"not_picked":["Hallucinations","animator:Curse_GriefSeed"],"picked":"Elementarium:StickyTar","floor":17.0},{"not_picked":["conspire:ExplosiveBarrier","Body Slam+1","jedi:collectorstrike"],"picked":"SKIP","floor":23.0},{"not_picked":["Replay:Many Hands","ReplayTheSpireMod:Strike From Hell","True Grit"],"picked":"SKIP","floor":25.0},{"not_picked":["Armaments","Burning Pact"],"picked":"Shockwave+1","floor":31.0},{"not_picked":["Double Tap","Limit Break"],"picked":"Barricade","floor":33.0},{"not_picked":["Burning Pact","Armaments","Body Slam"],"picked":"Crescendo","floor":41.0},{"not_picked":["Cleave+1","Havoc","CrushJoints"],"picked":"Pummel","floor":47.0},{"not_picked":["Bludgeon","jedi:strikingstrike","hubris:StunningStrike"],"picked":"Alpha","floor":50.0},{"not_picked":["Body Slam","Flame Barrier","EmptyBody"],"picked":"Replay:Undeath\u0027s Touch","floor":53.0},{"not_picked":["Anger","True Grit","Replay:AtTheReady"],"picked":"Run Through","floor":57.0},{"not_picked":["Headbutt","Run Through","Searing Blow","EmptyFist"],"picked":"Singing Bowl","floor":61.0},{"not_picked":["Berserk","Juggernaut","Brutality"],"picked":"DevaForm","floor":67.0},{"not_picked":["Cleave","Headbutt","Armaments","FlurryOfBlows"],"picked":"Singing Bowl","floor":72.0},{"not_picked":["Anger+1","Defy Death","Rampage"],"picked":"FlyingSleeves","floor":75.0},{"not_picked":["infinitespire:SealOfDarkness+","ReplayTheSpireMod:Black Plague"],"picked":"infinitespire:FutureSight","floor":82.0},{"not_picked":["Sword Boomerang","infinitespire:OneForAll","Replay:AtTheReady"],"picked":"Heavy Blade","floor":82.0},{"not_picked":["infinitespire:TheBestDefense","infinitespire:Fortify"],"picked":"hubris:Rewind","floor":84.0},{"not_picked":["Barricade","Exhume","Immolate"],"picked":"Devotion","floor":84.0},{"not_picked":["Replay:Fractal Strike","infinitespire:NeuralNetwork"],"picked":"infinitespire:UltimateForm","floor":96.0},{"not_picked":["Rupture","Body Slam","Cleave+1"],"picked":"Conclude","floor":96.0},{"not_picked":["conspire:HitWhereItHurts","Juggernaut","hubris:StunningStrike","Alpha"],"picked":"Singing Bowl","floor":100.0},{"not_picked":["Wild Strike","Brutality","Warcry+1","Consecrate"],"picked":"Singing Bowl","floor":109},{"not_picked":["Perfected Strike","Warcry+1","Adaptation"],"picked":"jedi:MakeshiftSword","floor":111},{"not_picked":["Iron Wave","Massacre","FollowUp"],"picked":"Infernal Blade+1","floor":115},{"not_picked":["jedi:unlimitedpower","Brutality","Corruption","Replay:AllIn"],"picked":"Singing Bowl","floor":117}],"player_experience":99028,"relics_obtained":[{"floor":1.0,"key":"vexMod:Dragonfruit"},{"floor":2.0,"key":"Strawberry"},{"floor":6.0,"key":"hubris:Potato"},{"floor":7.0,"key":"Akabeko"},{"floor":8.0,"key":"infinitespire:Beetle Shell"},{"floor":9.0,"key":"jedi:HeartOfTheCards"},{"floor":10.0,"key":"Dream Catcher"},{"floor":12.0,"key":"qcfpunch:Wrestler\u0027s_Cloak"},{"floor":13.0,"key":"FossilizedHelix"},{"floor":14.0,"key":"Blue Doll"},{"floor":18.0,"key":"qcfpunch:Lotus_Statue"},{"floor":20.0,"key":"Vajra"},{"floor":22.0,"key":"aspiration:TomeofQuesting"},{"floor":22.0,"key":"Pear"},{"floor":22.0,"key":"qcfpunch:Fighting_Gloves"},{"floor":23.0,"key":"hubris:Metronome"},{"floor":25.0,"key":"potionbrewer:ToyAutogyro"},{"floor":26.0,"key":"Replay:Bandana"},{"floor":28.0,"key":"Golden Egg"},{"floor":30.0,"key":"infinitespire:Lucky Rock"},{"floor":31.0,"key":"vexMod:BarristanHead"},{"floor":35.0,"key":"hubris:TinFlute"},{"floor":36.0,"key":"Kunai"},{"floor":38.0,"key":"hubris:DisguiseKit"},{"floor":41.0,"key":"hubris:PeanutButter"},{"floor":42.0,"key":"aspiration:FrozenJewel"},{"floor":43.0,"key":"Mercury Hourglass"},{"floor":45.0,"key":"hubris:ChampionShield"},{"floor":46.0,"key":"CeramicFish"},{"floor":47.0,"key":"qcfpunch:Not_Strongest_Fighting_Style_Guidebook"},{"floor":48.0,"key":"Bag of Preparation"},{"floor":49.0,"key":"qcfpunch:White_Boots"},{"floor":53.0,"key":"jedi:gremlinknob"},{"floor":55.0,"key":"jedi:angrymask"},{"floor":56.0,"key":"qcfpunch:Red_Beret"},{"floor":57.0,"key":"hubris:OldNail"},{"floor":58.0,"key":"Singing Bowl"},{"floor":60.0,"key":"The Courier"},{"floor":61.0,"key":"infinitespire:Satchel"},{"floor":65.0,"key":"qcfpunch:Spiky_Bracers"},{"floor":66.0,"key":"Art of War"},{"floor":69.0,"key":"Runesmith:Nanobots"},{"floor":72.0,"key":"Oddly Smooth Stone"},{"floor":73.0,"key":"conspire:DecoderRing"},{"floor":75.0,"key":"hubris:Teleporter"},{"floor":77.0,"key":"qcfpunch:Black_Training_Shirt"},{"floor":78.0,"key":"Bottled Flame"},{"floor":82.0,"key":"War Paint"},{"floor":83.0,"key":"jedi:cryingmask"},{"floor":86.0,"key":"Toxic Egg 2"},{"floor":89.0,"key":"potionbrewer:RamsHorn"},{"floor":94.0,"key":"ReplayTheSpireMod:Spearhead"},{"floor":96.0,"key":"aspiration:Lifesprig"},{"floor":102.0,"key":"MawBank"},{"floor":105,"key":"MealTicket"},{"floor":106,"key":"infinitespire:ShieldingShard"},{"floor":107,"key":"vexMod:MemoryStick"},{"floor":109,"key":"Pen Nib"},{"floor":109,"key":"Boot"},{"floor":110,"key":"Matryoshka"},{"floor":111,"key":"infinitespire:CheckeredPen"},{"floor":111,"key":"Omamori"},{"floor":112,"key":"potionbrewer:SlideRule"},{"floor":115,"key":"conspire:TopHat"},{"floor":115,"key":"infinitespire:PuzzleCube"}],"event_choices":[{"damage_healed":0.0,"max_hp_gain":0.0,"max_hp_loss":0.0,"gold_gain":0.0,"event_name":"Match and Keep!","player_choice":"0 cards matched","floor":5.0,"gold_loss":0.0,"damage_taken":0.0,"cards_obtained":[]},{"cards_removed":["vexMod:UltimateCard"],"damage_healed":0.0,"max_hp_gain":0.0,"max_hp_loss":0.0,"gold_gain":0.0,"event_name":"Back to Basics","player_choice":"Elegance","floor":19.0,"gold_loss":0.0,"damage_taken":0.0},{"damage_healed":0.0,"max_hp_gain":0.0,"max_hp_loss":0.0,"gold_gain":0.0,"event_name":"Addict","player_choice":"Stole Relic","floor":24.0,"gold_loss":0.0,"damage_taken":0.0,"relics_obtained":["Thread and Needle"],"cards_obtained":["Shame"]},{"damage_healed":0.0,"max_hp_gain":0.0,"max_hp_loss":0.0,"gold_gain":0.0,"event_name":"conspire:Investor","player_choice":"Invest 1","floor":39.0,"gold_loss":0.0,"damage_taken":0.0},{"damage_healed":0.0,"max_hp_gain":0.0,"max_hp_loss":0.0,"gold_gain":200.0,"event_name":"Wheel of Change","player_choice":"Gold","floor":71.0,"gold_loss":0.0,"damage_taken":0.0},{"damage_healed":0.0,"max_hp_gain":0.0,"max_hp_loss":0.0,"gold_gain":75.0,"event_name":"World of Goop","player_choice":"Gather Gold","floor":103.0,"gold_loss":0.0,"damage_taken":11.0}],"is_beta":false,"boss_relics":[{"not_picked":["aspiration:RunicSpoon","jedi:paperlyon"],"picked":"Replay:Ancient Bell"},{"not_picked":["conspire:TopHat","MawBank"],"picked":"Tiny Chest"},{"not_picked":["Pantograph","vexMod:ScavengeHelm"],"picked":"Garlic"},{"not_picked":["Replay:Kaleidoscope","potionbrewer:AlchemistFlask"],"picked":"vexMod:RedPlottingStone"},{"not_picked":["Runic Dome","jedi:endoplasm"],"picked":"vexMod:BigBerry"},{"not_picked":["conspire:SpecialSausage","hubris:ScarierMask"],"picked":"vexMod:RockOfEvil"},{"not_picked":["Black Blood","jedi:paperlyon"],"picked":"aspiration:PoetsPen"},{"not_picked":["Runic Cube","Empty Cage"],"picked":"energizedSpire:NeverEndingSparkler"},{"not_picked":["ReplayTheSpireMod:SealedPack","Ring of Chaos"],"picked":"Black Star"},{"not_picked":["aspiration:MobileForge","Painkiller Herb"],"picked":"ChewingGum"}],"items_purged_floors":[70],"is_endless":true,"potions_floor_spawned":[1,6,10,13,14,25,31,36,38,41,46,53,55,56,65,69,75,96,105,107,111,117],"killed_by":"conspire:FuzzyDice","ascension_level":0}}