{"host":"mai03x2ekbjy4059","time":1610847906,"event":{"mods":["2.2 Compatiblity","BaseMod","DeckTracker","Keyboard Shortcuts","Minty Spire (QoL Compilation)","Permanent Neow","Quick Restart","SuperFastMode","everything is the same but u backflip on backflip"],"gold_per_floor":[111,130,130,142,67,99,111,145,145,156,172,182,215,215,215,319,319,337,22,22,22,42,69,69,69,69,69,119,154,165,196,196,298,298,315,315,328,341,364,364,392,392,392,68,95,47,63,78,78,78],"floor_reached":51,"language":"KOR","playtime":1272,"items_purged":["Defend_R"],"score":923,"play_id":"d1f247aa-8ac5-45f5-b6c6-7c7f4831318b","local_time":"20210117104506","is_ascension_mode":true,"campfire_choices":[{"data":"Armaments","floor":15.0,"key":"SMITH"},{"data":"RitualDagger","floor":24.0,"key":"SMITH"},{"data":"Perfected Strike","floor":32.0,"key":"SMITH"},{"data":"Feel No Pain","floor":40.0,"key":"SMITH"},{"data":"Bash","floor":42.0,"key":"SMITH"},{"floor":49.0,"key":"REST"}],"circlet_count":0,"master_deck":["Strike_R","Strike_R","Strike_R","Strike_R","Defend_R","Defend_R","Bash+1","Twin Strike","Armaments+1","Perfected Strike+1","Feel No Pain+1","Pommel Strike","Twin Strike","RitualDagger+1","Shame","Perfected Strike+1","Rage+1","Perfected Strike+1","Pommel Strike+1"],"relics":["Burning Blood","Ancient Tea Set","Meat on the Bone","Thread and Needle","Du-Vu Doll","StrikeDummy","Snecko Eye","Blood Vial","Orichalcum","Pen Nib","Singing Bowl","Tiny Chest","Molten Egg 2","Eternal Feather","Black Star","Regal Pillow","Toxic Egg 2","Incense Burner","PreservedInsect","Ornamental Fan","Oddly Smooth Stone","Bird Faced Urn"],"acts_visited":["Exordium","TheCity","TheBeyond"],"potions_floor_usage":[50,50,50],"damage_taken":[{"damage":11.0,"enemies":"Jaw Worm","floor":1.0,"turns":3.0},{"damage":1.0,"enemies":"Cultist","floor":2.0,"turns":3.0},{"damage":7.0,"enemies":"Small Slimes","floor":4.0,"turns":3.0},{"damage":21.0,"enemies":"3 Sentries","floor":6.0,"turns":7.0},{"damage":1.0,"enemies":"2 Fungi Beasts","floor":7.0,"turns":4.0},{"damage":13.0,"enemies":"Gremlin Nob","floor":8.0,"turns":4.0},{"damage":7.0,"enemies":"Blue Slaver","floor":10.0,"turns":3.0},{"damage":5.0,"enemies":"3 Louse","floor":11.0,"turns":4.0},{"damage":4.0,"enemies":"Red Slaver","floor":12.0,"turns":4.0},{"damage":18.0,"enemies":"3 Sentries","floor":13.0,"turns":8.0},{"damage":26.0,"enemies":"Hexaghost","floor":16.0,"turns":7.0},{"damage":1.0,"enemies":"Chosen","floor":18.0,"turns":3.0},{"damage":15.0,"enemies":"2 Thieves","floor":22.0,"turns":4.0},{"damage":16.0,"enemies":"Book of Stabbing","floor":23.0,"turns":4.0},{"damage":38.0,"enemies":"Gremlin Leader","floor":29.0,"turns":5.0},{"damage":0.0,"enemies":"Snecko","floor":30.0,"turns":2.0},{"damage":18.0,"enemies":"Book of Stabbing","floor":31.0,"turns":4.0},{"damage":23.0,"enemies":"Collector","floor":33.0,"turns":3.0},{"damage":30.0,"enemies":"3 Darklings","floor":35.0,"turns":5.0},{"damage":8.0,"enemies":"Orb Walker","floor":37.0,"turns":3.0},{"damage":0.0,"enemies":"Sphere and 2 Shapes","floor":38.0,"turns":3.0},{"damage":53.0,"enemies":"Giant Head","floor":41.0,"turns":7.0},{"damage":33.0,"enemies":"Nemesis","floor":45.0,"turns":3.0},{"damage":0.0,"enemies":"Transient","floor":47.0,"turns":5.0},{"damage":16.0,"enemies":"Spire Growth","floor":48.0,"turns":3.0},{"damage":21,"enemies":"Donu and Deca","floor":50,"turns":6}],"seed_played":"150730839944864591","potions_obtained":[{"floor":2.0,"key":"Fire Potion"},{"floor":6.0,"key":"Block Potion"},{"floor":8.0,"key":"PowerPotion"},{"floor":11.0,"key":"BlessingOfTheForge"},{"floor":23.0,"key":"ColorlessPotion"},{"floor":30.0,"key":"Swift Potion"},{"floor":31.0,"key":"DuplicationPotion"},{"floor":36.0,"key":"Strength Potion"}],"is_trial":false,"path_per_floor":["M","M","?","M","$","E","M","E","T","M","M","M","E","?","R","B",null,"M","$","?","?","M","E","R","$","T","?","?","E","M","E","R","B",null,"M","?","M","M","T","R","E","R","T","$","E","$","M","M","R","B",null],"character_chosen":"IRONCLAD","items_purchased":["Twin Strike","Blood Vial","Orichalcum","Ornamental Fan","Rage+1","Strength Potion"],"campfire_rested":1,"item_purchase_floors":[19,19,19,44,44,46],"current_hp_per_floor":[51,56,56,55,55,40,45,38,38,49,50,52,52,34,34,26,80,80,80,74,74,67,59,59,59,59,59,59,43,53,57,66,53,88,66,66,68,78,78,87,54,63,63,63,52,52,60,64,96,83],"gold":78,"neow_bonus":"TRANSFORM_TWO_CARDS","is_daily":false,"chose_seed":false,"campfire_upgraded":5,"win_rate":0.0,"timestamp":1610847906,"path_taken":["M","M","?","?","$","E","M","E","T","?","M","M","E","?","R","BOSS","M","$","?","?","M","E","R","$","T","?","?","E","?","E","R","BOSS","M","?","M","M","?","R","E","R","T","$","E","$","M","M","R","BOSS"],"items_purchased_type":["Card","Relic","Relic","Relic","Card","Potion"],"build_version":"2020-12-22","purchased_purges":1,"victory":true,"max_hp_per_floor":[80,80,80,80,80,80,80,80,80,80,80,80,80,80,80,80,80,80,80,80,80,80,80,80,80,80,80,80,82,84,86,86,88,88,90,90,92,94,94,94,94,94,94,94,96,96,96,96,96,96],"card_choices":[{"not_picked":["Thunderclap","Bloodletting","Burning Pact"],"picked":"SKIP","floor":1.0},{"not_picked":["Rupture","Heavy Blade","Flex"],"picked":"SKIP","floor":2.0},{"not_picked":["Infernal Blade","Cleave"],"picked":"Perfected Strike","floor":4.0},{"not_picked":["Clash","Warcry","Burning Pact"],"picked":"SKIP","floor":6.0},{"not_picked":["Cleave","Dual Wield","Flex"],"picked":"SKIP","floor":7.0},{"not_picked":["Body Slam","Corruption","Impervious"],"picked":"SKIP","floor":8.0},{"not_picked":["Iron Wave","Sever Soul"],"picked":"Feel No Pain","floor":10.0},{"not_picked":["Dropkick","Armaments","Clothesline"],"picked":"SKIP","floor":11.0},{"not_picked":["Infernal Blade","Armaments","Whirlwind"],"picked":"SKIP","floor":12.0},{"not_picked":["Rampage","Limit Break","Cleave"],"picked":"SKIP","floor":13.0},{"not_picked":["Thunderclap","Anger"],"picked":"Pommel Strike","floor":18.0},{"not_picked":["Inflame+1","Body Slam","Clash"],"picked":"SKIP","floor":22.0},{"not_picked":["Infernal Blade","Rupture+1","Impervious"],"picked":"SKIP","floor":23.0},{"not_picked":["Headbutt+1","Anger+1","Uppercut+1"],"picked":"Singing Bowl","floor":29.0},{"not_picked":["Warcry","Armaments","Dark Embrace"],"picked":"Singing Bowl","floor":30.0},{"not_picked":["Shrug It Off+1","Reaper+1","Searing Blow+1"],"picked":"Singing Bowl","floor":31.0},{"not_picked":["Reaper+1","Immolate+1","Juggernaut"],"picked":"Singing Bowl","floor":33.0},{"not_picked":["Iron Wave+1","Flex","Clash+1"],"picked":"Singing Bowl","floor":35.0},{"not_picked":["True Grit+1","Dual Wield","Flame Barrier"],"picked":"Singing Bowl","floor":37.0},{"not_picked":["Shockwave","Infernal Blade","Shrug It Off"],"picked":"Singing Bowl","floor":38.0},{"not_picked":["Shrug It Off+1","Thunderclap+1"],"picked":"Perfected Strike+1","floor":41.0},{"not_picked":["Feel No Pain","Iron Wave+1","Body Slam+1"],"picked":"Singing Bowl","floor":45.0},{"not_picked":["Heavy Blade+1","Flame Barrier+1"],"picked":"Perfected Strike+1","floor":47.0},{"not_picked":["Inflame+1","Immolate+1"],"picked":"Pommel Strike+1","floor":48.0}],"player_experience":1065633,"relics_obtained":[{"floor":6.0,"key":"Ancient Tea Set"},{"floor":8.0,"key":"Meat on the Bone"},{"floor":9.0,"key":"Thread and Needle"},{"floor":13.0,"key":"Du-Vu Doll"},{"floor":23.0,"key":"Pen Nib"},{"floor":26.0,"key":"Singing Bowl"},{"floor":29.0,"key":"Molten Egg 2"},{"floor":31.0,"key":"Eternal Feather"},{"floor":39.0,"key":"Regal Pillow"},{"floor":41.0,"key":"Toxic Egg 2"},{"floor":41.0,"key":"Incense Burner"},{"floor":43.0,"key":"PreservedInsect"},{"floor":45.0,"key":"Oddly Smooth Stone"},{"floor":45.0,"key":"Bird Faced Urn"}],"event_choices":[{"damage_healed":0.0,"max_hp_gain":0.0,"max_hp_loss":0.0,"gold_gain":0.0,"event_name":"NoteForYourself","player_choice":"Ignored","floor":3.0,"gold_loss":0.0,"damage_taken":0.0},{"damage_healed":0.0,"max_hp_gain":0.0,"max_hp_loss":0.0,"gold_gain":0.0,"event_name":"Scrap Ooze","player_choice":"Success","floor":14.0,"gold_loss":0.0,"damage_taken":18.0,"relics_obtained":["StrikeDummy"]},{"damage_healed":0.0,"max_hp_gain":0.0,"max_hp_loss":0.0,"gold_gain":0.0,"event_name":"Nest","player_choice":"Joined the Cult","floor":20.0,"gold_loss":0.0,"damage_taken":6.0,"cards_obtained":["RitualDagger"]},{"damage_healed":0.0,"max_hp_gain":0.0,"max_hp_loss":0.0,"gold_gain":0.0,"event_name":"Cursed Tome","player_choice":"Ignored","floor":21.0,"gold_loss":0.0,"damage_taken":0.0},{"damage_healed":0.0,"max_hp_gain":0.0,"max_hp_loss":0.0,"gold_gain":0.0,"event_name":"Addict","player_choice":"Stole Relic","floor":27.0,"gold_loss":0.0,"damage_taken":0.0,"relics_obtained":["Tiny Chest"],"cards_obtained":["Shame"]},{"damage_healed":0.0,"max_hp_gain":0.0,"max_hp_loss":0.0,"gold_gain":100.0,"event_name":"The Joust","player_choice":"Bet on Murderer","floor":28.0,"gold_loss":50.0,"damage_taken":0.0},{"damage_healed":0.0,"max_hp_gain":0.0,"max_hp_loss":0.0,"gold_gain":0.0,"event_name":"Lab","player_choice":"Got Potions","floor":36.0,"gold_loss":0.0,"damage_taken":0.0}],"is_beta":false,"boss_relics":[{"not_picked":["Ectoplasm","SlaversCollar"],"picked":"Snecko Eye"},{"not_picked":["Astrolabe","Runic Cube"],"picked":"Black Star"}],"items_purged_floors":[5],"is_endless":false,"potions_floor_spawned":[2,6,8,10,11,16,23,29,30,31,38],"ascension_level":1}}