{"host":"vyjryxuuuxkt43k4","time":1610888370,"event":{"mods":["AchievementEnabler","BaseMod","Colored Map","DeckTracker","Keyboard Shortcuts","Minty Spire (QoL Compilation)","Permanent Neow","Quick Restart","StSLib","SuperFastMode","everything is the same but u backflip on backflip"],"gold_per_floor":[119,136,211,229,229,229,245,272,325,325,325,325,212,228,228,324,324,338,437,100,114,114,114,114,114],"floor_reached":24,"language":"KOR","playtime":809,"items_purged":["Defend_R"],"score":316,"play_id":"2a3482dc-678e-4188-b338-3629282d203d","local_time":"20210117215929","is_ascension_mode":true,"campfire_choices":[{"floor":6.0,"key":"REST"},{"floor":12.0,"key":"REST"},{"data":"Uppercut","floor":15,"key":"SMITH"},{"data":"Ghostly","floor":23,"key":"SMITH"}],"circlet_count":0,"master_deck":["AscendersBane","Strike_R","Strike_R","Strike_R+1","Strike_R","Strike_R","Defend_R+1","Defend_R","Feed","Perfected Strike+1","Perfected Strike","Flame Barrier","Uppercut+1","Perfected Strike","Fire Breathing+1","Battle Trance","Demon Form+1","Thunderclap+1","Shrug It Off","Ghostly+1","Ghostly","Ghostly","Ghostly","Ghostly"],"relics":["Burning Blood","Frozen Egg 2","Dream Catcher","Empty Cage","Ice Cream"],"acts_visited":["Exordium","TheCity"],"potions_floor_usage":[24,24],"damage_taken":[{"damage":1.0,"enemies":"Cultist","floor":1.0,"turns":3.0},{"damage":14.0,"enemies":"Jaw Worm","floor":2.0,"turns":5.0},{"damage":7.0,"enemies":"2 Louse","floor":4.0,"turns":2.0},{"damage":8.0,"enemies":"2 Fungi Beasts","floor":7.0,"turns":3.0},{"damage":32.0,"enemies":"Lagavulin","floor":8.0,"turns":8.0},{"damage":12.0,"enemies":"Looter","floor":14.0,"turns":5.0},{"damage":28,"enemies":"Slime Boss","floor":16,"turns":6},{"damage":30,"enemies":"Spheric Guardian","floor":18,"turns":4},{"damage":31,"enemies":"Shell Parasite","floor":21,"turns":7},{"damage":48,"enemies":"Gremlin Leader","floor":24,"turns":7}],"seed_played":"-490484378431966885","potions_obtained":[{"floor":2.0,"key":"SpeedPotion"},{"floor":4.0,"key":"SpeedPotion"},{"floor":8.0,"key":"Swift Potion"},{"floor":18,"key":"Fire Potion"}],"is_trial":false,"path_per_floor":["M","M","?","M","?","R","M","E","T","?","?","R","$","M","R","B",null,"M","?","$","M","?","R","E"],"character_chosen":"IRONCLAD","items_purchased":["Fire Breathing+1","Ice Cream","Shrug It Off"],"campfire_rested":2,"item_purchase_floors":[13,20,20],"current_hp_per_floor":[59,54,43,45,27,53,54,28,28,28,33,62,62,56,56,34,81,60,60,60,35,35,35,0,0],"gold":114,"neow_bonus":"THREE_RARE_CARDS","is_daily":false,"chose_seed":false,"campfire_upgraded":2,"win_rate":0.0,"timestamp":1610888369,"path_taken":["M","M","?","M","?","R","M","E","T","?","?","R","?","M","R","BOSS","M","?","$","M","?","R","E"],"items_purchased_type":["Card","Relic","Card"],"build_version":"2020-12-22","purchased_purges":1,"victory":false,"max_hp_per_floor":[83,86,86,89,89,89,92,92,92,92,97,97,97,97,97,97,97,100,100,100,100,50,50,50,50],"card_choices":[{"not_picked":["Juggernaut","Demon Form"],"picked":"Feed","floor":0.0},{"not_picked":["Flex","Whirlwind"],"picked":"Perfected Strike","floor":1.0},{"not_picked":["Armaments","Hemokinesis"],"picked":"Perfected Strike","floor":2.0},{"not_picked":["Carnage","Anger","Rage"],"picked":"SKIP","floor":4.0},{"not_picked":["Heavy Blade","Thunderclap"],"picked":"Flame Barrier","floor":7.0},{"not_picked":["Blood for Blood","Heavy Blade"],"picked":"Uppercut","floor":8.0},{"not_picked":["Ghostly Armor","Wild Strike"],"picked":"Perfected Strike","floor":12.0},{"not_picked":["Intimidate","Headbutt"],"picked":"Battle Trance","floor":14.0},{"not_picked":["Impervious","Exhume"],"picked":"Demon Form+1","floor":16},{"not_picked":["Headbutt","Burning Pact"],"picked":"Thunderclap+1","floor":18},{"not_picked":["Rage","Anger","Uppercut"],"picked":"SKIP","floor":21}],"player_experience":414534,"relics_obtained":[{"floor":8.0,"key":"Frozen Egg 2"},{"floor":9.0,"key":"Dream Catcher"}],"event_choices":[{"damage_healed":0.0,"max_hp_gain":0.0,"max_hp_loss":0.0,"gold_gain":75.0,"event_name":"World of Goop","player_choice":"Gather Gold","floor":3.0,"gold_loss":0.0,"damage_taken":11.0},{"damage_healed":0.0,"max_hp_gain":0.0,"max_hp_loss":0.0,"gold_gain":0.0,"event_name":"Shining Light","player_choice":"Entered Light","floor":5.0,"gold_loss":0.0,"damage_taken":18.0,"cards_upgraded":["Defend_R","Strike_R"]},{"damage_healed":0.0,"max_hp_gain":0.0,"max_hp_loss":0.0,"gold_gain":0.0,"event_name":"Living Wall","player_choice":"Grow","floor":10.0,"gold_loss":0.0,"damage_taken":0.0,"cards_upgraded":["Perfected Strike"]},{"damage_healed":0.0,"max_hp_gain":5.0,"max_hp_loss":0.0,"gold_gain":0.0,"event_name":"Big Fish","player_choice":"Donut","floor":11.0,"gold_loss":0.0,"damage_taken":0.0},{"damage_healed":0,"gold_gain":99,"player_choice":"Stole From Cult","damage_taken":0,"max_hp_gain":0,"max_hp_loss":0,"event_name":"Nest","floor":19,"gold_loss":0},{"damage_healed":0,"gold_gain":0,"player_choice":"Became a Ghost","damage_taken":0,"max_hp_gain":0,"max_hp_loss":50,"event_name":"Ghosts","floor":22,"gold_loss":0,"cards_obtained":["Ghostly","Ghostly","Ghostly","Ghostly","Ghostly"]}],"is_beta":false,"boss_relics":[{"not_picked":["Runic Dome","Tiny House"],"picked":"Empty Cage"}],"items_purged_floors":[13],"is_endless":false,"potions_floor_spawned":[2,4,8,18],"killed_by":"Gremlin Leader","ascension_level":10}}