{"host":"hy0jryqxzmxotc0g","time":1610847131,"event":{"mods":["BaseMod","BetterRewards","Minty Spire (QoL Compilation)","StSLib","The Bladedancer","The Bug Knight","The Cursed","The Disciple","The Exalted","The Saiyan","The Servant 0.9.4"],"gold_per_floor":[115,115,135,135,155,188,188,113,113,142,70,105,105,118,118,220,220,233,233,252,262,262,262,262,262,287,312,327,344,344,344,344,448,448,459,474,474,484,42,42,42,53,129,179,194,194,219,267,267,267,267,267,37,72,72],"floor_reached":56,"language":"FRA","playtime":25326,"items_purged":["blademaster:Defend"],"score":1163,"play_id":"05e13515-fe1b-49f7-a5bf-7a8262ed9361","local_time":"20210117023211","is_ascension_mode":false,"campfire_choices":[{"floor":7.0,"key":"RECALL"},{"data":"blademaster:Quickstep","floor":13.0,"key":"SMITH"},{"data":"blademaster:Bloodbath","floor":15.0,"key":"SMITH"},{"data":"blademaster:ColdBlood","floor":23.0,"key":"SMITH"},{"data":"blademaster:Blockade","floor":25.0,"key":"SMITH"},{"floor":32,"key":"REST"},{"floor":40,"key":"REST"},{"floor":49,"key":"REST"},{"floor":52,"key":"REST"}],"circlet_count":0,"master_deck":["blademaster:Strike","blademaster:Strike","blademaster:Strike","blademaster:Defend","blademaster:Defend","blademaster:RagingBlow","blademaster:HighVoltage","blademaster:Blockade+1","blademaster:Quickstep+1","blademaster:CullingStrike","blademaster:Flurry","blademaster:Bloodbath+1","blademaster:Havoc","blademaster:ColdBlood+1","blademaster:ChargingUp+1","blademaster:ThreePointStrike","blademaster:EyeOfTheStorm","blademaster:Empower","Apotheosis","blademaster:Havoc"],"relics":["blademaster:DancersAmulet","Unceasing Top","Matryoshka","TungstenRod","Boot","Bromod:ArcaneGrace","Blood Vial","Centennial Puzzle","Fusion Hammer","Bottled Lightning","Orichalcum","HornCleat","Pocketwatch","Ornamental Fan","Bromod:ArcaneConsequence","ClockworkSouvenir","Anchor"],"acts_visited":["Exordium","TheCity","TheBeyond","TheEnding"],"potions_floor_usage":[33,33,33,33,33,45,55],"damage_taken":[{"damage":2.0,"enemies":"Jaw Worm","floor":1.0,"turns":6.0},{"damage":0.0,"enemies":"Cultist","floor":3.0,"turns":3.0},{"damage":0.0,"enemies":"Small Slimes","floor":5.0,"turns":3.0},{"damage":8.0,"enemies":"HollowMod:MossKnight","floor":6.0,"turns":8.0},{"damage":7.0,"enemies":"Lagavulin","floor":10.0,"turns":7.0},{"damage":4.0,"enemies":"HollowMod:MossKnight","floor":12.0,"turns":5.0},{"damage":0.0,"enemies":"Red Slaver","floor":14.0,"turns":5.0},{"damage":7.0,"enemies":"Slime Boss","floor":16.0,"turns":11.0},{"damage":2.0,"enemies":"3 Byrds","floor":18.0,"turns":4.0},{"damage":18.0,"enemies":"2 Thieves","floor":20.0,"turns":3.0},{"damage":1.0,"enemies":"Snecko","floor":21.0,"turns":6.0},{"damage":45.0,"enemies":"Slavers","floor":27.0,"turns":5.0},{"damage":15.0,"enemies":"Centurion and Healer","floor":28.0,"turns":6.0},{"damage":27.0,"enemies":"Chosen and Byrds","floor":29.0,"turns":7.0},{"damage":31,"enemies":"Collector","floor":33,"turns":9},{"damage":2,"enemies":"Orb Walker","floor":35,"turns":5},{"damage":6,"enemies":"3 Shapes","floor":36,"turns":6},{"damage":14,"enemies":"Maw","floor":38,"turns":7},{"damage":0,"enemies":"Spire Growth","floor":42,"turns":3},{"damage":14,"enemies":"Mind Bloom Boss Battle","floor":44,"turns":4},{"damage":0,"enemies":"Jaw Worm Horde","floor":45,"turns":4},{"damage":9,"enemies":"Nemesis","floor":47,"turns":7},{"damage":24,"enemies":"Donu and Deca","floor":50,"turns":8},{"damage":34,"enemies":"Shield and Spear","floor":54,"turns":6},{"damage":42,"enemies":"The Heart","floor":55,"turns":10}],"seed_played":"3916345474383636636","potions_obtained":[{"floor":3.0,"key":"SneckoOil"},{"floor":5.0,"key":"SneckoOil"},{"floor":6.0,"key":"AttackPotion"},{"floor":10.0,"key":"Explosive Potion"},{"floor":14.0,"key":"LiquidMemories"},{"floor":27.0,"key":"Explosive Potion"},{"floor":28.0,"key":"EntropicBrew"},{"floor":47,"key":"EssenceOfSteel"}],"is_trial":false,"path_per_floor":["M","?","M","?","M","E","R","$","T","E","$","E","R","M","R","B",null,"M","?","M","M","?","R","$","R","T","E","M","M","?","$","R","B",null,"M","M","?","M","$","R","?","M","T","?","M","?","E","T","R","B",null,"R","$","E","B",null],"character_chosen":"THE_BLADEMASTER","items_purchased":["blademaster:Bloodbath","Bottled Lightning","Apotheosis","blademaster:Havoc","ClockworkSouvenir"],"campfire_rested":4,"item_purchase_floors":[11,39,39,53,53],"current_hp_per_floor":[80,80,80,80,80,72,72,72,72,65,65,61,61,61,61,54,82,82,92,76,75,75,75,75,75,75,40,30,9,9,9,36,39,92,91,87,87,76,76,92,87,87,87,76,78,78,76,76,87,68,87,87,87,55,18],"gold":72,"neow_bonus":"TEN_PERCENT_HP_BONUS","is_daily":false,"chose_seed":false,"campfire_upgraded":4,"win_rate":0.0,"timestamp":1610847131,"path_taken":["M","?","?","?","?","E","R","?","T","E","$","E","R","M","R","BOSS","M","?","?","M","?","R","$","R","T","E","M","M","?","$","R","BOSS","M","M","?","M","$","R","?","M","T","?","M","?","E","?","R","BOSS","R","$","E","BOSS"],"items_purchased_type":["Card","Relic","Card","Card","Relic"],"build_version":"2020-12-22","purchased_purges":1,"victory":true,"max_hp_per_floor":[82,82,82,82,82,82,82,82,82,82,82,82,82,82,82,82,82,82,92,92,92,92,92,92,92,92,92,92,92,92,92,92,92,92,92,92,92,92,92,92,87,87,87,87,87,87,87,87,87,87,87,87,87,87,87],"card_choices":[{"not_picked":["blademaster:Stormstrike","blademaster:CombatPrep"],"picked":"blademaster:Blockade","floor":1.0},{"not_picked":["blademaster:DaggerAndCloak","blademaster:ThunderSlash"],"picked":"blademaster:Quickstep","floor":3.0},{"not_picked":["blademaster:BloodyBlow","blademaster:IcyWind"],"picked":"blademaster:Flurry","floor":5.0},{"not_picked":["blademaster:BrainBloom","blademaster:LightningCrash"],"picked":"blademaster:Safeguard","floor":6.0},{"not_picked":["blademaster:Quickness","blademaster:Slice","blademaster:SlyStabs"],"picked":"SKIP","floor":10.0},{"not_picked":["blademaster:AirSlash","blademaster:Safeguard"],"picked":"blademaster:Havoc","floor":12.0},{"not_picked":["blademaster:Discharge","blademaster:BladeMastery","blademaster:AirSlash"],"picked":"SKIP","floor":14.0},{"not_picked":["blademaster:FuryOfTheElements","blademaster:UnrelentingWind"],"picked":"blademaster:BladeDance","floor":16.0},{"not_picked":["blademaster:Quickstep","blademaster:AspectOfWind","blademaster:SlyStabs+1"],"picked":"SKIP","floor":18.0},{"not_picked":["blademaster:DaggerAndCloak","blademaster:AspectOfWind","blademaster:Slice"],"picked":"SKIP","floor":20.0},{"not_picked":["blademaster:Flurry+1","blademaster:DragonStrike"],"picked":"blademaster:ColdBlood","floor":21.0},{"not_picked":["blademaster:Thrust","blademaster:BloodyBlow","blademaster:ThunderingOpener"],"picked":"SKIP","floor":27.0},{"not_picked":["blademaster:Quickness","blademaster:Rupture+1"],"picked":"blademaster:ChargingUp+1","floor":28.0},{"not_picked":["blademaster:Breeze","blademaster:DaggerAndCloak","blademaster:ChargingUp"],"picked":"SKIP","floor":29.0},{"not_picked":["blademaster:Empower","blademaster:HighVoltage"],"picked":"blademaster:ThreePointStrike","floor":33},{"not_picked":["blademaster:BloodyBlow+1","blademaster:LeechingStrike+1","blademaster:Stormstrike+1"],"picked":"SKIP","floor":35},{"not_picked":["blademaster:Breeze+1","blademaster:LeechingStrike+1"],"picked":"blademaster:EyeOfTheStorm","floor":36},{"not_picked":["blademaster:Frontflip","blademaster:ChargingUp+1"],"picked":"blademaster:Empower","floor":38},{"not_picked":["blademaster:Discharge+1","blademaster:DancingEdge","blademaster:Quickstep"],"picked":"SKIP","floor":42},{"not_picked":["blademaster:Frenzy","blademaster:SlyStabs","blademaster:Stability"],"picked":"SKIP","floor":45},{"not_picked":["blademaster:ParryingStrike+1","blademaster:AspectOfWind+1","blademaster:ThunderSlash"],"picked":"SKIP","floor":47},{"not_picked":["blademaster:Sunder+1","blademaster:Reversal+1","blademaster:BladeCross+1"],"picked":"SKIP","floor":54}],"player_experience":238279,"relics_obtained":[{"floor":6.0,"key":"Unceasing Top"},{"floor":6.0,"key":"blademaster:DextrousPerk"},{"floor":9.0,"key":"Matryoshka"},{"floor":10.0,"key":"TungstenRod"},{"floor":10.0,"key":"blademaster:ComboEveryTurnPerk"},{"floor":12.0,"key":"Boot"},{"floor":12.0,"key":"blademaster:BonusFuryPerk"},{"floor":26.0,"key":"Blood Vial"},{"floor":27.0,"key":"Centennial Puzzle"},{"floor":27.0,"key":"blademaster:BleedingMoreDamagePerk"},{"floor":43,"key":"Orichalcum"},{"floor":43,"key":"HornCleat"},{"floor":44,"key":"Pocketwatch"},{"floor":44,"key":"blademaster:RandomBladePerk"},{"floor":47,"key":"Ornamental Fan"},{"floor":47,"key":"blademaster:WindChargePerk"},{"floor":48,"key":"Bromod:ArcaneConsequence"},{"floor":54,"key":"Anchor"},{"floor":54,"key":"blademaster:LightningChargePerk"}],"event_choices":[{"cards_removed":["blademaster:Defend"],"damage_healed":0.0,"max_hp_gain":0.0,"max_hp_loss":0.0,"gold_gain":0.0,"event_name":"Purifier","player_choice":"Purged","floor":2.0,"gold_loss":0.0,"damage_taken":0.0},{"damage_healed":0.0,"max_hp_gain":0.0,"max_hp_loss":0.0,"gold_gain":0.0,"cards_transformed":["blademaster:Strike"],"event_name":"Transmorgrifier","player_choice":"Transformed","floor":4.0,"gold_loss":0.0,"damage_taken":0.0,"cards_obtained":["blademaster:CullingStrike"]},{"cards_removed":["blademaster:BladeDance"],"damage_healed":0.0,"max_hp_gain":10.0,"max_hp_loss":0.0,"gold_gain":0.0,"event_name":"Bonfire Elementals","player_choice":"Offered Rare","floor":19.0,"gold_loss":0.0,"damage_taken":0.0},{"damage_healed":0.0,"max_hp_gain":0.0,"max_hp_loss":0.0,"gold_gain":0.0,"event_name":"Vampires","player_choice":"Ignored","floor":22.0,"gold_loss":0.0,"damage_taken":0.0},{"damage_healed":0,"gold_gain":0,"player_choice":"Ignored","damage_taken":0,"max_hp_gain":0,"max_hp_loss":0,"event_name":"Beggar","floor":30,"gold_loss":0},{"damage_healed":0,"gold_gain":0,"player_choice":"Ignored","damage_taken":0,"max_hp_gain":0,"max_hp_loss":0,"event_name":"Tomb of Lord Red Mask","floor":37,"gold_loss":0},{"damage_healed":0,"gold_gain":0,"player_choice":"Max HP","damage_taken":0,"max_hp_gain":0,"max_hp_loss":5,"event_name":"Winding Halls","floor":41,"gold_loss":0},{"damage_healed":0,"gold_gain":0,"player_choice":"Fight","damage_taken":0,"max_hp_gain":0,"max_hp_loss":0,"event_name":"MindBloom","floor":44,"gold_loss":0},{"cards_removed":["blademaster:Safeguard"],"damage_healed":0,"gold_gain":0,"player_choice":"Removed Skill","damage_taken":0,"max_hp_gain":0,"max_hp_loss":0,"event_name":"Falling","floor":46,"gold_loss":0}],"is_beta":false,"boss_relics":[{"not_picked":["Snecko Eye","Runic Dome"],"picked":"Bromod:ArcaneGrace"},{"not_picked":["Coffee Dripper","SacredBark"],"picked":"Fusion Hammer"}],"items_purged_floors":[8],"is_endless":false,"potions_floor_spawned":[3,5,6,10,14,21,27,28,35,38,42,47],"ascension_level":0}}