{"host":"r10yh36zs2k9z1sa","time":1610841619,"event":{"mods":["BaseMod","Colored Map","Hermit","Marisa¡]Ãú«B¡@Å]²z¨F¡^","Minty Spire (QoL Compilation)","Remilia¡]Á¢¦Ì²ú?¡^","StSLib","The Bug Knight","The Cursed","The Necromancer","The Runesmith","The Servant 0.9.4"],"gold_per_floor":[109,109,119,119,142,181,200,235,235,205,219,240,283,307,307,435,435,455,380,401,150,150,150,150,183,206,227,298,94,162,233,233,427,427,505,624,53,147,147,210,338,338,338,338,118,188,38,89,89,89],"floor_reached":51,"language":"ZHS","playtime":6470,"items_purged":["Strike_MRS","Defend_MRS","Strike_MRS","WitchOfGreed"],"score":1093,"play_id":"930b0901-1b23-42b1-9f9e-d8c514537837","local_time":"20210117080019","is_ascension_mode":true,"campfire_choices":[{"floor":15,"key":"REST"},{"data":"WitchOfGreed","floor":23,"key":"SMITH"},{"floor":32,"key":"DIG"},{"floor":49,"key":"DIG"}],"circlet_count":0,"master_deck":["Strike_MRS+1","Defend_MRS","MasterSpark","UpSweep","MagicAbsorber","AsteroidBelt","TreasureHunter","LuminesStrike","AsteroidBelt+1","MysteriousBeam","GrandCross","GalacticHalo","DoubleSpark","EarthLightRay","FairyDestructionRay+1","ManaRampage","GasGiant","DoubleSpark+1","WitchLeyline+1","WitchOfGreed+1","MagicChant","Orbital","MaximisePower","AlicesGift+1","Parasite","Parasite","OortCloud","Orbital","SuperNova","AsteroidBelt","6A+1","GalacticHalo+1","Madness","Madness+1","EscapeVelocity","GravityBeat+1","Secret Weapon","OortCloud+1","OrrerysSun+1"],"relics":["BewitchedHakkero","Golden Idol","Calipers","Vajra","PreservedInsect","Prayer Wheel","BreadOfAWashokuLover","Bag of Preparation","Gambling Chip","Juzu Bracelet","Question Card","CaptainsWheel","Akabeko","Pen Nib","Shovel","Whetstone","ShroomBag","Toy Ornithopter","Blood Vial","ExperimentalFamiliar","CatCart","Gremlin Horn","Chemical X","Girya","TungstenRod","Bottled Tornado","Incense Burner","War Paint","Turnip"],"acts_visited":["Exordium","TheCity","TheBeyond"],"potions_floor_usage":[8,13,16,33,33,33,36,36,36,38,40,40,40,41,48,50,50,50,50,50,50],"damage_taken":[{"damage":2,"enemies":"Jaw Worm","floor":1,"turns":3},{"damage":0,"enemies":"2 Louse","floor":3,"turns":3},{"damage":1,"enemies":"Cultist","floor":5,"turns":3},{"damage":26,"enemies":"Lagavulin","floor":6,"turns":9},{"damage":14,"enemies":"Exordium Thugs","floor":7,"turns":6},{"damage":6,"enemies":"HollowMod:MossKnight","floor":8,"turns":6},{"damage":0,"enemies":"Looter","floor":11,"turns":3},{"damage":1,"enemies":"2 Fungi Beasts","floor":12,"turns":3},{"damage":0,"enemies":"Lagavulin","floor":13,"turns":5},{"damage":0,"enemies":"3 Louse","floor":14,"turns":1},{"damage":0,"enemies":"Slime Boss","floor":16,"turns":12},{"damage":5,"enemies":"Chosen","floor":18,"turns":5},{"damage":12,"enemies":"3 Cultists","floor":20,"turns":5},{"damage":22,"enemies":"Slavers","floor":25,"turns":4},{"damage":2,"enemies":"Chosen and Byrds","floor":27,"turns":5},{"damage":0,"enemies":"Gremlin Leader","floor":28,"turns":5},{"damage":22,"enemies":"Slavers","floor":30,"turns":5},{"damage":2,"enemies":"Centurion and Healer","floor":31,"turns":8},{"damage":26,"enemies":"Champ","floor":33,"turns":11},{"damage":0,"enemies":"3 Shapes","floor":35,"turns":7},{"damage":71,"enemies":"Orin","floor":36,"turns":14},{"damage":0,"enemies":"Mind Bloom Boss Battle","floor":38,"turns":7},{"damage":0,"enemies":"Giant Head","floor":40,"turns":5},{"damage":49,"enemies":"2 Orb Walkers","floor":41,"turns":7},{"damage":0,"enemies":"Orb Walker","floor":46,"turns":4},{"damage":0,"enemies":"4 Shapes","floor":48,"turns":10},{"damage":0,"enemies":"Donu and Deca","floor":50,"turns":5}],"seed_played":"8448547344763555990","potions_obtained":[{"floor":3,"key":"Explosive Potion"},{"floor":8,"key":"Weak Potion"},{"floor":10,"key":"Dexterity Potion"},{"floor":10,"key":"Energy Potion"},{"floor":12,"key":"Dexterity Potion"},{"floor":14,"key":"BottledSpark"},{"floor":16,"key":"SpeedPotion"},{"floor":30,"key":"Weak Potion"},{"floor":31,"key":"Block Potion"},{"floor":33,"key":"LiquidBronze"},{"floor":33,"key":"SpeedPotion"},{"floor":33,"key":"BottledSpark"},{"floor":35,"key":"DistilledChaos"},{"floor":35,"key":"Energy Potion"},{"floor":36,"key":"GamblersBrew"},{"floor":36,"key":"Fire Potion"},{"floor":38,"key":"BlessingOfTheForge"},{"floor":40,"key":"BlessingOfTheForge"},{"floor":41,"key":"BlessingOfTheForge"},{"floor":41,"key":"BottledSpark"},{"floor":46,"key":"PowerPotion"},{"floor":46,"key":"StarNLove"},{"floor":48,"key":"EntropicBrew"}],"is_trial":false,"path_per_floor":["M","?","M","?","M","E","M","E","T","?","M","M","E","M","R","B",null,"M","?","M","$","?","R","?","E","T","M","E","$","E","M","R","B",null,"M","?","$","?","?","E","?","?","T","?","$","M","$","M","R","B",null],"character_chosen":"MARISA","items_purchased":["Juzu Bracelet","WitchOfGreed","Whetstone","WitchOfGreed","Gremlin Horn","Chemical X","Regen Potion","CultistPotion"],"campfire_rested":1,"item_purchase_floors":[21,21,29,29,37,37,37,45],"current_hp_per_floor":[66,71,71,71,70,44,30,24,24,24,24,23,23,27,48,56,73,68,68,60,60,60,60,60,42,42,45,49,49,31,39,39,40,73,73,17,17,55,45,70,36,36,36,36,36,42,42,61,61,86],"gold":89,"neow_bonus":"REMOVE_TWO","is_daily":false,"chose_seed":false,"campfire_upgraded":1,"win_rate":0.0,"timestamp":1610841619,"path_taken":["M","?","M","?","M","E","M","E","T","?","?","M","E","M","R","BOSS","M","?","M","$","?","R","?","E","T","M","E","$","E","M","R","BOSS","M","?","?","?","?","E","?","?","T","?","$","M","$","M","R","BOSS"],"items_purchased_type":["Relic","Card","Relic","Card","Relic","Relic","Potion","Potion"],"build_version":"2020-12-22","purchased_purges":4,"victory":true,"max_hp_per_floor":[68,73,73,73,73,73,73,73,73,73,73,73,73,73,73,73,73,73,73,73,73,73,73,73,73,73,73,73,73,73,73,73,73,73,73,86,86,86,86,86,86,86,86,86,86,86,86,86,86,86],"card_choices":[{"not_picked":["IllusionStar","MysteriousBeam","GravityBeat"],"picked":"SKIP","floor":1},{"not_picked":["MilkyWay","SporeBomb"],"picked":"MagicAbsorber","floor":3},{"not_picked":["DarkSpark","SporeBomb"],"picked":"AsteroidBelt","floor":5},{"not_picked":["GalacticHalo","SprinkleStarSeal"],"picked":"TreasureHunter","floor":6},{"not_picked":["Acceleration","DarkMatter"],"picked":"LuminesStrike","floor":7},{"not_picked":["PowerUp","MilkyWay"],"picked":"AsteroidBelt","floor":8},{"not_picked":["PulseMagic","MeteoricShower"],"picked":"MysteriousBeam","floor":11},{"not_picked":["LuminesStrike","AsteroidBelt"],"picked":"GrandCross","floor":11},{"not_picked":["StarlightTyphoon","MachineGunSpark"],"picked":"GalacticHalo","floor":12},{"not_picked":["OpenUniverse","MeteoricShower"],"picked":"DoubleSpark","floor":12},{"not_picked":["DragonMeteor","JA"],"picked":"EarthLightRay","floor":13},{"not_picked":["ShootTheMoon","RefractionSpark"],"picked":"FairyDestructionRay","floor":14},{"not_picked":["DarkMatter","GravityBeat","MeteoricShower"],"picked":"SKIP","floor":14},{"not_picked":["UltimateShortwave","BinaryStars"],"picked":"ManaRampage","floor":16},{"not_picked":["DeepEcoloBomb","DarkMatter"],"picked":"GasGiant","floor":18},{"not_picked":["IllusionStar+1","DeepEcoloBomb"],"picked":"DoubleSpark+1","floor":18},{"not_picked":["EnergyFlow","MysteriousBeam"],"picked":"WitchLeyline+1","floor":20},{"not_picked":["LuminesStrike","OneTimeOff","MilkyWay+1"],"picked":"SKIP","floor":20},{"not_picked":["6A","ShootingEcho"],"picked":"MagicChant","floor":25},{"not_picked":["GravityBeat","GrandCross","MachineGunSpark"],"picked":"Orbital","floor":27},{"not_picked":["MilkyWay","DoubleSpark+1","Orbital+1"],"picked":"MaximisePower","floor":27},{"not_picked":["RefractionSpark","SporeBomb+1","EnergyFlow"],"picked":"AlicesGift+1","floor":28},{"not_picked":["BlazeAway","LuminesStrike+1","AsteroidBelt","UnstableBomb"],"picked":"SKIP","floor":30},{"not_picked":["NonDirectionalLaser+1","DC","DarkSpark+1"],"picked":"OortCloud","floor":31},{"not_picked":["Acceleration","AsteroidBelt","WitchLeyline"],"picked":"Orbital","floor":31},{"not_picked":["JA","BinaryStars","FinalSpark"],"picked":"SuperNova","floor":33},{"not_picked":["NonDirectionalLaser+1","AlicesGift+1","MeteoricShower+1"],"picked":"AsteroidBelt","floor":35},{"not_picked":["ManaConvection+1","MeteoricShower+1","MilkyWay","DarkSpark+1"],"picked":"SKIP","floor":35},{"not_picked":["WitchOfGreed+1","Orbital","DarkSpark+1"],"picked":"6A+1","floor":36},{"not_picked":["DragonMeteor","SuperPerseids+1","StarDustReverie"],"picked":"GalacticHalo+1","floor":38},{"not_picked":["RefractionSpark+1","SporeBomb+1","DeepEcoloBomb+1"],"picked":"EscapeVelocity","floor":40},{"not_picked":["AlicesGift+1","GrandCross+1","SporeBomb+1"],"picked":"GravityBeat+1","floor":41},{"not_picked":["Dark Shackles","Dramatic Entrance","Swift Strike"],"picked":"Secret Weapon","floor":44},{"not_picked":["IllusionStar","Singularity","AsteroidBelt"],"picked":"OortCloud+1","floor":46},{"not_picked":["IllusionStar+1","PowerUp+1","AlicesGift","DeepEcoloBomb"],"picked":"SKIP","floor":46},{"not_picked":["GrandCross+1","6A+1","NonDirectionalLaser"],"picked":"OrrerysSun+1","floor":48},{"not_picked":["GravityBeat+1","DarkSpark","6A","MachineGunSpark"],"picked":"SKIP","floor":48}],"player_experience":183807,"relics_obtained":[{"floor":6,"key":"Calipers"},{"floor":8,"key":"Vajra"},{"floor":8,"key":"PreservedInsect"},{"floor":9,"key":"Prayer Wheel"},{"floor":13,"key":"BreadOfAWashokuLover"},{"floor":13,"key":"Bag of Preparation"},{"floor":16,"key":"Gambling Chip"},{"floor":25,"key":"Question Card"},{"floor":25,"key":"CaptainsWheel"},{"floor":26,"key":"Akabeko"},{"floor":28,"key":"Pen Nib"},{"floor":28,"key":"Shovel"},{"floor":30,"key":"ShroomBag"},{"floor":30,"key":"Toy Ornithopter"},{"floor":32,"key":"Blood Vial"},{"floor":36,"key":"CatCart"},{"floor":38,"key":"Girya"},{"floor":38,"key":"TungstenRod"},{"floor":40,"key":"Bottled Tornado"},{"floor":41,"key":"Incense Burner"},{"floor":43,"key":"War Paint"},{"floor":49,"key":"Turnip"}],"event_choices":[{"damage_healed":0,"gold_gain":0,"player_choice":"Donut","damage_taken":0,"max_hp_gain":5,"max_hp_loss":0,"event_name":"Big Fish","floor":2,"gold_loss":0},{"damage_healed":0,"gold_gain":0,"player_choice":"Take Wound","damage_taken":0,"relics_obtained":["Golden Idol"],"max_hp_gain":0,"max_hp_loss":0,"event_name":"Golden Idol","floor":4,"gold_loss":0,"cards_obtained":["Injury"]},{"damage_healed":0,"gold_gain":0,"player_choice":"Bought 2 Potions","damage_taken":0,"max_hp_gain":0,"max_hp_loss":0,"event_name":"The Woman in Blue","floor":10,"gold_loss":0},{"cards_removed":["Injury"],"damage_healed":0,"gold_gain":0,"player_choice":"Gave Gold","damage_taken":0,"max_hp_gain":0,"max_hp_loss":0,"event_name":"Beggar","floor":19,"gold_loss":75},{"damage_healed":0,"gold_gain":0,"player_choice":"Ignored","damage_taken":0,"max_hp_gain":0,"max_hp_loss":0,"event_name":"Ghosts","floor":22,"gold_loss":0},{"cards_removed":["Defend_MRS"],"damage_healed":0,"gold_gain":0,"player_choice":"Elegance","damage_taken":0,"max_hp_gain":0,"max_hp_loss":0,"event_name":"Back to Basics","floor":24,"gold_loss":0},{"damage_healed":0,"gold_gain":0,"player_choice":"Fight","damage_taken":0,"max_hp_gain":0,"max_hp_loss":0,"event_name":"OrinTheCat","floor":36,"gold_loss":0},{"damage_healed":0,"gold_gain":0,"player_choice":"Fight","damage_taken":0,"max_hp_gain":0,"max_hp_loss":0,"event_name":"MindBloom","floor":38,"gold_loss":0},{"damage_healed":0,"gold_gain":0,"player_choice":"Embrace Madness","damage_taken":11,"max_hp_gain":0,"max_hp_loss":0,"event_name":"Winding Halls","floor":39,"gold_loss":0,"cards_obtained":["Madness","Madness"]},{"damage_healed":0,"gold_gain":0,"player_choice":"Fight","damage_taken":0,"max_hp_gain":0,"max_hp_loss":0,"event_name":"Mysterious Sphere","floor":41,"gold_loss":0},{"damage_healed":0,"gold_gain":0,"player_choice":"Ignored","damage_taken":0,"max_hp_gain":0,"max_hp_loss":0,"event_name":"Tomb of Lord Red Mask","floor":42,"gold_loss":0},{"damage_healed":0,"gold_gain":0,"player_choice":"Memory 1","damage_taken":0,"max_hp_gain":0,"max_hp_loss":0,"event_name":"SensoryStone","floor":44,"gold_loss":0}],"is_beta":false,"boss_relics":[{"not_picked":["RampagingMagicTools","Fusion Hammer"],"picked":"BewitchedHakkero"},{"not_picked":["Philosopher\u0027s Stone","Empty Cage"],"picked":"ExperimentalFamiliar"}],"items_purged_floors":[21,37,45,47],"is_endless":false,"potions_floor_spawned":[3,8,11,12,14,16,18,28,30,33,35,38,48],"ascension_level":2}}