{"host":"cdcsem0stf6rethc","time":1610890193,"event":{"mods":["AchievementEnabler","BaseMod","Colored Map","Highlight Path","Minty Spire (QoL Compilation)","StSLib","The Animator"],"gold_per_floor":[109,61,61,94,94,141,161,161,161,161,10,30,30,105,105,210,210,229,199,199,199,124,124,49,49,49],"floor_reached":25,"language":"ENG","playtime":925,"items_purged":["animator:Strike+1"],"score":220,"play_id":"565bbfb9-4dbb-41b1-8fda-8fb51d5c0772","local_time":"20210117212953","is_ascension_mode":false,"campfire_choices":[{"data":"animator:Darkness","floor":8,"key":"SMITH"},{"data":"animator:ChaikaBohdan","floor":10,"key":"SMITH"},{"data":"animator:ShidoItsuka","floor":15,"key":"SMITH"},{"data":"animator:MetalKnight","floor":23,"key":"SMITH"}],"circlet_count":0,"master_deck":["animator:Strike_DateALive+1","animator:Strike+1","animator:Defend","animator:Defend","animator:ShidoItsuka+1","animator:YamaiSisters","animator:ZankiKiguchi","animator:YamaiSisters","animator:ChaikaBohdan+1","animator:Darkness+1","animator:Guy","animator:Soujiro","animator:MetalKnight+1"],"relics":["animator:LivingPicture","animator:TheMissingPiece","NeowsBlessing","animator:PurpleTeddyBear","Potion Belt","Bird Faced Urn","Whetstone","Black Star","Nilry\u0027s Codex"],"acts_visited":["Exordium","TheCity"],"potions_floor_usage":[16],"damage_taken":[{"damage":0,"enemies":"2 Louse","floor":1,"turns":1},{"damage":0,"enemies":"3 Sentries","floor":6,"turns":1},{"damage":0,"enemies":"Jaw Worm","floor":7,"turns":1},{"damage":0,"enemies":"Small Slimes","floor":12,"turns":3},{"damage":32,"enemies":"The Guardian","floor":16,"turns":10},{"damage":11,"enemies":"Shell Parasite","floor":18,"turns":8},{"damage":12,"enemies":"2 Thieves","floor":19,"turns":5},{"damage":35,"enemies":"Sentry and Sphere","floor":25,"turns":7}],"seed_played":"5054944101319389593","potions_obtained":[{"floor":1,"key":"GamblersBrew"},{"floor":6,"key":"LiquidBronze"},{"floor":16,"key":"SkillPotion"},{"floor":19,"key":"SpeedPotion"}],"is_trial":false,"path_per_floor":["M","$","?","?","T","E","M","R","T","R","$","M","?","?","R","B",null,"M","M","?","?","?","R","$","M"],"character_chosen":"THE_ANIMATOR","items_purchased":["animator:YamaiSisters","Whetstone"],"campfire_rested":0,"item_purchase_floors":[2,11],"current_hp_per_floor":[66,66,53,53,53,53,53,53,53,53,53,56,49,38,38,8,67,58,48,48,32,32,32,32,0,0],"gold":49,"neow_bonus":"THREE_ENEMY_KILL","is_daily":false,"chose_seed":true,"campfire_upgraded":4,"win_rate":0.0,"timestamp":1610890193,"path_taken":["M","$","?","?","?","E","M","R","T","R","$","M","?","?","R","BOSS","M","M","?","?","?","R","?","?"],"items_purchased_type":["Card","Relic"],"build_version":"2020-12-22","purchased_purges":1,"victory":false,"max_hp_per_floor":[66,66,66,66,66,66,66,66,66,66,66,67,67,67,67,67,67,67,67,67,67,67,67,67,67,67],"card_choices":[{"not_picked":["animator:Nyanta","animator:Gillette"],"picked":"animator:ZankiKiguchi","floor":1},{"not_picked":["animator:Spearman","animator:Nanami"],"picked":"animator:ChaikaBohdan","floor":6},{"not_picked":["animator:Genos","animator:Viivi"],"picked":"animator:Darkness","floor":7},{"not_picked":["animator:ChaikaBohdan","animator:Viivi"],"picked":"animator:Guy","floor":12},{"not_picked":["animator:GoblinSlayer","animator:SwordMaiden"],"picked":"animator:Soujiro","floor":16},{"not_picked":["animator:SilverFang","animator:Hitei+1","animator:LizardPriest"],"picked":"SKIP","floor":18},{"not_picked":["animator:AcuraTooru","animator:YunYun"],"picked":"animator:MetalKnight","floor":19}],"player_experience":210164,"relics_obtained":[{"floor":5,"key":"animator:PurpleTeddyBear"},{"floor":6,"key":"Potion Belt"},{"floor":9,"key":"Bird Faced Urn"},{"floor":21,"key":"Nilry\u0027s Codex"}],"event_choices":[{"damage_healed":0,"gold_gain":0,"player_choice":"Entered Light","damage_taken":13,"max_hp_gain":0,"max_hp_loss":0,"event_name":"Shining Light","floor":3,"gold_loss":0,"cards_upgraded":["animator:Strike","animator:Strike_DateALive"]},{"cards_removed":["animator:Strike"],"damage_healed":0,"gold_gain":0,"player_choice":"Card Removal","damage_taken":7,"max_hp_gain":0,"max_hp_loss":0,"event_name":"Golden Wing","floor":13,"gold_loss":0},{"damage_healed":0,"gold_gain":75,"player_choice":"Gather Gold","damage_taken":11,"max_hp_gain":0,"max_hp_loss":0,"event_name":"World of Goop","floor":14,"gold_loss":0},{"damage_healed":0,"gold_gain":0,"player_choice":"Ignored","damage_taken":0,"max_hp_gain":0,"max_hp_loss":0,"event_name":"Vampires","floor":20,"gold_loss":0},{"damage_healed":0,"gold_gain":0,"player_choice":"Obtained Book","damage_taken":16,"max_hp_gain":0,"max_hp_loss":0,"event_name":"Cursed Tome","floor":21,"gold_loss":0},{"cards_removed":["animator:Defend"],"damage_healed":0,"gold_gain":0,"player_choice":"Gave Gold","damage_taken":0,"max_hp_gain":0,"max_hp_loss":0,"event_name":"Beggar","floor":22,"gold_loss":75}],"is_beta":false,"boss_relics":[{"not_picked":["Runic Dome","Velvet Choker"],"picked":"Black Star"}],"items_purged_floors":[24],"is_endless":false,"potions_floor_spawned":[1,6,16,19],"killed_by":"Sentry and Sphere","ascension_level":0}}