{"host":"h3vysik1bw5w0dm6","time":1610882906,"event":{"mods":["AchievementEnabler","Aspiration","BaseMod","Better Note","Better Sensory Stone","Better Vampires","BetterRewards","Colored Powertips","Conspire","Downfall","Friendly Minions","Googly Eyes","Gremlin Skip","Halation","Infinite Spire","Lobotomy","Minty Spire (QoL Compilation)","Quick Restart","Shop Mod","StSLib"],"gold_per_floor":[117,117,129,146,146,173,173,190,190,203,220,220,240,252,252,252,252],"floor_reached":16,"language":"ENG","playtime":848,"items_purged":[],"score":179,"play_id":"3c63176c-3ab5-4862-9006-00e4eaa98b48","local_time":"20210117122826","is_ascension_mode":true,"campfire_choices":[{"data":"Bash","floor":7.0,"key":"SMITH"},{"floor":12.0,"key":"REST"},{"floor":15.0,"key":"REST"}],"circlet_count":0,"master_deck":["Strike_R","Strike_R","Strike_R","Strike_R","Strike_R","Defend_R","Defend_R","Defend_R","Defend_R","Bash+1","Rampage","CutThroughFate","Bandage Up","Feed"],"relics":["Burning Blood","Du-Vu Doll","PrismaticShard","infinitespire:Lucky Rock","Matryoshka","Paper Frog","halation:KoshaPiece","Mercury Hourglass"],"acts_visited":["Exordium"],"potions_floor_usage":[],"damage_taken":[{"damage":5.0,"enemies":"2 Louse","floor":1.0,"turns":3.0},{"damage":1.0,"enemies":"Cultist","floor":3.0,"turns":4.0},{"damage":16.0,"enemies":"Jaw Worm","floor":4.0,"turns":4.0},{"damage":45.0,"enemies":"3 Sentries","floor":6.0,"turns":9.0},{"damage":26.0,"enemies":"Large Slime","floor":8.0,"turns":7.0},{"damage":2.0,"enemies":"2 Fungi Beasts","floor":10.0,"turns":3.0},{"damage":15.0,"enemies":"Gremlin Gang","floor":11.0,"turns":3.0},{"damage":22.0,"enemies":"Exordium Thugs","floor":13.0,"turns":5.0},{"damage":27.0,"enemies":"Large Slime","floor":14.0,"turns":5.0},{"damage":0,"enemies":"The Guardian","floor":16,"turns":3}],"seed_played":"-8488086433661792240","potions_obtained":[{"floor":1.0,"key":"SpeedPotion"},{"floor":6.0,"key":"HeartOfIron"},{"floor":13.0,"key":"ColorlessPotion"},{"floor":14.0,"key":"ElixirPotion"}],"is_trial":false,"path_per_floor":["M","?","M","M","?","E","R","M","T","M","M","R","M","M","R","B"],"character_chosen":"IRONCLAD","items_purchased":["PrismaticShard","infinitespire:Lucky Rock"],"campfire_rested":2,"item_purchase_floors":[0,0],"current_hp_per_floor":[73,73,78,68,80,41,41,21,21,29,24,48,36,19,43,47,47],"gold":252,"neow_bonus":"","is_daily":false,"chose_seed":false,"campfire_upgraded":1,"win_rate":0.0,"timestamp":1610882906,"path_taken":["M","?","M","?","?","E","R","M","T","M","M","R","M","M","R","BOSS"],"items_purchased_type":["Relic","Relic"],"build_version":"2020-12-22","purchased_purges":0,"victory":false,"max_hp_per_floor":[80,80,80,80,80,80,80,80,80,80,80,80,80,80,80,80,80],"card_choices":[{"not_picked":["Crescendo","MentalFortress"],"picked":"Genetic Algorithm","floor":1.0},{"not_picked":["Steam","Outmaneuver"],"picked":"Rampage","floor":3.0},{"not_picked":["Fire Breathing","Searing Blow"],"picked":"CutThroughFate","floor":4.0},{"not_picked":["Dagger Throw","Sucker Punch","Power Through"],"picked":"SKIP","floor":6.0},{"not_picked":["Reflex","A Thousand Cuts"],"picked":"Bandage Up","floor":8.0},{"not_picked":["Blood for Blood","Dagger Throw","Concentrate"],"picked":"SKIP","floor":10.0},{"not_picked":["Doom and Gloom","Blade Dance"],"picked":"Feed","floor":11.0},{"not_picked":["Metallicize","Hologram","Dagger Throw"],"picked":"SKIP","floor":13.0},{"not_picked":["Intimidate","Compile Driver","Perfected Strike"],"picked":"SKIP","floor":14.0}],"player_experience":357778,"relics_obtained":[{"floor":6.0,"key":"Paper Frog"},{"floor":9.0,"key":"halation:KoshaPiece"},{"floor":9.0,"key":"Mercury Hourglass"}],"event_choices":[{"damage_healed":0.0,"max_hp_gain":0.0,"max_hp_loss":0.0,"gold_gain":0.0,"event_name":"WeMeetAgain","player_choice":"Gave Potion","floor":2.0,"gold_loss":0.0,"damage_taken":0.0,"relics_obtained":["Matryoshka"]},{"cards_removed":["Genetic Algorithm"],"damage_healed":12.0,"max_hp_gain":0.0,"max_hp_loss":0.0,"gold_gain":0.0,"event_name":"Bonfire Elementals","player_choice":"Offered Uncommon","floor":5.0,"gold_loss":0.0,"damage_taken":0.0}],"is_beta":false,"boss_relics":[],"items_purged_floors":[],"is_endless":false,"potions_floor_spawned":[1,6,13,14],"killed_by":"The Guardian","ascension_level":3}}