{"host":"s41rn2jhghpwfrvz","time":1610913816,"event":{"mods":["BaseMod","Minty Spire (QoL Compilation)","Quick Restart","Relic Stats","SuperFastMode"],"gold_per_floor":[111,125,125,144,69,100,112,152,164,186,225,237,267,310,322,410,422,450,512,524,461,488,532,544,582,594,556,567,192,224,333,333,405,405,423,440,440,311,331,359,377,387,433,467,484,516,534,562,562,562,562,562,562,97,141,141],"floor_reached":57,"language":"ENG","playtime":1847,"items_purged":["WaveOfTheHand","Anger","Accuracy"],"score":3695,"play_id":"dee5bd54-c936-48d8-88d1-f6c0b40e6705","local_time":"20210117220336","daily_mods":["SealedDeck","Vintage","Diverse"],"is_ascension_mode":true,"campfire_choices":[{"data":"Rage","floor":7,"key":"SMITH"},{"data":"Prostrate","floor":12,"key":"SMITH"},{"data":"Flex","floor":15,"key":"SMITH"},{"floor":24,"key":"RECALL"},{"data":"Sanctity","floor":32,"key":"SMITH"},{"floor":49,"key":"REST"},{"floor":53,"key":"REST"}],"circlet_count":0,"master_deck":["AscendersBane","Streamline+1","Rage+1","Flex+1","Prostrate+1","Sanctity+1","Inflame+1","Acrobatics+1","Skim+1"],"relics":["Black Blood","Blood Vial","Letter Opener","Bronze Scales","MawBank","Strawberry","Toxic Egg 2","Lantern","InkBottle","Smiling Mask","Pear","Runic Dome","Singing Bowl","Centennial Puzzle","Turnip","HornCleat","Ornamental Fan","CeramicFish","Medical Kit","Anchor","Tiny Chest","Lizard Tail","Gremlin Horn","Whetstone","The Courier","OrangePellets","Vajra","Thread and Needle","Meat on the Bone","PreservedInsect","Orichalcum","Bag of Preparation","Self Forming Clay","Art of War","MealTicket","Toy Ornithopter","Mummified Hand","Akabeko","Pen Nib","Bag of Marbles"],"acts_visited":["Exordium","TheCity","TheBeyond","TheEnding"],"potions_floor_usage":[6,25,31,56,56],"damage_taken":[{"damage":6,"enemies":"Jaw Worm","floor":1,"turns":4},{"damage":4,"enemies":"2 Louse","floor":2,"turns":3},{"damage":1,"enemies":"Small Slimes","floor":4,"turns":3},{"damage":8,"enemies":"Gremlin Nob","floor":6,"turns":3},{"damage":25,"enemies":"3 Sentries","floor":8,"turns":5},{"damage":9,"enemies":"2 Fungi Beasts","floor":10,"turns":3},{"damage":27,"enemies":"Gremlin Nob","floor":11,"turns":4},{"damage":0,"enemies":"Blue Slaver","floor":13,"turns":2},{"damage":21,"enemies":"3 Sentries","floor":14,"turns":7},{"damage":33,"enemies":"Slime Boss","floor":16,"turns":8},{"damage":7,"enemies":"Spheric Guardian","floor":18,"turns":3},{"damage":17,"enemies":"Shell Parasite","floor":22,"turns":3},{"damage":7,"enemies":"Gremlin Leader","floor":23,"turns":4},{"damage":9,"enemies":"Slavers","floor":25,"turns":3},{"damage":20,"enemies":"Snake Plant","floor":28,"turns":3},{"damage":24,"enemies":"Gremlin Leader","floor":30,"turns":6},{"damage":8,"enemies":"Colosseum Slavers","floor":31,"turns":4},{"damage":4,"enemies":"Colosseum Nobs","floor":31,"turns":4},{"damage":0,"enemies":"Automaton","floor":33,"turns":3},{"damage":0,"enemies":"3 Shapes","floor":35,"turns":1},{"damage":0,"enemies":"Orb Walker","floor":36,"turns":2},{"damage":0,"enemies":"Maw","floor":39,"turns":3},{"damage":0,"enemies":"Giant Head","floor":40,"turns":2},{"damage":0,"enemies":"3 Darklings","floor":41,"turns":2},{"damage":0,"enemies":"4 Shapes","floor":42,"turns":2},{"damage":0,"enemies":"Reptomancer","floor":44,"turns":2},{"damage":0,"enemies":"Transient","floor":45,"turns":6},{"damage":0,"enemies":"Nemesis","floor":46,"turns":3},{"damage":0,"enemies":"Spire Growth","floor":47,"turns":2},{"damage":0,"enemies":"Reptomancer","floor":48,"turns":2},{"damage":0,"enemies":"Donu and Deca","floor":50,"turns":3},{"damage":40,"enemies":"Time Eater","floor":51,"turns":5},{"damage":0,"enemies":"Shield and Spear","floor":55,"turns":1},{"damage":59,"enemies":"The Heart","floor":56,"turns":6}],"seed_played":"-4285809143960328082","potions_obtained":[{"floor":1,"key":"Swift Potion"},{"floor":4,"key":"SpeedPotion"},{"floor":8,"key":"ColorlessPotion"},{"floor":10,"key":"Swift Potion"},{"floor":11,"key":"PowerPotion"},{"floor":25,"key":"Swift Potion"},{"floor":35,"key":"LiquidMemories"},{"floor":40,"key":"Dexterity Potion"}],"is_trial":true,"path_per_floor":["M","M","?","M","$","E","R","E","T","M","E","R","M","E","R","B",null,"M","?","T","?","M","E","R","E","T","$","M","$","E","?","R","B",null,"M","M","?","$","M","E","M","M","T","E","M","E","M","E","R","B","B",null,"R","$","E","B",null],"character_chosen":"IRONCLAD","items_purchased":["Medical Kit","Anchor","OrangePellets","Mummified Hand","Akabeko","Pen Nib"],"campfire_rested":2,"item_purchase_floors":[29,29,38,54,54,54],"current_hp_per_floor":[68,72,77,80,80,78,78,68,68,67,48,48,56,53,53,28,80,81,81,81,81,72,75,75,76,76,76,64,64,50,54,54,64,95,105,105,105,105,105,107,107,107,107,109,109,111,111,113,113,113,85,106,113,113,113,78],"gold":141,"neow_bonus":"","is_daily":false,"chose_seed":false,"campfire_upgraded":4,"win_rate":0.0,"timestamp":1610913816,"path_taken":["M","M","?","M","$","E","R","E","T","M","E","R","M","E","R","BOSS","M","?","?","?","M","E","R","E","T","$","M","$","E","?","R","BOSS","M","M","?","$","?","E","M","M","T","E","M","E","M","E","R","BOSS","BOSS","R","$","E","BOSS"],"items_purchased_type":["Relic","Relic","Relic","Relic","Relic","Relic"],"build_version":"2020-12-22","purchased_purges":3,"victory":true,"max_hp_per_floor":[75,75,80,80,80,80,80,87,87,87,87,87,87,97,97,97,97,97,97,97,97,97,99,99,101,101,101,101,101,103,103,103,105,105,105,105,105,105,105,107,107,107,107,109,109,111,111,113,113,113,113,113,113,113,113,113],"relic_stats":{"Singing Bowl":16,"Gremlin Horn":[19,19],"CeramicFish":18,"Black Blood":142,"Bag of Preparation":[16],"Whetstone":["Streamline"],"Smiling Mask":125,"Blood Vial":36,"Centennial Puzzle":[24],"Lizard Tail":0,"Mummified Hand":[3],"Tiny Chest":0,"MealTicket":0,"InkBottle":[69],"counters":[34,117],"Self Forming Clay":[6],"PreservedInsect":248,"Pen Nib":[1],"Letter Opener":[1164],"Orichalcum":[0],"MawBank":252,"Medical Kit":[20],"OrangePellets":[13],"Ornamental Fan":[56],"Bronze Scales":[305],"Turnip":[8],"Art of War":[2],"obtain_stats":[{"Lantern":10,"Singing Bowl":18,"Gremlin Horn":31,"CeramicFish":28,"Black Blood":34,"Vajra":39,"Bag of Preparation":44,"Whetstone":35,"Smiling Mask":13,"Burning Blood":0,"Blood Vial":1,"Centennial Puzzle":22,"Lizard Tail":31,"HornCleat":25,"Mummified Hand":54,"Strawberry":8,"Tiny Chest":30,"MealTicket":47,"Toxic Egg 2":9,"InkBottle":11,"Pear":14,"Self Forming Clay":45,"Thread and Needle":40,"The Courier":36,"PreservedInsect":42,"Pen Nib":54,"Letter Opener":2,"Orichalcum":43,"MawBank":6,"Medical Kit":29,"Akabeko":54,"Runic Dome":17,"OrangePellets":38,"Anchor":29,"Ornamental Fan":26,"Bronze Scales":4,"Turnip":23,"Art of War":46,"Bag of Marbles":55,"Toy Ornithopter":48,"Meat on the Bone":41},{"Lantern":6,"Singing Bowl":11,"Gremlin Horn":18,"CeramicFish":15,"Black Blood":19,"Vajra":22,"Bag of Preparation":26,"Whetstone":20,"Smiling Mask":8,"Burning Blood":0,"Blood Vial":1,"Centennial Puzzle":12,"Lizard Tail":18,"HornCleat":14,"Mummified Hand":32,"Strawberry":5,"Tiny Chest":16,"MealTicket":29,"Toxic Egg 2":5,"InkBottle":7,"Pear":9,"Self Forming Clay":27,"Thread and Needle":23,"The Courier":21,"PreservedInsect":25,"Pen Nib":32,"Letter Opener":2,"Orichalcum":25,"MawBank":4,"Medical Kit":15,"Akabeko":32,"Runic Dome":10,"OrangePellets":21,"Anchor":15,"Ornamental Fan":14,"Bronze Scales":3,"Turnip":13,"Art of War":28,"Bag of Marbles":33,"Toy Ornithopter":30,"Meat on the Bone":24},{"Lantern":21,"Singing Bowl":45,"Gremlin Horn":72,"CeramicFish":58,"Black Blood":75,"Vajra":81,"Bag of Preparation":89,"Whetstone":76,"Smiling Mask":27,"Burning Blood":0,"Blood Vial":4,"Centennial Puzzle":48,"Lizard Tail":72,"HornCleat":55,"Mummified Hand":110,"Strawberry":18,"Tiny Chest":64,"MealTicket":100,"Toxic Egg 2":18,"InkBottle":25,"Pear":34,"Self Forming Clay":95,"Thread and Needle":83,"The Courier":78,"PreservedInsect":87,"Pen Nib":110,"Letter Opener":7,"Orichalcum":87,"MawBank":13,"Medical Kit":58,"Akabeko":110,"Runic Dome":42,"OrangePellets":78,"Anchor":58,"Ornamental Fan":55,"Bronze Scales":10,"Turnip":52,"Art of War":98,"Bag of Marbles":111,"Toy Ornithopter":102,"Meat on the Bone":85}],"Toy Ornithopter":0,"Meat on the Bone":12},"card_choices":[{"not_picked":["Eviscerate","True Grit","Reaper"],"picked":"SKIP","floor":6},{"not_picked":["True Grit","Setup","Bouncing Flask"],"picked":"SKIP","floor":8},{"not_picked":["Deflect+1","Havoc+1","JustLucky"],"picked":"SKIP","floor":11},{"not_picked":["Deflect+1","Havoc+1","JustLucky"],"picked":"SKIP","floor":11},{"not_picked":["WindmillStrike","Twin Strike","True Grit+1"],"picked":"SKIP","floor":14},{"not_picked":["Turbo+1","Cloak And Dagger+1","Concentrate+1"],"picked":"Singing Bowl","floor":23},{"not_picked":["Doom and Gloom","Conserve Battery+1","Flame Barrier+1"],"picked":"Singing Bowl","floor":25},{"not_picked":["SashWhip","Shockwave+1","Feel No Pain"],"picked":"Singing Bowl","floor":30},{"not_picked":["Ball Lightning","SashWhip"],"picked":"Acrobatics+1","floor":31},{"not_picked":["Establishment","Core Surge","DeusExMachina+1"],"picked":"Singing Bowl","floor":33},{"not_picked":["Pummel","Worship+1","Infernal Blade+1"],"picked":"Singing Bowl","floor":40},{"not_picked":["Double Energy+1","Dropkick","EmptyFist"],"picked":"Singing Bowl","floor":44},{"not_picked":["Brilliance","Concentrate+1","Dagger Spray"],"picked":"Singing Bowl","floor":46},{"not_picked":["Adaptation","Uppercut","Perfected Strike"],"picked":"Singing Bowl","floor":48},{"not_picked":["Second Wind+1","Bane+1"],"picked":"Skim+1","floor":55}],"player_experience":1775422,"relics_obtained":[{"floor":1,"key":"Blood Vial"},{"floor":2,"key":"Letter Opener"},{"floor":4,"key":"Bronze Scales"},{"floor":6,"key":"MawBank"},{"floor":8,"key":"Strawberry"},{"floor":9,"key":"Toxic Egg 2"},{"floor":10,"key":"Lantern"},{"floor":11,"key":"InkBottle"},{"floor":13,"key":"Smiling Mask"},{"floor":14,"key":"Pear"},{"floor":18,"key":"Singing Bowl"},{"floor":22,"key":"Centennial Puzzle"},{"floor":23,"key":"Turnip"},{"floor":25,"key":"HornCleat"},{"floor":26,"key":"Ornamental Fan"},{"floor":28,"key":"CeramicFish"},{"floor":30,"key":"Tiny Chest"},{"floor":31,"key":"Lizard Tail"},{"floor":31,"key":"Gremlin Horn"},{"floor":35,"key":"Whetstone"},{"floor":36,"key":"The Courier"},{"floor":39,"key":"Vajra"},{"floor":40,"key":"Thread and Needle"},{"floor":41,"key":"Meat on the Bone"},{"floor":42,"key":"PreservedInsect"},{"floor":43,"key":"Orichalcum"},{"floor":44,"key":"Bag of Preparation"},{"floor":45,"key":"Self Forming Clay"},{"floor":46,"key":"Art of War"},{"floor":47,"key":"MealTicket"},{"floor":48,"key":"Toy Ornithopter"},{"floor":55,"key":"Bag of Marbles"}],"event_choices":[{"damage_healed":0,"gold_gain":0,"player_choice":"Donut","damage_taken":0,"max_hp_gain":5,"max_hp_loss":0,"event_name":"Big Fish","floor":3,"gold_loss":0},{"damage_healed":0,"gold_gain":50,"player_choice":"Stole From Cult","damage_taken":0,"max_hp_gain":0,"max_hp_loss":0,"event_name":"Nest","floor":19,"gold_loss":0},{"cards_removed":["Consecrate"],"damage_healed":0,"gold_gain":0,"player_choice":"Gave Gold","damage_taken":0,"max_hp_gain":0,"max_hp_loss":0,"event_name":"Beggar","floor":21,"gold_loss":75},{"damage_healed":0,"gold_gain":0,"player_choice":"Fight","damage_taken":0,"max_hp_gain":0,"max_hp_loss":0,"event_name":"Colosseum","floor":31,"gold_loss":0},{"damage_healed":0,"gold_gain":0,"player_choice":"Fought Nobs","damage_taken":0,"max_hp_gain":0,"max_hp_loss":0,"event_name":"Colosseum","floor":31,"gold_loss":0},{"damage_healed":0,"gold_gain":0,"player_choice":"Upgraded","damage_taken":0,"max_hp_gain":0,"max_hp_loss":0,"event_name":"Upgrade Shrine","floor":37,"gold_loss":0,"cards_upgraded":["Inflame"]}],"is_beta":false,"boss_relics":[{"not_picked":["Snecko Eye","Tiny House"],"picked":"Runic Dome"},{"not_picked":["Mark of Pain","Philosopher\u0027s Stone"],"picked":"Black Blood"}],"items_purged_floors":[5,27,29],"is_endless":false,"potions_floor_spawned":[1,4,8,10,11,18,25,30,35,40,46,47,48],"ascension_level":20}}