{"host":"Dean","time":1610896866,"event":{"mods":["2.2 Compatiblity","AchievementEnabler","BaseMod","Block Reminder","Colored Map","Colored Powertips","Minty Spire (QoL Compilation)","Permanent Neow","Quick Restart","Relic Stats","Replay The Spire","StSLib"],"gold_per_floor":[117,130,130,141,157,157,186,186,186,30,30,63,63,75,75,171,171,182,195,213,213,288,288,34,87,87,117,216,216,270,296,296,423,423,461,148,171,171,171,223,249,249,249,323,376,399,432,432,432,474,474,474,17,72,96],"floor_reached":56,"language":"ENG","playtime":3987,"items_purged":["Strike_P","Replay:Hysterical Blindness","Strike_P","Parasite"],"score":2206,"play_id":"0a618ee7-b457-4a8c-a06f-2f9ecdccb65e","local_time":"20210117102106","is_ascension_mode":true,"campfire_choices":[{"data":"MentalFortress","floor":6.0,"key":"SMITH"},{"floor":11.0,"key":"REST"},{"data":"Eruption","floor":15.0,"key":"SMITH"},{"data":"Meditate","floor":23.0,"key":"SMITH"},{"data":"CutThroughFate","floor":29.0,"key":"SMITH"},{"floor":32.0,"key":"RECALL"},{"floor":42.0,"key":"REST"},{"floor":49,"key":"REST"},{"floor":52,"key":"REST"}],"circlet_count":0,"master_deck":["Strike_P","Defend_P","Defend_P","Defend_P","Defend_P","Eruption+1","Vigilance","FlurryOfBlows+1","Meditate+1","MentalFortress+1","Consecrate","CutThroughFate+1","Scrawl+1","Brilliance+1","Vengeance+1","Replay:Sssssssssshield+1","Replay:Vibes+1","Wireheading+1","FlyingSleeves+1","SpiritShield+1","Devotion+1","Crescendo+1","Tantrum+1","Omniscience+1","MentalFortress+1","MentalFortress+1","CrushJoints+1","EmptyFist+1","Conclude+1","CutThroughFate+1","ThirdEye+1","Perseverance+1","Omniscience+1","Wallop+1","CutThroughFate+1","ReplayTheSpireMod:Private Reserves+1","ClearTheMind+1","Prostrate+1","Halt+1","FearNoEvil+1","FlurryOfBlows+1","Vault+1","Replay:Cycle+1","Prostrate+1","Tantrum+1","Replay:Hum+1","Adaptation+1","FlurryOfBlows+1","Prostrate+1","Prostrate+1","Replay:BasicMightCard+1","Apotheosis+1"],"relics":["Philosopher\u0027s Stone","Question Card","Prayer Wheel","Golden Egg","Blue Candle","ReplayTheSpireMod:Ninjato","InkBottle","Damaru","Mercury Hourglass","Replay:Bottled Flurry","Omamori","Replay:Ancient Bell","Pet Ghost","Onion Ring","Dead Branch","Molten Egg 2","Replay:Bandana","Replay:Ringing Soul","War Paint","Toxic Egg 2","Fusion Hammer","Replay:Bottled Snecko","PreservedInsect","Medical Kit","Replay:Mystery Machine","GoldenEye","Simple Rune","Replay:Purple Gloves","Bronze Scales"],"acts_visited":["Exordium","TheCity","TheBeyond","TheEnding"],"potions_floor_usage":[55,55],"damage_taken":[{"damage":0.0,"enemies":"2 Louse","floor":1.0,"turns":3.0},{"damage":3.0,"enemies":"Jaw Worm","floor":2.0,"turns":2.0},{"damage":14.0,"enemies":"Small Slimes","floor":4.0,"turns":4.0},{"damage":1.0,"enemies":"Blue Slaver","floor":5.0,"turns":3.0},{"damage":17.0,"enemies":"3 Sentries","floor":7.0,"turns":4.0},{"damage":7.0,"enemies":"Lagavulin","floor":12.0,"turns":3.0},{"damage":0.0,"enemies":"Looter","floor":14.0,"turns":1.0},{"damage":2.0,"enemies":"Hexaghost","floor":16.0,"turns":5.0},{"damage":4.0,"enemies":"2 Thieves","floor":18.0,"turns":3.0},{"damage":0.0,"enemies":"3 Byrds","floor":19.0,"turns":3.0},{"damage":6.0,"enemies":"Shelled Parasite and Fungi","floor":20.0,"turns":3.0},{"damage":8.0,"enemies":"Slavers","floor":25.0,"turns":4.0},{"damage":2.0,"enemies":"Centurion and Healer","floor":27.0,"turns":2.0},{"damage":0.0,"enemies":"Gremlin Leader","floor":30.0,"turns":3.0},{"damage":0.0,"enemies":"Chosen and Byrds","floor":31.0,"turns":3.0},{"damage":0.0,"enemies":"Pondfish","floor":33.0,"turns":4.0},{"damage":1.0,"enemies":"3 Darklings","floor":35.0,"turns":2.0},{"damage":0.0,"enemies":"Orb Walker","floor":37.0,"turns":1.0},{"damage":0.0,"enemies":"R_Hoarder","floor":40.0,"turns":3.0},{"damage":0.0,"enemies":"Jaw Worm Horde","floor":41.0,"turns":2.0},{"damage":0.0,"enemies":"Mind Bloom Boss Battle","floor":44.0,"turns":4.0},{"damage":0.0,"enemies":"Nemesis","floor":45.0,"turns":3.0},{"damage":0.0,"enemies":"Sphere and 2 Shapes","floor":46.0,"turns":2.0},{"damage":0,"enemies":"3 Darklings","floor":47,"turns":2},{"damage":0,"enemies":"Donu and Deca","floor":50,"turns":2},{"damage":23,"enemies":"Shield and Spear","floor":54,"turns":2},{"damage":22,"enemies":"The Heart","floor":55,"turns":6}],"seed_played":"1774197611158476324","potions_obtained":[{"floor":2.0,"key":"Doom Potion"},{"floor":4.0,"key":"SpeedPotion"},{"floor":7.0,"key":"Fire Potion"},{"floor":14.0,"key":"LifebloodPotion"},{"floor":25.0,"key":"Ambrosia"},{"floor":31.0,"key":"SteroidPotion"},{"floor":37.0,"key":"Elixir"},{"floor":41.0,"key":"BottledMiracle"},{"floor":45.0,"key":"LiquidMemories"}],"is_trial":false,"path_per_floor":["M","M","?","M","M","R","E","T","T","$","R","E","?","M","R","B",null,"M","M","M","?","?","R","$","E","T","M","?","R","E","M","R","B",null,"M","$","M","?","?","E","M","R","T","?","E","M","M","?","R","B",null,"R","$","E","B",null],"character_chosen":"WATCHER","items_purchased":["Damaru","Mercury Hourglass","Brilliance","Vengeance","Replay:Sssssssssshield","Block Potion","Wireheading","FlyingSleeves","MentalFortress","Replay:Bandana","CrushJoints+1","EmptyFist+1","Replay:Bottled Snecko","ReplayTheSpireMod:Private Reserves+1","ClearTheMind+1","PreservedInsect","Medical Kit","Replay:Purple Gloves","Prostrate+1","Replay:BasicMightCard","Apotheosis+1"],"campfire_rested":4,"item_purchase_floors":[10,10,10,10,10,10,10,10,24,24,24,24,36,36,36,36,36,53,53,53,53],"current_hp_per_floor":[72,69,69,55,54,54,37,37,37,37,58,51,37,37,37,35,72,68,68,62,62,55,55,55,50,50,51,51,51,54,57,57,60,87,89,92,95,95,98,98,101,102,102,105,108,111,114,114,114,114,114,114,114,91,69],"gold":96,"neow_bonus":"BOSS_RELIC","is_daily":false,"chose_seed":false,"campfire_upgraded":4,"win_rate":0.0,"timestamp":1610896866,"path_taken":["M","M","?","M","M","R","E","?","T","$","R","E","?","M","R","BOSS","M","M","M","?","?","R","$","E","T","?","?","R","E","M","R","BOSS","M","$","M","?","?","E","?","R","T","?","E","M","M","?","R","BOSS","R","$","E","BOSS"],"items_purchased_type":["Relic","Relic","Card","Card","Card","Potion","Card","Card","Card","Relic","Card","Card","Relic","Card","Card","Relic","Relic","Relic","Card","Card","Card"],"build_version":"2020-12-18","purchased_purges":4,"victory":true,"max_hp_per_floor":[72,72,72,72,72,72,72,72,72,72,72,72,72,72,72,72,72,72,72,72,72,72,72,72,75,75,78,78,78,81,84,84,87,87,90,93,96,96,99,99,102,102,102,105,108,111,114,114,114,114,114,114,114,114,114],"relic_stats":{"counters":[27,79],"Blue Candle":[1],"Dead Branch":[107],"PreservedInsect":190,"War Paint":["Defend_P","Defend_P"],"Question Card":45,"Medical Kit":[0],"GoldenEye":[22],"Mercury Hourglass":[268],"Bronze Scales":[42],"Prayer Wheel":15,"obtain_stats":[{"Golden Egg":5,"Replay:Purple Gloves":53,"Replay:Mystery Machine":40,"Pet Ghost":17,"Replay:Ringing Soul":25,"Replay:Bandana":24,"Philosopher\u0027s Stone":0,"Prayer Wheel":0,"Fusion Hammer":34,"Replay:Bottled Flurry":12,"Replay:Bottled Snecko":36,"Toxic Egg 2":30,"InkBottle":9,"ReplayTheSpireMod:Ninjato":8,"Blue Candle":7,"Dead Branch":17,"Damaru":10,"PreservedInsect":36,"Omamori":17,"Replay:Ancient Bell":17,"War Paint":26,"Question Card":0,"Medical Kit":36,"GoldenEye":44,"Mercury Hourglass":10,"Bronze Scales":54,"Onion Ring":17,"Molten Egg 2":21,"Simple Rune":45,"PureWater":0},{"Golden Egg":4,"Replay:Purple Gloves":25,"Replay:Mystery Machine":19,"Pet Ghost":8,"Replay:Ringing Soul":12,"Replay:Bandana":11,"Philosopher\u0027s Stone":0,"Prayer Wheel":0,"Fusion Hammer":16,"Replay:Bottled Flurry":6,"Replay:Bottled Snecko":17,"Toxic Egg 2":14,"InkBottle":5,"ReplayTheSpireMod:Ninjato":5,"Blue Candle":5,"Dead Branch":8,"Damaru":5,"PreservedInsect":17,"Omamori":8,"Replay:Ancient Bell":8,"War Paint":12,"Question Card":0,"Medical Kit":17,"GoldenEye":21,"Mercury Hourglass":5,"Bronze Scales":26,"Onion Ring":8,"Molten Egg 2":11,"Simple Rune":22,"PureWater":0},{"Golden Egg":12,"Replay:Purple Gloves":71,"Replay:Mystery Machine":56,"Pet Ghost":25,"Replay:Ringing Soul":38,"Replay:Bandana":34,"Philosopher\u0027s Stone":0,"Prayer Wheel":0,"Fusion Hammer":50,"Replay:Bottled Flurry":19,"Replay:Bottled Snecko":52,"Toxic Egg 2":43,"InkBottle":16,"ReplayTheSpireMod:Ninjato":16,"Blue Candle":16,"Dead Branch":25,"Damaru":16,"PreservedInsect":52,"Omamori":25,"Replay:Ancient Bell":25,"War Paint":38,"Question Card":0,"Medical Kit":52,"GoldenEye":62,"Mercury Hourglass":16,"Bronze Scales":73,"Onion Ring":25,"Molten Egg 2":34,"Simple Rune":65,"PureWater":0}],"InkBottle":[34]},"card_choices":[{"not_picked":["Replay:AtTheReady","Replay:ManipulateFuture","Prostrate"],"picked":"FlurryOfBlows","floor":1.0},{"not_picked":["Prostrate","JustLucky","Consecrate"],"picked":"Meditate","floor":1.0},{"not_picked":["Nirvana","WindmillStrike","Evaluate"],"picked":"MentalFortress","floor":2.0},{"not_picked":["EmptyMind","EmptyFist","Halt"],"picked":"Wireheading","floor":2.0},{"not_picked":["Pray","Halt","JustLucky"],"picked":"Consecrate","floor":4.0},{"not_picked":["JustLucky","Prostrate","InnerPeace","WaveOfTheHand"],"picked":"SKIP","floor":4.0},{"not_picked":["EmptyBody","Replay:ManipulateFuture","Vengeance"],"picked":"CutThroughFate","floor":5.0},{"not_picked":["Wallop","Wireheading","Evaluate"],"picked":"Scrawl","floor":5.0},{"not_picked":["EmptyFist","Protect","Evaluate"],"picked":"Replay:Vibes","floor":7.0},{"not_picked":["Replay:AtTheReady","Study","Replay:Vibes","BowlingBash"],"picked":"SKIP","floor":12.0},{"not_picked":["Swivel","FlyingSleeves","FlurryOfBlows"],"picked":"SpiritShield","floor":14.0},{"not_picked":["Pray","Crescendo","Replay:BluntJabs","FlyingSleeves"],"picked":"SKIP","floor":14.0},{"not_picked":["Establishment","Brilliance","Replay:LoomingThreat"],"picked":"Devotion","floor":16.0},{"not_picked":["ReplayTheSpireMod:Restless Dread","CurseOfTheBell","ReplayTheSpireMod:Doomed"],"picked":"Languid","floor":17.0},{"not_picked":["Amnesia","Hallucinations","ReplayTheSpireMod:Faulty Equipment"],"picked":"Pain","floor":17.0},{"not_picked":["Looming Evil","Shame","ReplayTheSpireMod:Faulty Equipment"],"picked":"Parasite","floor":17.0},{"not_picked":["Replay:ManipulateFuture","WaveOfTheHand","JustLucky"],"picked":"Crescendo","floor":18.0},{"not_picked":["Evaluate","SashWhip","Replay:ManipulateFuture","WheelKick"],"picked":"SKIP","floor":18.0},{"not_picked":["Replay:AtTheReady","EmptyFist","Sanctity"],"picked":"Crescendo+1","floor":19.0},{"not_picked":["EmptyBody","Pray","BowlingBash","PathToVictory"],"picked":"SKIP","floor":19.0},{"not_picked":["Worship","Protect","EmptyBody+1"],"picked":"Tantrum+1","floor":20.0},{"not_picked":["Replay:AtTheReady+1","CrushJoints+1","WreathOfFlame"],"picked":"Omniscience","floor":20.0},{"not_picked":["EmptyMind","Halt","DeceiveReality+1"],"picked":"Conclude+1","floor":25.0},{"not_picked":["SignatureMove+1","CrushJoints+1","Halt"],"picked":"FearNoEvil+1","floor":27.0},{"not_picked":["CrushJoints+1","EmptyBody","Crescendo"],"picked":"CutThroughFate+1","floor":27.0},{"not_picked":["Study","FlyingSleeves+1","CrushJoints+1"],"picked":"ThirdEye+1","floor":30.0},{"not_picked":["Crescendo+1","ForeignInfluence+1","Evaluate+1"],"picked":"Perseverance+1","floor":31.0},{"not_picked":["EmptyFist+1","Evaluate+1","BowlingBash+1","CrushJoints+1"],"picked":"SKIP","floor":31.0},{"not_picked":["DeusExMachina+1","Replay:AllIn+1","MasterReality"],"picked":"Omniscience+1","floor":33.0},{"not_picked":["WreathOfFlame+1","Protect+1","Consecrate+1"],"picked":"Wallop+1","floor":35.0},{"not_picked":["FlyingSleeves+1","BowlingBash+1","Judgement+1"],"picked":"CutThroughFate+1","floor":35.0},{"not_picked":["Protect+1","Perseverance+1","CutThroughFate+1"],"picked":"Prostrate+1","floor":37.0},{"not_picked":["Sanctity+1","WindmillStrike+1","EmptyFist+1"],"picked":"Halt+1","floor":37.0},{"not_picked":["JustLucky+1","Evaluate+1","Collect+1","Replay:ManipulateFuture+1"],"picked":"SKIP","floor":40.0},{"not_picked":["Wallop+1","Replay:AtTheReady+1","MentalFortress+1"],"picked":"FlurryOfBlows+1","floor":41.0},{"not_picked":["FlurryOfBlows+1","Replay:AtTheReady+1","MentalFortress+1"],"picked":"Vault+1","floor":41.0},{"not_picked":["Evaluate+1","FlyingSleeves+1","FollowUp+1"],"picked":"Replay:Cycle+1","floor":44.0},{"not_picked":["Protect+1","ReachHeaven+1","Crescendo+1"],"picked":"Prostrate+1","floor":45.0},{"not_picked":["Replay:ManipulateFuture+1","FollowUp+1","CutThroughFate+1"],"picked":"Tantrum+1","floor":46.0},{"not_picked":["Pray+1","ReachHeaven+1","SashWhip+1"],"picked":"Replay:Hum+1","floor":46.0},{"not_picked":["Replay:AtTheReady+1","Replay:Anticipation+1","Crescendo+1"],"picked":"Adaptation+1","floor":47},{"not_picked":["Collect+1","Conclude+1","Replay:ManipulateFuture+1"],"picked":"FlurryOfBlows+1","floor":47},{"not_picked":["Establishment","Protect+1","LessonLearned+1","SignatureMove+1"],"picked":"SKIP","floor":54}],"player_experience":785215,"relics_obtained":[{"floor":7.0,"key":"Blue Candle"},{"floor":8.0,"key":"ReplayTheSpireMod:Ninjato"},{"floor":9.0,"key":"InkBottle"},{"floor":12.0,"key":"Replay:Bottled Flurry"},{"floor":25.0,"key":"Replay:Ringing Soul"},{"floor":26.0,"key":"War Paint"},{"floor":30.0,"key":"Toxic Egg 2"},{"floor":40.0,"key":"Replay:Mystery Machine"},{"floor":44.0,"key":"GoldenEye"},{"floor":45.0,"key":"Simple Rune"},{"floor":54,"key":"Bronze Scales"}],"event_choices":[{"damage_healed":0.0,"max_hp_gain":0.0,"max_hp_loss":0.0,"gold_gain":0.0,"event_name":"Liars Game","player_choice":"Ignored","floor":3.0,"gold_loss":0.0,"damage_taken":0.0},{"damage_healed":0.0,"max_hp_gain":0.0,"max_hp_loss":0.0,"gold_gain":0.0,"event_name":"Shining Light","player_choice":"Entered Light","floor":13.0,"gold_loss":0.0,"damage_taken":14.0,"cards_upgraded":["Strike_P","FlurryOfBlows"]},{"damage_healed":0.0,"max_hp_gain":0.0,"max_hp_loss":0.0,"gold_gain":75.0,"event_name":"FaceTrader","player_choice":"Touch","floor":22.0,"gold_loss":0.0,"damage_taken":7.0},{"damage_healed":0.0,"max_hp_gain":0.0,"max_hp_loss":0.0,"gold_gain":99.0,"event_name":"Nest","player_choice":"Stole From Cult","floor":28.0,"gold_loss":0.0,"damage_taken":0.0},{"cards_removed":["FearNoEvil"],"damage_healed":0.0,"max_hp_gain":0.0,"max_hp_loss":0.0,"gold_gain":0.0,"event_name":"Falling","player_choice":"Removed Attack","floor":39.0,"gold_loss":0.0,"damage_taken":0.0},{"damage_healed":0.0,"max_hp_gain":0.0,"max_hp_loss":0.0,"gold_gain":0.0,"event_name":"MindBloom","player_choice":"Fight","floor":44.0,"gold_loss":0.0,"damage_taken":0.0},{"cards_removed":["Strike_P"],"damage_healed":0,"gold_gain":0,"player_choice":"Offered Basic","damage_taken":0,"max_hp_gain":0,"max_hp_loss":0,"event_name":"Bonfire Elementals","floor":48,"gold_loss":0}],"is_beta":true,"boss_relics":[{"not_picked":["Tiny House","VioletLotus"],"picked":"Replay:Ancient Bell"},{"not_picked":["Strawberry","Dream Catcher"],"picked":"Pet Ghost"},{"not_picked":["Gremlin Horn","Chameleon Ring"],"picked":"Onion Ring"},{"not_picked":["Replay:Kaleidoscope","Lizard Tail"],"picked":"Dead Branch"},{"not_picked":["Kintsugi","Sozu"],"picked":"Fusion Hammer"}],"items_purged_floors":[10,24,36,53],"is_endless":false,"potions_floor_spawned":[2,4,7,14,20,25,31,37,41,45],"ascension_level":3}}