{"host":"4ag909k4xupnj24b","time":1610849613,"event":{"mods":["BaseMod","Minty Spire (QoL Compilation)","StSLib"],"gold_per_floor":[111,131,148,148,158,183,183,210,247,34,53,80,80,95,95,195,195,195,195,195,110,110,110,110,110,110,110,110,110,110,34,34,34,34],"floor_reached":33,"language":"ENG","playtime":1387,"items_purged":["Strike_R"],"score":355,"play_id":"303b26ff-d9e4-48ca-b9bb-e5e258d487d5","local_time":"20210116181333","is_ascension_mode":false,"campfire_choices":[{"data":"True Grit","floor":7,"key":"SMITH"},{"data":"Fiend Fire","floor":13,"key":"SMITH"},{"data":"Rampage","floor":15,"key":"SMITH"},{"data":"Pommel Strike","floor":24,"key":"SMITH"},{"data":"Whirlwind","floor":27,"key":"SMITH"},{"floor":32,"key":"REST"}],"circlet_count":0,"master_deck":["Strike_R+1","Strike_R+1","Strike_R+1","Strike_R+1","Defend_R+1","Defend_R+1","Defend_R+1","Defend_R+1","Bash","Rampage+1","Pommel Strike+1","Dropkick","True Grit+1","Rage","Feel No Pain","Shame","Fiend Fire+1","Offering","Power Through","Corruption","Sever Soul+1","Whirlwind+1","Clumsy","Thunderclap","Evolve"],"relics":["Cursed Key","Juzu Bracelet","MawBank","Lantern","Art of War","Ectoplasm","Tiny Chest","Letter Opener","Unceasing Top","Pen Nib","CultistMask"],"acts_visited":["Exordium","TheCity"],"potions_floor_usage":[6,8,12,25,33],"damage_taken":[{"damage":2.0,"enemies":"Small Slimes","floor":1.0,"turns":3.0},{"damage":2.0,"enemies":"2 Louse","floor":2.0,"turns":2.0},{"damage":0.0,"enemies":"Cultist","floor":3.0,"turns":3.0},{"damage":9.0,"enemies":"Blue Slaver","floor":5.0,"turns":3.0},{"damage":14,"enemies":"Gremlin Nob","floor":6,"turns":3},{"damage":17,"enemies":"Lagavulin","floor":8,"turns":4},{"damage":0,"enemies":"3 Louse","floor":11,"turns":5},{"damage":0,"enemies":"Gremlin Nob","floor":12,"turns":3},{"damage":11,"enemies":"Large Slime","floor":14,"turns":6},{"damage":23,"enemies":"Slime Boss","floor":16,"turns":10},{"damage":6,"enemies":"Spheric Guardian","floor":18,"turns":3},{"damage":8,"enemies":"3 Byrds","floor":20,"turns":6},{"damage":17,"enemies":"Snecko","floor":22,"turns":5},{"damage":6,"enemies":"Gremlin Leader","floor":23,"turns":5},{"damage":10,"enemies":"Book of Stabbing","floor":25,"turns":4},{"damage":6,"enemies":"3 Cultists","floor":29,"turns":2},{"damage":79,"enemies":"Collector","floor":33,"turns":7}],"seed_played":"-3072605383710690158","potions_obtained":[{"floor":1.0,"key":"BlessingOfTheForge"},{"floor":2.0,"key":"BlessingOfTheForge"},{"floor":3.0,"key":"DuplicationPotion"},{"floor":16,"key":"FearPotion"},{"floor":20,"key":"BlessingOfTheForge"},{"floor":29,"key":"BloodPotion"}],"is_trial":false,"path_per_floor":["M","M","M","?","M","E","R","E","T","$","M","E","R","M","R","B",null,"M","?","M","?","M","E","R","E","T","R","?","M","?","$","R","B"],"character_chosen":"IRONCLAD","items_purchased":["Fiend Fire","Evolve"],"campfire_rested":1,"item_purchase_floors":[10,31],"current_hp_per_floor":[78,76,76,81,72,58,58,41,41,41,41,41,41,30,30,7,85,79,79,71,71,54,48,48,38,38,38,38,32,32,32,57,0,0],"gold":34,"neow_bonus":"BOSS_RELIC","is_daily":false,"chose_seed":false,"campfire_upgraded":5,"win_rate":0.0,"timestamp":1610849613,"path_taken":["M","M","M","?","M","E","R","E","T","$","M","E","R","M","R","BOSS","M","?","M","?","M","E","R","E","T","R","?","M","?","$","R","BOSS"],"items_purchased_type":["Card","Card"],"build_version":"2020-12-22","purchased_purges":1,"victory":false,"max_hp_per_floor":[80,80,80,85,85,85,85,85,85,85,85,85,85,85,85,85,85,85,85,85,85,85,85,85,85,85,85,85,85,85,85,85,85,85],"card_choices":[{"not_picked":["Battle Trance","Entrench"],"picked":"Rampage","floor":1.0},{"not_picked":["Sword Boomerang","Clothesline"],"picked":"Pommel Strike","floor":2.0},{"not_picked":["Clothesline","Ghostly Armor"],"picked":"Dropkick","floor":3.0},{"not_picked":["Reckless Charge","Iron Wave"],"picked":"True Grit","floor":5.0},{"not_picked":["Battle Trance","Carnage"],"picked":"Rage","floor":6},{"not_picked":["Cleave","Burning Pact"],"picked":"Feel No Pain","floor":8},{"not_picked":["Clothesline","Feel No Pain"],"picked":"Offering","floor":11},{"not_picked":["Rage","Inflame","Warcry"],"picked":"SKIP","floor":12},{"not_picked":["Clash","Heavy Blade"],"picked":"Power Through","floor":14},{"not_picked":["Impervious","Bludgeon"],"picked":"Corruption","floor":16},{"not_picked":["Havoc","Clothesline","Power Through"],"picked":"SKIP","floor":18},{"not_picked":["Clothesline","Heavy Blade","Twin Strike+1"],"picked":"SKIP","floor":20},{"not_picked":["Armaments+1","Body Slam"],"picked":"Sever Soul+1","floor":22},{"not_picked":["Heavy Blade","Reckless Charge","True Grit"],"picked":"SKIP","floor":23},{"not_picked":["Dual Wield","Double Tap"],"picked":"Whirlwind","floor":25},{"not_picked":["Iron Wave+1","Cleave"],"picked":"Thunderclap","floor":29}],"player_experience":844915,"relics_obtained":[{"floor":6,"key":"Juzu Bracelet"},{"floor":8,"key":"MawBank"},{"floor":9,"key":"Lantern"},{"floor":12,"key":"Art of War"},{"floor":23,"key":"Letter Opener"},{"floor":25,"key":"Unceasing Top"},{"floor":26,"key":"Pen Nib"}],"event_choices":[{"damage_healed":0.0,"max_hp_gain":5.0,"max_hp_loss":0.0,"gold_gain":0.0,"event_name":"Big Fish","player_choice":"Donut","floor":4.0,"gold_loss":0.0,"damage_taken":0.0},{"damage_healed":0,"gold_gain":0,"player_choice":"Simplicity","damage_taken":0,"max_hp_gain":0,"max_hp_loss":0,"event_name":"Back to Basics","floor":19,"gold_loss":0,"cards_upgraded":["Strike_R","Strike_R","Strike_R","Strike_R","Defend_R","Defend_R","Defend_R","Defend_R"]},{"damage_healed":0,"gold_gain":0,"player_choice":"Obtained Relic","damage_taken":0,"relics_obtained":["Tiny Chest"],"max_hp_gain":0,"max_hp_loss":0,"event_name":"Addict","floor":21,"gold_loss":85},{"damage_healed":0,"gold_gain":0,"player_choice":"Trade","damage_taken":0,"relics_obtained":["CultistMask"],"max_hp_gain":0,"max_hp_loss":0,"event_name":"FaceTrader","floor":28,"gold_loss":0},{"damage_healed":0,"gold_gain":0,"player_choice":"Ignored","damage_taken":0,"max_hp_gain":0,"max_hp_loss":0,"event_name":"Ghosts","floor":30,"gold_loss":0}],"is_beta":false,"boss_relics":[{"not_picked":["Fusion Hammer","Coffee Dripper"],"picked":"Ectoplasm"}],"items_purged_floors":[10],"is_endless":false,"potions_floor_spawned":[1,2,3,5,16,20,29],"killed_by":"Collector","ascension_level":0}}