{"host":"ibckqdmmf9y74ymf","time":1610890638,"event":{"mods":["2.2 Compatiblity","BaseMod","Colored Map","Curses Come First","Highlight Path","Minty Spire (QoL Compilation)","Quick Restart","Rare Cards Sparkle","Relic Stats","StSLib"],"gold_per_floor":[116,116,133,153,126,126,152,167,244,186,186,200,200,216,216,293,293,311,323,323,10,10,10,10,37,37,37,37],"floor_reached":27,"language":"ENG","playtime":794,"items_purged":["Defend_P"],"score":566,"play_id":"447192e4-6f20-46d1-925f-2e3129b58eb4","local_time":"20210117143718","is_ascension_mode":true,"campfire_choices":[{"data":"Tantrum","floor":6.0,"key":"SMITH"},{"floor":11.0,"key":"REST"},{"floor":13.0,"key":"REST"},{"data":"TalkToTheHand","floor":15.0,"key":"SMITH"},{"floor":23.0,"key":"REST"}],"circlet_count":0,"master_deck":["AscendersBane","Strike_P","Strike_P","Defend_P","Defend_P","Eruption","Vigilance","FlyingSleeves","FollowUp","Halt","Tantrum+1","Consecrate","Conclude","FlurryOfBlows","TalkToTheHand+1","Omniscience","ClearTheMind","MentalFortress","FlurryOfBlows","WaveOfTheHand"],"relics":["Sozu","Bottled Flame","The Courier","Fusion Hammer","Torii","Nilry\u0027s Codex","Bird Faced Urn","Shovel"],"acts_visited":["Exordium","TheCity"],"potions_floor_usage":[],"damage_taken":[{"damage":0.0,"enemies":"Small Slimes","floor":1.0,"turns":3.0},{"damage":0.0,"enemies":"2 Louse","floor":3.0,"turns":2.0},{"damage":0.0,"enemies":"Jaw Worm","floor":4.0,"turns":2.0},{"damage":13.0,"enemies":"Exordium Thugs","floor":5.0,"turns":4.0},{"damage":35.0,"enemies":"Lagavulin","floor":7.0,"turns":4.0},{"damage":3.0,"enemies":"Looter","floor":8.0,"turns":2.0},{"damage":8.0,"enemies":"Lots of Slimes","floor":12.0,"turns":2.0},{"damage":0.0,"enemies":"Large Slime","floor":14.0,"turns":2.0},{"damage":0.0,"enemies":"Slime Boss","floor":16.0,"turns":4.0},{"damage":21.0,"enemies":"Shell Parasite","floor":18.0,"turns":4.0},{"damage":0.0,"enemies":"Spheric Guardian","floor":19.0,"turns":1.0},{"damage":31.0,"enemies":"Slavers","floor":25.0,"turns":3.0},{"damage":0,"enemies":"Snecko","floor":27,"turns":1}],"seed_played":"7633099625424274341","potions_obtained":[],"is_trial":false,"path_per_floor":["M","?","M","M","M","R","E","M","T","?","R","M","R","M","R","B",null,"M","M","?","$","?","R","?","E","T","M"],"character_chosen":"WATCHER","items_purchased":["Torii"],"campfire_rested":3,"item_purchase_floors":[21],"current_hp_per_floor":[61,54,54,54,41,41,6,3,3,3,23,15,35,35,35,35,60,39,39,39,39,18,38,38,7,7,7,7],"gold":37,"neow_bonus":"BOSS_RELIC","is_daily":false,"chose_seed":false,"campfire_upgraded":2,"win_rate":0.0,"timestamp":1610890638,"path_taken":["M","?","M","M","M","R","E","M","T","?","R","M","R","M","R","BOSS","M","M","?","$","?","R","?","E","T","M"],"items_purchased_type":["Relic"],"build_version":"2020-12-22","purchased_purges":1,"victory":false,"max_hp_per_floor":[68,68,68,68,68,68,68,68,68,68,68,68,68,68,68,68,68,68,68,68,68,68,68,68,68,68,68,68],"relic_stats":{"Sozu":3,"Shovel":0,"Torii":8,"counters":[13,34],"Bird Faced Urn":[0],"obtain_stats":[{"Sozu":0,"Bottled Flame":7,"Shovel":26,"Torii":21,"Nilry\u0027s Codex":22,"Bird Faced Urn":25,"The Courier":9,"Fusion Hammer":17,"PureWater":0},{"Sozu":0,"Bottled Flame":5,"Shovel":12,"Torii":11,"Nilry\u0027s Codex":11,"Bird Faced Urn":12,"The Courier":6,"Fusion Hammer":9,"PureWater":0},{"Sozu":0,"Bottled Flame":15,"Shovel":33,"Torii":30,"Nilry\u0027s Codex":30,"Bird Faced Urn":33,"The Courier":17,"Fusion Hammer":25,"PureWater":0}]},"card_choices":[{"not_picked":["ThirdEye","CrushJoints"],"picked":"FlyingSleeves","floor":1.0},{"not_picked":["BattleHymn","Nirvana"],"picked":"FollowUp","floor":3.0},{"not_picked":["Evaluate","Weave"],"picked":"Halt","floor":4.0},{"not_picked":["Sanctity","FlurryOfBlows"],"picked":"Tantrum","floor":5.0},{"not_picked":["Prostrate","Weave"],"picked":"Consecrate","floor":7.0},{"not_picked":["Perseverance","EmptyMind"],"picked":"Conclude","floor":8.0},{"not_picked":["Vengeance","Protect"],"picked":"FlurryOfBlows","floor":12.0},{"not_picked":["Prostrate","ThirdEye"],"picked":"TalkToTheHand","floor":14.0},{"not_picked":["Scrawl","MasterReality"],"picked":"Omniscience","floor":16.0},{"not_picked":["CarveReality","SashWhip","EmptyFist"],"picked":"SKIP","floor":18.0},{"not_picked":["Weave","FollowUp"],"picked":"ClearTheMind","floor":19.0},{"not_picked":["SashWhip","ClearTheMind"],"picked":"WaveOfTheHand","floor":25.0}],"player_experience":923173,"relics_obtained":[{"floor":7.0,"key":"Bottled Flame"},{"floor":9.0,"key":"The Courier"},{"floor":22.0,"key":"Nilry\u0027s Codex"},{"floor":25.0,"key":"Bird Faced Urn"},{"floor":26.0,"key":"Shovel"}],"event_choices":[{"cards_removed":["Defend_P"],"damage_healed":0.0,"max_hp_gain":0.0,"max_hp_loss":0.0,"gold_gain":0.0,"event_name":"Golden Wing","player_choice":"Card Removal","floor":2.0,"gold_loss":0.0,"damage_taken":7.0},{"damage_healed":0.0,"max_hp_gain":0.0,"max_hp_loss":0.0,"gold_gain":0.0,"event_name":"World of Goop","player_choice":"Left Gold","floor":10.0,"gold_loss":58.0,"damage_taken":0.0},{"damage_healed":0.0,"max_hp_gain":0.0,"max_hp_loss":0.0,"gold_gain":0.0,"cards_transformed":["Strike_P","Strike_P"],"event_name":"Drug Dealer","player_choice":"Became Test Subject","floor":20.0,"gold_loss":0.0,"damage_taken":0.0,"cards_obtained":["MentalFortress","FlurryOfBlows"]},{"damage_healed":0.0,"max_hp_gain":0.0,"max_hp_loss":0.0,"gold_gain":0.0,"event_name":"Cursed Tome","player_choice":"Obtained Book","floor":22.0,"gold_loss":0.0,"damage_taken":21.0},{"damage_healed":0.0,"max_hp_gain":0.0,"max_hp_loss":0.0,"gold_gain":0.0,"event_name":"N\u0027loth","player_choice":"Ignored","floor":24.0,"gold_loss":0.0,"damage_taken":0.0}],"is_beta":false,"boss_relics":[{"not_picked":["SacredBark","Empty Cage"],"picked":"Fusion Hammer"}],"items_purged_floors":[21],"is_endless":false,"potions_floor_spawned":[5,8,18],"killed_by":"Snecko","ascension_level":20}}