{"host":"d66n7ln59ex8canu","time":1610907066,"event":{"mods":["AchievementEnabler","BaseMod","Colored Map","Minty Spire (QoL Compilation)","Quick Restart","StSLib"],"gold_per_floor":[111,126,126,145,145,172,120,152,152,179,179,79,79,93,93,190,190,203,303,402,402,385,385,385],"floor_reached":23,"language":"ENG","playtime":831,"items_purged":["Defend_B"],"score":279,"play_id":"0596e66b-94b2-42fe-ae4f-d2f0f874065c","local_time":"20210117131106","is_ascension_mode":true,"campfire_choices":[{"data":"Capacitor","floor":11,"key":"SMITH"},{"floor":13,"key":"DIG"},{"floor":15,"key":"REST"}],"circlet_count":0,"master_deck":["Strike_B","Strike_B","Strike_B","Strike_B","Defend_B","Defend_B","Zap","Dualcast","Chill","Coolheaded","Capacitor+1","Cold Snap","Steam","Coolheaded","Go for the Eyes","Ball Lightning","Glacier","Biased Cognition","Stack"],"relics":["Cracked Core","NeowsBlessing","CultistMask","Juzu Bracelet","Shovel","Shuriken","Bag of Preparation","Omamori","Runic Pyramid"],"acts_visited":["Exordium","TheCity"],"potions_floor_usage":[8,8,8,10,23,23,23],"damage_taken":[{"damage":0,"enemies":"Jaw Worm","floor":1,"turns":1},{"damage":0,"enemies":"Cultist","floor":2,"turns":1},{"damage":0,"enemies":"2 Louse","floor":4,"turns":1},{"damage":29,"enemies":"Gremlin Nob","floor":6,"turns":5},{"damage":13,"enemies":"Lagavulin","floor":8,"turns":7},{"damage":6,"enemies":"3 Sentries","floor":10,"turns":12},{"damage":20,"enemies":"Exordium Thugs","floor":14,"turns":5},{"damage":17,"enemies":"Hexaghost","floor":16,"turns":13},{"damage":0,"enemies":"Chosen","floor":18,"turns":5},{"damage":10,"enemies":"2 Thieves","floor":22,"turns":5},{"damage":52,"enemies":"Gremlin Leader","floor":23,"turns":7}],"seed_played":"1242078377551943197","potions_obtained":[{"floor":2,"key":"BlessingOfTheForge"},{"floor":4,"key":"EntropicBrew"},{"floor":8,"key":"Regen Potion"},{"floor":10,"key":"Explosive Potion"}],"is_trial":false,"path_per_floor":["M","M","?","M","?","E","$","E","T","E","R","$","R","M","R","B",null,"M","?","?","?","M","E"],"character_chosen":"DEFECT","items_purchased":["Steam","Ball Lightning"],"campfire_rested":1,"item_purchase_floors":[7,12],"current_hp_per_floor":[68,68,68,68,68,39,39,26,26,35,35,35,35,15,37,20,61,61,61,61,61,51,0,0],"gold":385,"neow_bonus":"THREE_ENEMY_KILL","is_daily":false,"chose_seed":false,"campfire_upgraded":1,"win_rate":0.0,"timestamp":1610907066,"path_taken":["M","M","?","?","?","E","$","E","T","E","R","$","R","M","R","BOSS","M","?","?","?","M","E"],"items_purchased_type":["Card","Card"],"build_version":"2020-12-22","purchased_purges":1,"victory":false,"max_hp_per_floor":[75,75,75,75,75,75,75,75,75,75,75,75,75,75,75,75,75,75,75,75,75,75,75,75],"card_choices":[{"not_picked":["Go for the Eyes","Blizzard"],"picked":"Chill","floor":1},{"not_picked":["Ball Lightning","Gash"],"picked":"Coolheaded","floor":2},{"not_picked":["Stack","Go for the Eyes"],"picked":"Capacitor","floor":4},{"not_picked":["Steam Power","Hello World"],"picked":"Cold Snap","floor":6},{"not_picked":["Leap","Reprogram"],"picked":"Coolheaded","floor":8},{"not_picked":["Recycle","Double Energy"],"picked":"Go for the Eyes","floor":10},{"not_picked":["Barrage","Ball Lightning"],"picked":"Glacier","floor":14},{"not_picked":["Machine Learning","All For One"],"picked":"Biased Cognition","floor":16},{"not_picked":["Sunder","Darkness","Chaos"],"picked":"SKIP","floor":18},{"not_picked":["Streamline","Chaos"],"picked":"Stack","floor":22}],"player_experience":324449,"relics_obtained":[{"floor":6,"key":"Juzu Bracelet"},{"floor":8,"key":"Shovel"},{"floor":9,"key":"Shuriken"},{"floor":10,"key":"Bag of Preparation"},{"floor":13,"key":"Omamori"}],"event_choices":[{"damage_healed":0,"gold_gain":0,"player_choice":"Trade","damage_taken":0,"relics_obtained":["CultistMask"],"max_hp_gain":0,"max_hp_loss":0,"event_name":"FaceTrader","floor":3,"gold_loss":0},{"cards_removed":["Defend_B"],"damage_healed":0,"gold_gain":0,"player_choice":"Offered Basic","damage_taken":0,"max_hp_gain":0,"max_hp_loss":0,"event_name":"Bonfire Elementals","floor":5,"gold_loss":0},{"damage_healed":0,"gold_gain":100,"player_choice":"Pray","damage_taken":0,"max_hp_gain":0,"max_hp_loss":0,"event_name":"Golden Shrine","floor":19,"gold_loss":0},{"damage_healed":0,"gold_gain":99,"player_choice":"Stole From Cult","damage_taken":0,"max_hp_gain":0,"max_hp_loss":0,"event_name":"Nest","floor":20,"gold_loss":0},{"damage_healed":0,"gold_gain":0,"player_choice":"Ignored","damage_taken":0,"max_hp_gain":0,"max_hp_loss":0,"event_name":"Beggar","floor":21,"gold_loss":0}],"is_beta":false,"boss_relics":[{"not_picked":["Tiny House","SacredBark"],"picked":"Runic Pyramid"}],"items_purged_floors":[12],"is_endless":false,"potions_floor_spawned":[2,4,8,10,16],"killed_by":"Gremlin Leader","ascension_level":7}}