{"host":"6jrd8fn9k88n08be","time":1610850739,"event":{"mods":["BaseMod","Minty Spire (QoL Compilation)","StSLib"],"gold_per_floor":[20,30,30,30,45,45,63,97,122,122,141,141,154,173,173,173,173],"floor_reached":16,"language":"ENG","playtime":1014,"items_purged":[],"score":114,"play_id":"98a4edb7-389d-45a4-9afb-7e1776712771","local_time":"20210116213219","is_ascension_mode":true,"campfire_choices":[{"data":"Adrenaline","floor":6,"key":"SMITH"},{"floor":10,"key":"REST"},{"floor":15,"key":"REST"}],"circlet_count":0,"master_deck":["Strike_G","Strike_G","Strike_G","Strike_G","Defend_G","Defend_G","Defend_G","Defend_G","Defend_G","Survivor","Neutralize","Adrenaline+1","Deadly Poison","Sucker Punch","Wraith Form v2","Poisoned Stab","Backflip","Dodge and Roll","PiercingWail"],"relics":["Ring of the Snake","Vajra","Centennial Puzzle","Golden Idol"],"acts_visited":["Exordium"],"potions_floor_usage":[],"damage_taken":[{"damage":3,"enemies":"2 Louse","floor":1,"turns":3},{"damage":0,"enemies":"Small Slimes","floor":2,"turns":2},{"damage":0,"enemies":"Jaw Worm","floor":5,"turns":3},{"damage":27,"enemies":"Large Slime","floor":7,"turns":5},{"damage":35,"enemies":"Lagavulin","floor":8,"turns":9},{"damage":4,"enemies":"3 Louse","floor":11,"turns":3},{"damage":2,"enemies":"Lots of Slimes","floor":13,"turns":3},{"damage":6,"enemies":"Large Slime","floor":14,"turns":7},{"damage":74,"enemies":"Slime Boss","floor":16,"turns":7}],"seed_played":"7477106989482915950","potions_obtained":[{"floor":2,"key":"Swift Potion"},{"floor":7,"key":"LiquidBronze"},{"floor":13,"key":"FairyPotion"}],"is_trial":false,"path_per_floor":["M","M","$","?","M","R","M","E","T","R","M","?","M","M","R","B"],"character_chosen":"THE_SILENT","items_purchased":[],"campfire_rested":2,"item_purchase_floors":[],"current_hp_per_floor":[67,67,67,67,67,67,40,5,5,26,22,22,20,14,33,0,0],"gold":173,"neow_bonus":"THREE_RARE_CARDS","is_daily":false,"chose_seed":false,"campfire_upgraded":1,"win_rate":0.0,"timestamp":1610850739,"path_taken":["M","M","$","?","M","R","M","E","T","R","M","?","M","M","R","BOSS"],"items_purchased_type":[],"build_version":"2020-12-22","purchased_purges":0,"victory":false,"max_hp_per_floor":[70,70,70,70,70,70,70,70,70,70,70,65,65,65,65,65,65],"card_choices":[{"not_picked":["Doppelganger","Unload"],"picked":"Adrenaline","floor":0},{"not_picked":["Blade Dance","Sucker Punch"],"picked":"Deadly Poison","floor":1},{"not_picked":["Endless Agony","Slice"],"picked":"Sucker Punch","floor":2},{"not_picked":["Flying Knee","Phantasmal Killer"],"picked":"Poisoned Stab","floor":5},{"not_picked":["Choke","Dagger Throw"],"picked":"Backflip","floor":7},{"not_picked":["Underhanded Strike","Quick Slash"],"picked":"Dodge and Roll","floor":8},{"not_picked":["Sucker Punch","Dagger Throw","Infinite Blades"],"picked":"SKIP","floor":11},{"not_picked":["Quick Slash","PiercingWail","Dagger Throw"],"picked":"SKIP","floor":13},{"not_picked":["Acrobatics","Endless Agony"],"picked":"PiercingWail","floor":14}],"player_experience":70373,"relics_obtained":[{"floor":8,"key":"Vajra"},{"floor":9,"key":"Centennial Puzzle"}],"event_choices":[{"damage_healed":0,"gold_gain":0,"cards_transformed":["Strike_G"],"player_choice":"Change","damage_taken":0,"max_hp_gain":0,"max_hp_loss":0,"event_name":"Living Wall","floor":4,"gold_loss":0,"cards_obtained":["Wraith Form v2"]},{"damage_healed":0,"gold_gain":0,"player_choice":"Lose Max HP","damage_taken":0,"relics_obtained":["Golden Idol"],"max_hp_gain":0,"max_hp_loss":5,"event_name":"Golden Idol","floor":12,"gold_loss":0}],"is_beta":false,"boss_relics":[],"items_purged_floors":[],"is_endless":false,"potions_floor_spawned":[2,7,13],"killed_by":"Slime Boss","ascension_level":2}}