{"host":"2s9oqecuarfdfwg7","time":1610871212,"event":{"mods":["AchievementEnabler","BaseMod","Minty Spire (QoL Compilation)","StSLib","SuperFastMode","Waifu the Spire"],"gold_per_floor":[119,119,119,131,60,60,92,92,92,92,92,136,136,170,170,299,299,248,248,248,280,301,301,317,317,317,386,408,408,16,16,16],"floor_reached":31,"language":"KOR","playtime":746,"items_purged":["Defend_G"],"score":330,"play_id":"10cfc1ab-bff9-488e-b85a-2b6ba8ac3c09","local_time":"20210117171332","is_ascension_mode":true,"campfire_choices":[{"data":"Footwork","floor":6,"key":"SMITH"},{"data":"Neutralize","floor":10,"key":"SMITH"},{"floor":13,"key":"DIG"},{"floor":15,"key":"REST"},{"floor":23,"key":"REST"},{"floor":25,"key":"REST"},{"floor":29,"key":"REST"}],"circlet_count":0,"master_deck":["Strike_G","Strike_G","Strike_G","Defend_G","Defend_G","Defend_G","Defend_G","Survivor","Neutralize+1","Catalyst","Footwork+1","PiercingWail","Injury","Deadly Poison","After Image","Neutralize","Poisoned Stab","Cloak And Dagger","Burst","Backflip","Envenom","Bane+1","Noxious Fumes"],"relics":["Ring of the Snake","NeowsBlessing","StoneCalendar","Sundial","Golden Idol","Meat on the Bone","Shovel","CeramicFish","Empty Cage","MutagenicStrength","CultistMask","Matryoshka","MealTicket","InkBottle","Toxic Egg 2"],"acts_visited":["Exordium","TheCity"],"potions_floor_usage":[24,24,31],"damage_taken":[{"damage":0,"enemies":"2 Louse","floor":1,"turns":1},{"damage":0,"enemies":"Small Slimes","floor":4,"turns":1},{"damage":0,"enemies":"Lagavulin","floor":7,"turns":1},{"damage":32,"enemies":"Gremlin Nob","floor":12,"turns":6},{"damage":6,"enemies":"Cultist","floor":14,"turns":3},{"damage":19,"enemies":"Slime Boss","floor":16,"turns":10},{"damage":0,"enemies":"2 Thieves","floor":18,"turns":4},{"damage":25,"enemies":"3 Byrds","floor":21,"turns":7},{"damage":16,"enemies":"Shelled Parasite and Fungi","floor":22,"turns":7},{"damage":50,"enemies":"Chosen and Byrds","floor":24,"turns":9},{"damage":30,"enemies":"Centurion and Healer","floor":28,"turns":9},{"damage":60,"enemies":"Gremlin Leader","floor":31,"turns":4}],"seed_played":"-1167179988041512070","potions_obtained":[{"floor":1,"key":"Fire Potion"},{"floor":7,"key":"SkillPotion"},{"floor":12,"key":"DuplicationPotion"},{"floor":28,"key":"Block Potion"}],"is_trial":false,"path_per_floor":["M","?","?","M","$","R","E","?","T","R","?","E","R","M","R","B",null,"M","?","?","M","M","R","M","R","T","T","M","R","$","E"],"character_chosen":"THE_SILENT","items_purchased":["Footwork","Noxious Fumes","Toxic Egg 2"],"campfire_rested":4,"item_purchase_floors":[5,30,30],"current_hp_per_floor":[70,63,63,63,63,63,63,63,63,63,63,43,43,37,58,39,62,62,62,62,37,33,54,16,37,37,37,19,40,55,0,0],"gold":16,"neow_bonus":"THREE_ENEMY_KILL","is_daily":false,"chose_seed":false,"campfire_upgraded":2,"win_rate":0.0,"timestamp":1610871212,"path_taken":["M","?","?","M","$","R","E","?","T","R","?","E","R","M","R","BOSS","M","?","?","M","M","R","?","R","T","?","M","R","$","E"],"items_purchased_type":["Card","Card","Relic"],"build_version":"2020-12-22","purchased_purges":1,"victory":false,"max_hp_per_floor":[70,70,70,70,70,70,70,70,70,70,70,70,70,70,70,70,70,70,70,70,70,70,70,70,70,70,70,70,70,70,70,70],"card_choices":[{"not_picked":["Calculated Gamble","Underhanded Strike"],"picked":"Catalyst","floor":1},{"not_picked":["Dagger Throw","Dodge and Roll","Finisher"],"picked":"SKIP","floor":4},{"not_picked":["Deflect","Cloak And Dagger"],"picked":"PiercingWail","floor":7},{"not_picked":["Deadly Poison","Deflect"],"picked":"Poisoned Stab","floor":12},{"not_picked":["Quick Slash","Leg Sweep"],"picked":"Cloak And Dagger","floor":14},{"not_picked":["Glass Knife","Storm of Steel"],"picked":"Burst","floor":16},{"not_picked":["Underhanded Strike+1","PiercingWail"],"picked":"Backflip","floor":18},{"not_picked":["Flying Knee","Distraction+1"],"picked":"Envenom","floor":21},{"not_picked":["Underhanded Strike","Finisher+1","Flying Knee+1"],"picked":"SKIP","floor":22},{"not_picked":["Flying Knee+1","PiercingWail+1","Quick Slash"],"picked":"SKIP","floor":24},{"not_picked":["Escape Plan+1","Phantasmal Killer"],"picked":"Bane+1","floor":28}],"player_experience":140676,"relics_obtained":[{"floor":7,"key":"Sundial"},{"floor":9,"key":"Meat on the Bone"},{"floor":12,"key":"Shovel"},{"floor":13,"key":"CeramicFish"},{"floor":26,"key":"Matryoshka"},{"floor":27,"key":"MealTicket"},{"floor":27,"key":"InkBottle"}],"event_choices":[{"damage_healed":0,"gold_gain":0,"player_choice":"Success","damage_taken":7,"relics_obtained":["StoneCalendar"],"max_hp_gain":0,"max_hp_loss":0,"event_name":"Scrap Ooze","floor":2,"gold_loss":0},{"damage_healed":0,"gold_gain":0,"player_choice":"Ignored","damage_taken":0,"max_hp_gain":0,"max_hp_loss":0,"event_name":"Liars Game","floor":3,"gold_loss":0},{"damage_healed":0,"gold_gain":0,"player_choice":"Take Wound","damage_taken":0,"relics_obtained":["Golden Idol"],"max_hp_gain":0,"max_hp_loss":0,"event_name":"Golden Idol","floor":8,"gold_loss":0,"cards_obtained":["Injury"]},{"damage_healed":0,"gold_gain":0,"player_choice":"3 cards matched","damage_taken":0,"max_hp_gain":0,"max_hp_loss":0,"event_name":"Match and Keep!","floor":11,"gold_loss":0,"cards_obtained":["Deadly Poison","After Image","Neutralize"]},{"damage_healed":0,"gold_gain":0,"player_choice":"Inject Mutagens","damage_taken":0,"relics_obtained":["MutagenicStrength"],"max_hp_gain":0,"max_hp_loss":0,"event_name":"Drug Dealer","floor":19,"gold_loss":0},{"damage_healed":0,"gold_gain":0,"player_choice":"Trade","damage_taken":0,"relics_obtained":["CultistMask"],"max_hp_gain":0,"max_hp_loss":0,"event_name":"FaceTrader","floor":20,"gold_loss":0}],"is_beta":false,"boss_relics":[{"not_picked":["Snecko Eye","Black Star"],"picked":"Empty Cage"}],"items_purged_floors":[30],"is_endless":false,"potions_floor_spawned":[1,7,12,28],"killed_by":"Gremlin Leader","ascension_level":5}}