{"host":"kg61lsvem4dxoat8","time":1610899035,"event":{"mods":["BaseMod","Colored Powertips","Minty Spire (QoL Compilation)","Quick Restart","Rare Cards Sparkle","Relic Stats","slay the spire mod where everything is the same but ironclad has a cowboy hat"],"gold_per_floor":[115,40,40,60,60,60,80,112,112,146,161,181,181,195,195,272,272,292,217,217,249,263,263,295,295,295,329,349,349,367,381,381,456,506,519,519,519,530,540,540,540,762,762,782,707,707,209,226,226,226],"floor_reached":51,"language":"ENG","playtime":1659,"items_purged":["Strike_G","Strike_G"],"score":1211,"play_id":"02db556e-caae-47e3-9c95-597bedde5ece","local_time":"20210117235715","is_ascension_mode":true,"campfire_choices":[{"data":"Blade Dance","floor":6,"key":"SMITH"},{"data":"Backflip","floor":13,"key":"SMITH"},{"data":"Accuracy","floor":15,"key":"SMITH"},{"data":"Blade Dance","floor":23,"key":"SMITH"},{"data":"After Image","floor":25,"key":"SMITH"},{"data":"Blade Dance","floor":29,"key":"SMITH"},{"data":"Infinite Blades","floor":32,"key":"SMITH"},{"data":"Adrenaline","floor":40,"key":"SMITH"},{"floor":46,"key":"REST"},{"data":"Finisher","floor":49,"key":"SMITH"}],"circlet_count":0,"master_deck":["AscendersBane","Defend_G","Defend_G","Defend_G","Defend_G+1","Defend_G","Survivor","Neutralize","Blade Dance+1","Accuracy+1","Infinite Blades+1","Backflip+1","After Image+1","Blade Dance+1","Blade Dance+1","Adrenaline+1","Finesse","After Image+1","Finisher+1"],"relics":["Ring of the Snake","NeowsBlessing","FaceOfCleric","Oddly Smooth Stone","Meat on the Bone","Happy Flower","WristBlade","Red Mask","HornCleat","Bottled Tornado","StrikeDummy","Tiny House","Akabeko","Eternal Feather"],"acts_visited":["Exordium","TheCity","TheBeyond"],"potions_floor_usage":[8,8,16,16,21,27,38,41,50],"damage_taken":[{"damage":0,"enemies":"Small Slimes","floor":1,"turns":1},{"damage":0,"enemies":"2 Louse","floor":4,"turns":1},{"damage":0,"enemies":"Cultist","floor":7,"turns":1},{"damage":9,"enemies":"Lagavulin","floor":8,"turns":4},{"damage":34,"enemies":"Gremlin Nob","floor":10,"turns":4},{"damage":6,"enemies":"3 Louse","floor":11,"turns":4},{"damage":13,"enemies":"Large Slime","floor":12,"turns":4},{"damage":23,"enemies":"Exordium Thugs","floor":14,"turns":4},{"damage":3,"enemies":"Slime Boss","floor":16,"turns":7},{"damage":0,"enemies":"Spheric Guardian","floor":18,"turns":3},{"damage":12,"enemies":"Masked Bandits","floor":21,"turns":4},{"damage":0,"enemies":"Chosen","floor":22,"turns":1},{"damage":13,"enemies":"Book of Stabbing","floor":24,"turns":3},{"damage":5,"enemies":"Slavers","floor":27,"turns":4},{"damage":0,"enemies":"3 Cultists","floor":28,"turns":3},{"damage":0,"enemies":"Centurion and Healer","floor":30,"turns":3},{"damage":0,"enemies":"Snecko","floor":31,"turns":2},{"damage":41,"enemies":"Automaton","floor":33,"turns":7},{"damage":0,"enemies":"3 Shapes","floor":35,"turns":3},{"damage":1,"enemies":"3 Darklings","floor":38,"turns":5},{"damage":0,"enemies":"Spire Growth","floor":39,"turns":3},{"damage":0,"enemies":"Transient","floor":41,"turns":1},{"damage":5,"enemies":"Sphere and 2 Shapes","floor":44,"turns":4},{"damage":0,"enemies":"Jaw Worm Horde","floor":48,"turns":2},{"damage":39,"enemies":"Donu and Deca","floor":50,"turns":7}],"seed_played":"-5582493882792862700","potions_obtained":[{"floor":4,"key":"BlessingOfTheForge"},{"floor":7,"key":"LiquidMemories"},{"floor":11,"key":"Strength Potion"},{"floor":14,"key":"Poison Potion"},{"floor":16,"key":"Poison Potion"},{"floor":22,"key":"SmokeBomb"},{"floor":24,"key":"EssenceOfSteel"},{"floor":27,"key":"ColorlessPotion"},{"floor":34,"key":"Block Potion"},{"floor":48,"key":"SteroidPotion"}],"is_trial":false,"path_per_floor":["M","?","?","M","?","R","M","E","T","E","M","M","R","M","R","B",null,"M","?","?","?","M","R","E","R","T","E","M","R","M","M","R","B",null,"M","?","?","M","M","R","M","?","T","M","$","R","$","M","R","B",null],"character_chosen":"THE_SILENT","items_purchased":["Finisher","Eternal Feather","ColorlessPotion","GamblersBrew"],"campfire_rested":1,"item_purchase_floors":[47,47,47,47],"current_hp_per_floor":[59,59,52,52,52,52,53,45,45,24,31,31,31,21,21,31,63,64,64,64,53,54,54,42,42,42,50,51,51,52,53,53,25,73,74,74,74,74,75,75,76,76,76,72,72,92,92,93,93,55],"gold":226,"neow_bonus":"THREE_ENEMY_KILL","is_daily":false,"chose_seed":false,"campfire_upgraded":9,"win_rate":0.0,"timestamp":1610899035,"path_taken":["M","?","?","M","?","R","M","E","T","E","?","M","R","M","R","BOSS","M","?","?","?","M","R","E","R","T","E","?","R","M","M","R","BOSS","M","?","?","M","?","R","M","?","T","M","?","R","$","M","R","BOSS"],"items_purchased_type":["Card","Relic","Potion","Potion"],"build_version":"2020-12-22","purchased_purges":2,"victory":true,"max_hp_per_floor":[66,66,66,66,66,66,67,68,68,69,70,71,71,72,72,73,73,74,74,74,75,76,76,77,77,77,78,79,79,80,81,81,82,87,88,88,88,89,90,90,91,91,91,92,92,92,92,93,93,94],"relic_stats":{"FaceOfCleric":23,"Happy Flower":[24],"counters":[25,85],"Eternal Feather":0,"obtain_stats":[{"Tiny House":34,"NeowsBlessing":0,"Happy Flower":10,"Oddly Smooth Stone":8,"Eternal Feather":47,"Bottled Tornado":26,"Akabeko":43,"HornCleat":24,"FaceOfCleric":5,"WristBlade":17,"Red Mask":21,"StrikeDummy":27,"Ring of the Snake":0,"Meat on the Bone":9},{"Tiny House":18,"NeowsBlessing":0,"Happy Flower":5,"Oddly Smooth Stone":4,"Eternal Feather":23,"Bottled Tornado":13,"Akabeko":22,"HornCleat":13,"FaceOfCleric":2,"WristBlade":9,"Red Mask":11,"StrikeDummy":14,"Ring of the Snake":0,"Meat on the Bone":4},{"Tiny House":60,"NeowsBlessing":0,"Happy Flower":11,"Oddly Smooth Stone":7,"Eternal Feather":76,"Bottled Tornado":41,"Akabeko":72,"HornCleat":41,"FaceOfCleric":2,"WristBlade":30,"Red Mask":37,"StrikeDummy":45,"Ring of the Snake":0,"Meat on the Bone":7}],"Ring of the Snake":[50],"Meat on the Bone":84},"card_choices":[{"not_picked":["Poisoned Stab","Acrobatics"],"picked":"Blade Dance","floor":1},{"not_picked":["Eviscerate","Quick Slash"],"picked":"Accuracy","floor":4},{"not_picked":["PiercingWail","Crippling Poison","Tactician"],"picked":"SKIP","floor":7},{"not_picked":["Reflex","Bane","Die Die Die"],"picked":"SKIP","floor":8},{"not_picked":["Quick Slash","Outmaneuver"],"picked":"Infinite Blades","floor":10},{"not_picked":["Sucker Punch","Flying Knee","Unload"],"picked":"SKIP","floor":11},{"not_picked":["Skewer","Outmaneuver"],"picked":"Backflip","floor":12},{"not_picked":["All Out Attack","Dagger Spray","Outmaneuver"],"picked":"SKIP","floor":14},{"not_picked":["Corpse Explosion","Wraith Form v2"],"picked":"After Image","floor":16},{"not_picked":["Outmaneuver","Predator","Noxious Fumes"],"picked":"SKIP","floor":18},{"not_picked":["Prepared","Skewer"],"picked":"Blade Dance","floor":21},{"not_picked":["Dagger Spray","Setup","Riddle With Holes+1"],"picked":"SKIP","floor":22},{"not_picked":["Storm of Steel","Quick Slash"],"picked":"Blade Dance","floor":24},{"not_picked":["Blade Dance","Dagger Spray","Quick Slash"],"picked":"SKIP","floor":27},{"not_picked":["Blade Dance","Sucker Punch","Acrobatics"],"picked":"SKIP","floor":28},{"not_picked":["Heel Hook","Night Terror","Backstab"],"picked":"SKIP","floor":30},{"not_picked":["Dagger Spray","Skewer","PiercingWail"],"picked":"SKIP","floor":31},{"not_picked":["Malaise","Unload"],"picked":"Adrenaline","floor":33},{"not_picked":["Sucker Punch","Concentrate","Slice"],"picked":"SKIP","floor":35},{"not_picked":["Chrysalis","Blind"],"picked":"Finesse","floor":36},{"not_picked":["Heel Hook","Flying Knee","All Out Attack"],"picked":"SKIP","floor":38},{"not_picked":["Slice","Deflect","Flying Knee"],"picked":"SKIP","floor":39},{"not_picked":["Acrobatics","Flying Knee","Bane"],"picked":"SKIP","floor":44},{"not_picked":["Blade Dance+1","Flying Knee","Backflip"],"picked":"SKIP","floor":48}],"player_experience":1380593,"relics_obtained":[{"floor":8,"key":"Oddly Smooth Stone"},{"floor":9,"key":"Meat on the Bone"},{"floor":10,"key":"Happy Flower"},{"floor":21,"key":"Red Mask"},{"floor":24,"key":"HornCleat"},{"floor":26,"key":"Bottled Tornado"},{"floor":27,"key":"StrikeDummy"},{"floor":43,"key":"Akabeko"}],"event_choices":[{"cards_removed":["Strike_G"],"damage_healed":0,"gold_gain":0,"player_choice":"Card Removal","damage_taken":0,"max_hp_gain":0,"max_hp_loss":0,"event_name":"The Cleric","floor":2,"gold_loss":75},{"cards_removed":["Strike_G"],"damage_healed":0,"gold_gain":0,"player_choice":"Card Removal","damage_taken":7,"max_hp_gain":0,"max_hp_loss":0,"event_name":"Golden Wing","floor":3,"gold_loss":0},{"damage_healed":0,"gold_gain":0,"player_choice":"Trade","damage_taken":0,"relics_obtained":["FaceOfCleric"],"max_hp_gain":0,"max_hp_loss":0,"event_name":"FaceTrader","floor":5,"gold_loss":0},{"cards_removed":["Strike_G"],"damage_healed":0,"gold_gain":0,"player_choice":"Gave Gold","damage_taken":0,"max_hp_gain":0,"max_hp_loss":0,"event_name":"Beggar","floor":19,"gold_loss":75},{"damage_healed":0,"gold_gain":0,"player_choice":"Ignored","damage_taken":0,"max_hp_gain":0,"max_hp_loss":0,"event_name":"Ghosts","floor":20,"gold_loss":0},{"damage_healed":0,"gold_gain":0,"player_choice":"Fought Bandits","damage_taken":0,"max_hp_gain":0,"max_hp_loss":0,"event_name":"Masked Bandits","floor":21,"gold_loss":0},{"damage_healed":0,"gold_gain":0,"player_choice":"Memory 1","damage_taken":0,"max_hp_gain":0,"max_hp_loss":0,"event_name":"SensoryStone","floor":36,"gold_loss":0},{"damage_healed":0,"gold_gain":0,"player_choice":"Copied","damage_taken":0,"max_hp_gain":0,"max_hp_loss":0,"event_name":"Duplicator","floor":37,"gold_loss":0,"cards_obtained":["After Image"]},{"damage_healed":0,"gold_gain":222,"player_choice":"Wore Mask","damage_taken":0,"max_hp_gain":0,"max_hp_loss":0,"event_name":"Tomb of Lord Red Mask","floor":42,"gold_loss":0}],"is_beta":false,"boss_relics":[{"not_picked":["Runic Pyramid","Runic Dome"],"picked":"WristBlade"},{"not_picked":["Coffee Dripper","HoveringKite"],"picked":"Tiny House"}],"items_purged_floors":[45,47],"is_endless":false,"potions_floor_spawned":[4,7,11,14,16,22,24,27,33,35,41,48],"ascension_level":15}}