{"host":"rl5ku05escnl5kxo","time":1610922986,"event":{"mods":["Act Like it!","BaseMod","Minty Spire (QoL Compilation)","StSLib","The Bug Knight"],"gold_per_floor":[212,41,55,75,0,0,0,0,49,0,17,37,37,53,53,53,53],"floor_reached":16,"language":"ENG","playtime":815,"items_purged":[],"score":92,"play_id":"74940bee-b7e2-418d-9648-135236e278cc","local_time":"20210117143626","is_ascension_mode":false,"campfire_choices":[{"data":"HollowMod:HowlingWraiths","floor":6,"key":"SMITH"},{"data":"HollowMod:DescendingDark","floor":8,"key":"SMITH"},{"data":"HollowMod:HowlingWraiths","floor":13,"key":"SMITH"},{"data":"HollowMod:PerfectDash","floor":15,"key":"SMITH"}],"circlet_count":0,"master_deck":["HollowMod:NailStrikeStart","HollowMod:NailStrikeStart","HollowMod:NailStrikeStart","HollowMod:NailStrikeStart","HollowMod:QuickDashStart","HollowMod:QuickDashStart","HollowMod:QuickDashStart","HollowMod:QuickDashStart","HollowMod:FocusHealStart","HollowMod:PogoStrike","HollowMod:DescendingDark+1","HollowMod:HowlingWraiths+1","HollowMod:CycloneSlash","HollowMod:HuntersJournal","HollowMod:SoulStrike","HollowMod:GoodIntentions","HollowMod:HowlingWraiths+1","HollowMod:ShapeofUnn","HollowMod:VengefulSpirit","HollowMod:PerfectDash+1"],"relics":["HollowMod:VesselMask","MealTicket"],"acts_visited":["Exordium"],"potions_floor_usage":[],"damage_taken":[{"damage":0,"enemies":"2 Louse","floor":1,"turns":2},{"damage":1,"enemies":"Jaw Worm","floor":3,"turns":3},{"damage":1,"enemies":"Cultist","floor":4,"turns":3},{"damage":4,"enemies":"Blue Slaver","floor":11,"turns":3},{"damage":11,"enemies":"3 Louse","floor":12,"turns":2},{"damage":16,"enemies":"Large Slime","floor":14,"turns":3},{"damage":66,"enemies":"The Guardian","floor":16,"turns":6}],"seed_played":"6573854301489355995","potions_obtained":[{"floor":11,"key":"Explosive Potion"}],"is_trial":false,"path_per_floor":["M","$","M","M","?","R","?","R","T","$","M","M","R","M","R","B"],"character_chosen":"THE_BUGKNIGHT","items_purchased":["HollowMod:HowlingWraiths","HollowMod:CycloneSlash","HollowMod:HuntersJournal","HollowMod:HowlingWraiths"],"campfire_rested":0,"item_purchase_floors":[2,2,2,10],"current_hp_per_floor":[75,75,74,75,80,80,80,80,80,80,76,65,65,49,49,0,0],"gold":53,"neow_bonus":"HUNDRED_GOLD","is_daily":false,"chose_seed":false,"campfire_upgraded":4,"win_rate":0.0,"timestamp":1610922986,"path_taken":["M","$","M","M","?","R","?","R","T","$","M","?","R","M","R","BOSS"],"items_purchased_type":["Card","Card","Card","Card"],"build_version":"2020-12-22","purchased_purges":0,"victory":false,"max_hp_per_floor":[75,75,75,75,80,80,80,80,80,80,80,80,80,80,80,80,80],"card_choices":[{"not_picked":["HollowMod:WraithStrike","HollowMod:SoulEater"],"picked":"HollowMod:DescendingDark","floor":1},{"not_picked":["HollowMod:CycloneSlash","HollowMod:TaintedHusks"],"picked":"HollowMod:SoulStrike","floor":3},{"not_picked":["HollowMod:MidwifesHunger","HollowMod:LifebloodCocoon"],"picked":"HollowMod:GoodIntentions","floor":4},{"not_picked":["HollowMod:SiblingsShadow","HollowMod:MothsMistake"],"picked":"HollowMod:ShapeofUnn","floor":11},{"not_picked":["HollowMod:ShadowDash","HollowMod:LifebloodCocoon"],"picked":"HollowMod:VengefulSpirit","floor":12},{"not_picked":["HollowMod:ShapeofUnn","HollowMod:LifebloodCocoon"],"picked":"HollowMod:PerfectDash","floor":14}],"player_experience":444314,"relics_obtained":[{"floor":9,"key":"MealTicket"}],"event_choices":[{"damage_healed":0,"gold_gain":0,"player_choice":"Ignored","damage_taken":0,"max_hp_gain":0,"max_hp_loss":0,"event_name":"Liars Game","floor":7,"gold_loss":0}],"is_beta":false,"boss_relics":[],"items_purged_floors":[],"is_endless":false,"potions_floor_spawned":[11],"killed_by":"The Guardian","ascension_level":0}}