{"host":"ga4s3hj9m6nkn6gp","time":1610908238,"event":{"mods":["AchievementEnabler","BaseMod","Bestiary","Colored Powertips","Highlight Path","Minty Spire (QoL Compilation)","Relic Stats","everything is the same but u backflip on backflip"],"gold_per_floor":[112,112,31,31,45,83,83,127,153,176,217,217,217,142,142,142,142],"floor_reached":16,"language":"ENG","playtime":618,"items_purged":["Regret"],"score":203,"play_id":"f5232976-86c8-4671-8f0e-726de0592a8b","local_time":"20210117193038","is_ascension_mode":true,"campfire_choices":[{"data":"Sever Soul","floor":7,"key":"SMITH"},{"data":"Feel No Pain","floor":13,"key":"SMITH"},{"data":"Wild Strike","floor":15,"key":"SMITH"}],"circlet_count":0,"master_deck":["AscendersBane","Strike_R","Strike_R","Strike_R","Strike_R","Defend_R","Defend_R","Defend_R","Bash","Warcry","Sever Soul+1","Infernal Blade","Feel No Pain+1","Wild Strike+1","Disarm"],"relics":["Burning Blood","Golden Idol","Red Skull","Art of War","MealTicket","Boot","Mango"],"acts_visited":["Exordium"],"potions_floor_usage":[8],"damage_taken":[{"damage":9,"enemies":"2 Louse","floor":1,"turns":3},{"damage":5,"enemies":"Small Slimes","floor":5,"turns":4},{"damage":29,"enemies":"3 Sentries","floor":6,"turns":11},{"damage":5,"enemies":"Gremlin Nob","floor":8,"turns":3},{"damage":0,"enemies":"Cultist","floor":10,"turns":2},{"damage":21,"enemies":"3 Sentries","floor":11,"turns":8},{"damage":58,"enemies":"The Guardian","floor":16,"turns":6}],"seed_played":"-5909046877748826714","potions_obtained":[{"floor":6,"key":"AttackPotion"},{"floor":8,"key":"LiquidBronze"}],"is_trial":false,"path_per_floor":["M","?","$","?","M","E","R","E","T","M","E","?","R","$","R","B"],"character_chosen":"IRONCLAD","items_purchased":["Feel No Pain"],"campfire_rested":0,"item_purchase_floors":[3],"current_hp_per_floor":[65,65,65,58,59,36,36,37,37,43,28,42,42,57,57,0,0],"gold":142,"neow_bonus":"TRANSFORM_TWO_CARDS","is_daily":false,"chose_seed":false,"campfire_upgraded":3,"win_rate":0.0,"timestamp":1610908238,"path_taken":["M","?","$","?","M","E","R","E","T","M","E","?","R","$","R","BOSS"],"items_purchased_type":["Card"],"build_version":"2020-12-22","purchased_purges":1,"victory":false,"max_hp_per_floor":[75,68,68,68,68,68,68,68,68,68,68,82,82,82,82,82,82],"relic_stats":{"counters":[7,37],"Golden Idol":33,"MealTicket":15,"Art of War":[0],"Boot":[0],"obtain_stats":[{"Golden Idol":2,"MealTicket":9,"Mango":12,"Art of War":8,"Boot":11,"Burning Blood":0,"Red Skull":6},{"Golden Idol":1,"MealTicket":4,"Mango":6,"Art of War":4,"Boot":6,"Burning Blood":0,"Red Skull":3},{"Golden Idol":3,"MealTicket":21,"Mango":31,"Art of War":21,"Boot":31,"Burning Blood":0,"Red Skull":18}],"Burning Blood":36},"card_choices":[{"not_picked":["Perfected Strike","Heavy Blade"],"picked":"Infernal Blade","floor":1},{"not_picked":["Flame Barrier","Sword Boomerang"],"picked":"Wild Strike","floor":5},{"not_picked":["Iron Wave","Infernal Blade"],"picked":"Disarm","floor":6},{"not_picked":["Twin Strike","Headbutt","Thunderclap"],"picked":"SKIP","floor":8},{"not_picked":["Pommel Strike","Rupture","Warcry"],"picked":"SKIP","floor":10},{"not_picked":["Iron Wave","Havoc","Cleave"],"picked":"SKIP","floor":11}],"player_experience":646680,"relics_obtained":[{"floor":6,"key":"Red Skull"},{"floor":8,"key":"Art of War"},{"floor":9,"key":"MealTicket"},{"floor":11,"key":"Boot"}],"event_choices":[{"damage_healed":0,"gold_gain":0,"player_choice":"Lose Max HP","damage_taken":0,"relics_obtained":["Golden Idol"],"max_hp_gain":0,"max_hp_loss":7,"event_name":"Golden Idol","floor":2,"gold_loss":0},{"cards_removed":["Injury"],"damage_healed":0,"gold_gain":0,"player_choice":"Card Removal","damage_taken":7,"max_hp_gain":0,"max_hp_loss":0,"event_name":"Golden Wing","floor":4,"gold_loss":0},{"damage_healed":0,"gold_gain":0,"player_choice":"Box","damage_taken":0,"relics_obtained":["Mango"],"max_hp_gain":0,"max_hp_loss":0,"event_name":"Big Fish","floor":12,"gold_loss":0,"cards_obtained":["Regret"]}],"is_beta":false,"boss_relics":[],"items_purged_floors":[14],"is_endless":false,"potions_floor_spawned":[6,8],"killed_by":"The Guardian","ascension_level":15}}