{"host":"ebj6lkgm8suah319","time":1610856445,"event":{"mods":["2.2 Compatiblity","AchievementEnabler","BaseMod","Block Reminder","Colored Map","Colored Powertips","Minty Spire (QoL Compilation)","Quick Restart","Rare Cards Sparkle","Relic Stats","SuperFastMode"],"gold_per_floor":[111,121,141,50,66,100,100,134,134,134,164,174,174,192,192,290,290,309,309,82,98,59,386,413,425,437,467,505,517,548,590,602,719,731,758,1045,401,421,42,77,77,107,107,125,138,138,173,193,193,193],"floor_reached":51,"language":"ENG","playtime":2047,"items_purged":["Strike_R","Strike_R"],"score":1162,"play_id":"cb672e11-b149-4b7b-ac61-4893feda3c9a","local_time":"20210116230725","is_ascension_mode":true,"campfire_choices":[{"floor":7,"key":"REST"},{"floor":10,"key":"REST"},{"data":"1","floor":13,"key":"LIFT"},{"data":"2","floor":15,"key":"LIFT"},{"data":"3","floor":25,"key":"LIFT"},{"floor":29,"key":"REST"},{"floor":32,"key":"REST"},{"floor":41,"key":"REST"},{"floor":46,"key":"REST"},{"floor":49,"key":"REST"}],"circlet_count":0,"master_deck":["Strike_R","Strike_R","Strike_R","Defend_R","Defend_R","Defend_R","Defend_R","Bash","True Grit","Cleave","Pommel Strike","Perfected Strike","Whirlwind","Feel No Pain+1","Pommel Strike","Corruption","Pummel","Clothesline","Uppercut","Feed","Shockwave","Feel No Pain","Warcry+1","Ghostly Armor+1","Metallicize","Feel No Pain","Combust","Offering+1","Dual Wield+1","Feel No Pain","True Grit+1","Dual Wield+1","Shockwave+1","Seeing Red+1","Armaments+1","Feel No Pain+1","Battle Trance+1","Body Slam+1"],"relics":["Fusion Hammer","Bag of Preparation","Meat on the Bone","TungstenRod","Girya","Black Star","Omamori","MawBank","Old Coin","Oddly Smooth Stone","PreservedInsect","Lantern","Toxic Egg 2","Self Forming Clay","Cursed Key","Medical Kit","Nunchaku","Happy Flower","Centennial Puzzle","Bronze Scales","Ancient Tea Set","Strawberry","Bottled Tornado","Ice Cream","Potion Belt","Thread and Needle","Bottled Flame"],"acts_visited":["Exordium","TheCity","TheBeyond"],"potions_floor_usage":[16,24,28,28,31,40,50],"damage_taken":[{"damage":1,"enemies":"Cultist","floor":1,"turns":3},{"damage":0,"enemies":"Small Slimes","floor":2,"turns":4},{"damage":0,"enemies":"2 Louse","floor":3,"turns":2},{"damage":11,"enemies":"Red Slaver","floor":5,"turns":4},{"damage":28,"enemies":"Gremlin Nob","floor":6,"turns":4},{"damage":18,"enemies":"3 Sentries","floor":8,"turns":5},{"damage":17,"enemies":"Lagavulin","floor":11,"turns":6},{"damage":0,"enemies":"2 Fungi Beasts","floor":12,"turns":3},{"damage":3,"enemies":"Blue Slaver","floor":14,"turns":3},{"damage":7,"enemies":"Slime Boss","floor":16,"turns":6},{"damage":5,"enemies":"Shell Parasite","floor":18,"turns":5},{"damage":0,"enemies":"3 Byrds","floor":21,"turns":3},{"damage":15,"enemies":"Gremlin Leader","floor":23,"turns":7},{"damage":20,"enemies":"Centurion and Healer","floor":24,"turns":7},{"damage":0,"enemies":"Snake Plant","floor":27,"turns":5},{"damage":6,"enemies":"Slavers","floor":28,"turns":9},{"damage":9,"enemies":"Sentry and Sphere","floor":30,"turns":5},{"damage":0,"enemies":"Gremlin Leader","floor":31,"turns":4},{"damage":36,"enemies":"Collector","floor":33,"turns":12},{"damage":5,"enemies":"Orb Walker","floor":35,"turns":4},{"damage":5,"enemies":"3 Shapes","floor":38,"turns":3},{"damage":5,"enemies":"Reptomancer","floor":40,"turns":7},{"damage":5,"enemies":"Giant Head","floor":42,"turns":5},{"damage":15,"enemies":"Maw","floor":44,"turns":6},{"damage":0,"enemies":"4 Shapes","floor":45,"turns":6},{"damage":26,"enemies":"Nemesis","floor":47,"turns":7},{"damage":5,"enemies":"3 Darklings","floor":48,"turns":3},{"damage":0,"enemies":"Time Eater","floor":50,"turns":7}],"seed_played":"8876492347737706686","potions_obtained":[{"floor":5,"key":"Energy Potion"},{"floor":6,"key":"Regen Potion"},{"floor":12,"key":"EntropicBrew"},{"floor":16,"key":"SteroidPotion"},{"floor":28,"key":"Block Potion"},{"floor":31,"key":"AttackPotion"},{"floor":40,"key":"SkillPotion"},{"floor":45,"key":"SpeedPotion"},{"floor":47,"key":"Energy Potion"}],"is_trial":false,"path_per_floor":["M","M","M","$","M","E","R","E","T","R","E","M","R","M","R","B",null,"M","?","$","M","$","E","M","R","T","M","E","R","M","E","R","B",null,"M","?","$","M","$","E","R","E","T","M","M","R","E","M","R","B",null],"character_chosen":"IRONCLAD","items_purchased":["Perfected Strike","Whirlwind","Omamori","Feel No Pain","Medical Kit","Feel No Pain","Nunchaku","Happy Flower","True Grit+1","Centennial Puzzle","Bronze Scales","Shockwave+1"],"campfire_rested":7,"item_purchase_floors":[4,4,20,22,37,37,37,37,37,39,39,39],"current_hp_per_floor":[79,79,79,79,68,40,64,46,46,70,53,53,53,50,50,43,80,75,75,75,75,75,60,58,58,58,61,58,84,75,75,89,53,89,87,87,87,85,85,87,102,100,100,88,91,111,85,84,115,115],"gold":193,"neow_bonus":"BOSS_RELIC","is_daily":false,"chose_seed":false,"campfire_upgraded":0,"win_rate":0.0,"timestamp":1610856445,"path_taken":["M","M","?","?","M","E","R","E","T","R","E","M","R","M","R","BOSS","M","?","$","M","?","E","M","R","T","M","E","R","M","E","R","BOSS","M","?","$","?","$","E","R","E","T","M","M","R","E","M","R","BOSS"],"items_purchased_type":["Card","Card","Relic","Card","Relic","Card","Relic","Relic","Card","Relic","Relic","Card"],"build_version":"2020-12-22","purchased_purges":2,"victory":true,"max_hp_per_floor":[80,80,80,80,80,80,80,80,80,80,80,80,80,80,80,80,80,80,80,80,80,80,80,83,83,83,86,89,89,89,89,89,89,89,92,92,92,95,95,102,102,105,105,108,111,111,111,115,115,115],"relic_stats":{"Happy Flower":[14],"counters":[28,145],"Self Forming Clay":[33],"PreservedInsect":277,"Bag of Preparation":[46],"MawBank":168,"Cursed Key":1,"Medical Kit":[2],"Nunchaku":[8],"Centennial Puzzle":[15],"Bronze Scales":[108],"Black Star":6,"obtain_stats":[{"Ice Cream":42,"Lantern":28,"Bag of Preparation":6,"Bottled Tornado":42,"Cursed Key":34,"Ancient Tea Set":40,"Burning Blood":0,"Old Coin":23,"Nunchaku":37,"Centennial Puzzle":39,"Strawberry":40,"Fusion Hammer":0,"Toxic Egg 2":31,"Potion Belt":43,"Girya":11,"Happy Flower":37,"Self Forming Clay":31,"Oddly Smooth Stone":26,"Thread and Needle":47,"PreservedInsect":28,"Omamori":20,"MawBank":23,"Medical Kit":37,"Bottled Flame":47,"Bronze Scales":39,"Black Star":17,"TungstenRod":9,"Meat on the Bone":8},{"Ice Cream":23,"Lantern":16,"Bag of Preparation":5,"Bottled Tornado":23,"Cursed Key":19,"Ancient Tea Set":22,"Burning Blood":0,"Old Coin":13,"Nunchaku":20,"Centennial Puzzle":21,"Strawberry":22,"Fusion Hammer":0,"Toxic Egg 2":18,"Potion Belt":23,"Girya":7,"Happy Flower":20,"Self Forming Clay":18,"Oddly Smooth Stone":14,"Thread and Needle":26,"PreservedInsect":16,"Omamori":11,"MawBank":13,"Medical Kit":20,"Bottled Flame":26,"Bronze Scales":21,"Black Star":10,"TungstenRod":6,"Meat on the Bone":6},{"Ice Cream":116,"Lantern":76,"Bag of Preparation":17,"Bottled Tornado":116,"Cursed Key":97,"Ancient Tea Set":111,"Burning Blood":0,"Old Coin":55,"Nunchaku":101,"Centennial Puzzle":104,"Strawberry":111,"Fusion Hammer":0,"Toxic Egg 2":85,"Potion Belt":116,"Girya":28,"Happy Flower":101,"Self Forming Clay":85,"Oddly Smooth Stone":62,"Thread and Needle":135,"PreservedInsect":76,"Omamori":45,"MawBank":55,"Medical Kit":101,"Bottled Flame":135,"Bronze Scales":104,"Black Star":40,"TungstenRod":22,"Meat on the Bone":22}],"TungstenRod":56,"Meat on the Bone":0},"card_choices":[{"not_picked":["Flex","Dual Wield"],"picked":"True Grit","floor":1},{"not_picked":["Burning Pact","Warcry"],"picked":"Cleave","floor":2},{"not_picked":["Clash","Searing Blow"],"picked":"Pommel Strike","floor":3},{"not_picked":["Cleave","Flex"],"picked":"Feel No Pain","floor":5},{"not_picked":["Armaments","Flex"],"picked":"Pommel Strike","floor":6},{"not_picked":["Dual Wield","Searing Blow"],"picked":"Corruption","floor":8},{"not_picked":["Clash","Body Slam"],"picked":"Pummel","floor":11},{"not_picked":["Searing Blow","Dual Wield"],"picked":"Clothesline","floor":12},{"not_picked":["Warcry","True Grit"],"picked":"Uppercut","floor":14},{"not_picked":["Corruption","Berserk"],"picked":"Feed","floor":16},{"not_picked":["Heavy Blade+1","Inflame"],"picked":"Shockwave","floor":18},{"not_picked":["Clothesline","Intimidate","Anger"],"picked":"SKIP","floor":21},{"not_picked":["Sever Soul","Fire Breathing+1"],"picked":"Warcry+1","floor":23},{"not_picked":["Iron Wave","Shockwave"],"picked":"Ghostly Armor+1","floor":24},{"not_picked":["Twin Strike","Power Through"],"picked":"Metallicize","floor":27},{"not_picked":["Berserk","Carnage"],"picked":"Feel No Pain","floor":28},{"not_picked":["Reckless Charge","Dropkick+1","Clash+1"],"picked":"SKIP","floor":30},{"not_picked":["Anger","Cleave"],"picked":"Combust","floor":31},{"not_picked":["Corruption","Impervious+1"],"picked":"Offering+1","floor":33},{"not_picked":["Pommel Strike","Sever Soul"],"picked":"Dual Wield+1","floor":35},{"not_picked":["Combust+1","Clash+1"],"picked":"Dual Wield+1","floor":38},{"not_picked":["Blood for Blood+1","Iron Wave"],"picked":"Seeing Red+1","floor":40},{"not_picked":["Perfected Strike","Heavy Blade+1"],"picked":"Armaments+1","floor":42},{"not_picked":["Twin Strike+1","Clash+1","Flex+1"],"picked":"SKIP","floor":44},{"not_picked":["Fire Breathing","Thunderclap"],"picked":"Feel No Pain+1","floor":45},{"not_picked":["Intimidate+1","Cleave"],"picked":"Battle Trance+1","floor":47},{"not_picked":["Burning Pact+1","Pommel Strike+1"],"picked":"Body Slam+1","floor":48}],"player_experience":4433,"relics_obtained":[{"floor":6,"key":"Bag of Preparation"},{"floor":8,"key":"Meat on the Bone"},{"floor":9,"key":"TungstenRod"},{"floor":11,"key":"Girya"},{"floor":23,"key":"MawBank"},{"floor":23,"key":"Old Coin"},{"floor":26,"key":"Oddly Smooth Stone"},{"floor":28,"key":"PreservedInsect"},{"floor":28,"key":"Lantern"},{"floor":31,"key":"Toxic Egg 2"},{"floor":31,"key":"Self Forming Clay"},{"floor":40,"key":"Ancient Tea Set"},{"floor":40,"key":"Strawberry"},{"floor":42,"key":"Bottled Tornado"},{"floor":42,"key":"Ice Cream"},{"floor":43,"key":"Potion Belt"},{"floor":47,"key":"Thread and Needle"},{"floor":47,"key":"Bottled Flame"}],"event_choices":[{"damage_healed":0,"gold_gain":0,"player_choice":"Upgraded","damage_taken":0,"max_hp_gain":0,"max_hp_loss":0,"event_name":"Upgrade Shrine","floor":19,"gold_loss":0,"cards_upgraded":["Feel No Pain"]},{"damage_healed":0,"gold_gain":275,"player_choice":"Desecrate","damage_taken":0,"max_hp_gain":0,"max_hp_loss":0,"event_name":"Golden Shrine","floor":36,"gold_loss":0,"cards_obtained":["Regret"]}],"is_beta":false,"boss_relics":[{"not_picked":["Mark of Pain","Velvet Choker"],"picked":"Black Star"},{"not_picked":["Runic Cube","SacredBark"],"picked":"Cursed Key"}],"items_purged_floors":[20,37],"is_endless":false,"potions_floor_spawned":[5,6,12,16,23,28,31,33,40,45,47],"ascension_level":1}}