{"host":"a1eatafr7pisesky","time":1610862787,"event":{"mods":["AchievementEnabler","BaseMod","Colored Map","Keyboard Shortcuts","Minty Spire (QoL Compilation)","Replay The Spire","Say the Spire","StSLib","SuperFastMode","everything is the same but u backflip on backflip"],"gold_per_floor":[16,16,26,39,39,39,54,86,101,101,128,144,69,69,69,85,85,185,185,205,205,222,70,90,124,136,136,159,176,176,196,206,226,226,323,323,337,36,90,139,334,334,366,409,448,501,513,557,569,581,593,647,659,671,14,92,94,94],"floor_reached":57,"language":"KOR","playtime":1837,"items_purged":["Strike_B","Strike_B"],"score":1270,"play_id":"67ff865d-7dce-41c0-892c-c02dfb45136b","local_time":"20210117145307","is_ascension_mode":true,"campfire_choices":[{"floor":10.0,"key":"REST"},{"data":"ReplayTheSpireMod:Omega Cannon","floor":14.0,"key":"SMITH"},{"data":"Strike_B","floor":17.0,"key":"PURGE"},{"floor":27.0,"key":"REST"},{"floor":30.0,"key":"REST"},{"floor":34.0,"key":"DIG"},{"floor":42.0,"key":"DIG"},{"floor":49.0,"key":"REST"},{"floor":51.0,"key":"RECALL"},{"data":"Turbo","floor":54.0,"key":"SMITH"}],"circlet_count":0,"master_deck":["Defend_B","Defend_B","Defend_B","Zap","Dualcast","ReplayTheSpireMod:Omega Cannon+1","Ball Lightning","Cold Snap","Turbo+1","ReplayTheSpireMod:Calculation Training+1","Conserve Battery","Coolheaded","Leap","FIFO Queue","Seek+1","Ball Lightning+1","Necronomicurse","Defragment","Defragment","Genetic Algorithm+1","Seek+1","Loop+1","Crystallizer","Glacier+1","Barrage","Echo Form","Consume+1","White Noise+1","FIFO Queue+1","Blizzard"],"relics":["Cracked Core","Bag of Marbles","Art of War","PreservedInsect","SacredBark","Necronomicon","Omamori","Replay:Mystery Machine","Replay:Wax Seal","Calling Bell","ReplayTheSpireMod:TigerMarble","White Beast Statue","Shovel","DataDisk","Guide Book","CaptainsWheel","MawBank","Replay:Bandana","ReplayFunnel","Geode","Replay:Rubber Ducky","Sling","Boot","ReplayTheSpireMod:Lightbulb"],"acts_visited":["Exordium","TheCity","TheBeyond","TheEnding"],"potions_floor_usage":[57,57],"damage_taken":[{"damage":0.0,"enemies":"Small Slimes","floor":1.0,"turns":2.0},{"damage":7.0,"enemies":"2 Louse","floor":3.0,"turns":2.0},{"damage":0.0,"enemies":"Cultist","floor":4.0,"turns":3.0},{"damage":9.0,"enemies":"3 Louse","floor":7.0,"turns":3.0},{"damage":19.0,"enemies":"3 Sentries","floor":8.0,"turns":4.0},{"damage":0.0,"enemies":"Looter","floor":9.0,"turns":2.0},{"damage":0.0,"enemies":"Large Slime","floor":12.0,"turns":3.0},{"damage":3.0,"enemies":"Blue Slaver","floor":16.0,"turns":2.0},{"damage":7.0,"enemies":"The Guardian","floor":18.0,"turns":9.0},{"damage":8.0,"enemies":"Spheric Guardian","floor":20.0,"turns":3.0},{"damage":0.0,"enemies":"2 Thieves","floor":22.0,"turns":1.0},{"damage":0.0,"enemies":"Cultist and Chosen","floor":24.0,"turns":1.0},{"damage":18.0,"enemies":"Replay:Snechameleon","floor":25.0,"turns":3.0},{"damage":15.0,"enemies":"Snake Plant","floor":26.0,"turns":5.0},{"damage":10.0,"enemies":"Snecko","floor":29.0,"turns":5.0},{"damage":4.0,"enemies":"Chosen and Byrds","floor":31.0,"turns":4.0},{"damage":12.0,"enemies":"Cultist and Chosen","floor":32.0,"turns":3.0},{"damage":9.0,"enemies":"Centurion and Healer","floor":33.0,"turns":4.0},{"damage":10.0,"enemies":"Pondfish","floor":35.0,"turns":11.0},{"damage":0.0,"enemies":"3 Darklings","floor":37.0,"turns":1.0},{"damage":0.0,"enemies":"2 Orb Walkers","floor":39.0,"turns":1.0},{"damage":13.0,"enemies":"Orb Walker","floor":43.0,"turns":5.0},{"damage":20.0,"enemies":"Nemesis","floor":44.0,"turns":9.0},{"damage":0.0,"enemies":"R_Hoarder","floor":46.0,"turns":8.0},{"damage":0.0,"enemies":"Nemesis","floor":48.0,"turns":9.0},{"damage":26.0,"enemies":"Replay:Hell Engine","floor":52.0,"turns":14.0},{"damage":26.0,"enemies":"Shield and Spear","floor":56.0,"turns":6.0},{"damage":41,"enemies":"The Heart","floor":57,"turns":2}],"seed_played":"-1431615013735196055","potions_obtained":[{"floor":1.0,"key":"Explosive Potion"},{"floor":7.0,"key":"Adrenaline Potion"},{"floor":9.0,"key":"Swift Potion"},{"floor":26.0,"key":"Adrenaline Potion"},{"floor":29.0,"key":"Reflective Coating"},{"floor":37.0,"key":"SteroidPotion"},{"floor":39.0,"key":"SteroidPotion"},{"floor":43.0,"key":"DuplicationPotion"},{"floor":46.0,"key":"Weak Potion"},{"floor":48.0,"key":"Block Potion"}],"is_trial":false,"path_per_floor":["M","?","M","M","PTL","PTL","M","E","M","R","T","M","$","R","?","M","R_BF","B",null,"M","?","M","$","M","E","M","R","T","M","R","M","M","M","R_BF","B",null,"M","$","?","$","?","R","M","E","T","E","?","E","R","?","R","B",null,"R","$","E","B"],"character_chosen":"DEFECT","items_purchased":["Defragment","DataDisk","Guide Book","FIFO Queue+1","Replay:Rubber Ducky","Sling","Boot","Milkshake","GamblersBrew","Blizzard"],"campfire_rested":4,"item_purchase_floors":[23,38,38,40,55,55,55,55,55,55],"current_hp_per_floor":[68,50,43,43,43,43,34,15,15,37,37,37,37,37,37,34,34,27,63,55,39,39,39,39,21,6,28,28,18,40,36,24,15,15,5,58,58,58,58,58,40,40,27,7,7,7,7,7,29,29,29,3,54,54,54,28,0,0],"gold":94,"neow_bonus":"TRANSFORM_TWO_CARDS","is_daily":false,"chose_seed":false,"campfire_upgraded":2,"win_rate":0.0,"timestamp":1610862787,"path_taken":["M","?","M","M","PTL","PTL","M","E","M","R","T","M","$","R","?","M","R_BF","BOSS","M","?","M","$","M","E","M","R","T","M","R","M","M","M","R_BF","BOSS","M","$","?","$","?","R","M","E","T","E","?","E","R","?","R","BOSS","R","$","E","BOSS"],"items_purchased_type":["Card","Relic","Relic","Card","Relic","Relic","Relic","Potion","Potion","Card"],"build_version":"2020-12-22","purchased_purges":2,"victory":false,"max_hp_per_floor":[75,75,75,75,75,75,75,75,75,75,75,75,75,75,75,75,75,75,75,75,75,75,75,75,75,75,75,75,75,75,75,75,75,75,75,75,75,75,75,75,75,75,75,75,75,75,75,75,75,71,71,71,71,71,71,71,71,71],"card_choices":[{"not_picked":["Melter","Go for the Eyes"],"picked":"Cold Snap","floor":1.0},{"not_picked":["Streamline","Ball Lightning"],"picked":"Turbo","floor":3.0},{"not_picked":["Beam Cell","Streamline"],"picked":"ReplayTheSpireMod:Calculation Training","floor":4.0},{"not_picked":["Fusion","Panic Button"],"picked":"Conserve Battery","floor":7.0},{"not_picked":["ReplaySolidLightProjector","Steam"],"picked":"Coolheaded","floor":8.0},{"not_picked":["Aggregate","Rebound"],"picked":"Leap","floor":9.0},{"not_picked":["Redo","Panic Button","Doom and Gloom"],"picked":"SKIP","floor":12.0},{"not_picked":["ReplaySolidLightProjector","Multi-Cast"],"picked":"FIFO Queue","floor":16.0},{"not_picked":["ReplayRNGCard","Fission"],"picked":"Seek","floor":18.0},{"not_picked":["Rebound","Hologram+1"],"picked":"Ball Lightning+1","floor":20.0},{"not_picked":["Compile Driver+1","Rip and Tear+1","Chill"],"picked":"SKIP","floor":22.0},{"not_picked":["Tempest","Panic Button"],"picked":"Genetic Algorithm+1","floor":24.0},{"not_picked":["White Noise","Turbo"],"picked":"Seek","floor":25.0},{"not_picked":["Streamline+1","Redo","Hologram"],"picked":"SKIP","floor":26.0},{"not_picked":["FIFO Queue","Go for the Eyes"],"picked":"Loop+1","floor":29.0},{"not_picked":["Static Discharge","Rebound"],"picked":"Crystallizer","floor":31.0},{"not_picked":["Tempest","Turbo"],"picked":"Glacier+1","floor":32.0},{"not_picked":["Auto Shields","ReplayTheSpireMod:Reroute Power"],"picked":"Barrage","floor":33.0},{"not_picked":["Meteor Strike","ReplayTheSpireMod:Fabricate Wheel"],"picked":"Echo Form","floor":35.0},{"not_picked":["Coolheaded+1","Heatsinks"],"picked":"Consume+1","floor":37.0},{"not_picked":["Sweeping Beam+1","Streamline"],"picked":"White Noise+1","floor":39.0},{"not_picked":["Rip and Tear","Streamline","Stack+1"],"picked":"SKIP","floor":43.0},{"not_picked":["ReplayTheSpireMod:Calculation Training","Double Energy+1","Chaos+1"],"picked":"SKIP","floor":44.0},{"not_picked":["Go for the Eyes+1","ReplayTheSpireMod:Calculation Training","Streamline+1"],"picked":"SKIP","floor":46.0},{"not_picked":["Rebound","Meteor Strike","Hologram"],"picked":"SKIP","floor":48.0},{"not_picked":["Melter+1","Coolheaded","Beam Cell"],"picked":"SKIP","floor":56.0}],"player_experience":319882,"relics_obtained":[{"floor":8.0,"key":"Art of War"},{"floor":11.0,"key":"PreservedInsect"},{"floor":21.0,"key":"Necronomicon"},{"floor":25.0,"key":"Omamori"},{"floor":28.0,"key":"Replay:Mystery Machine"},{"floor":34.0,"key":"Replay:Wax Seal"},{"floor":36.0,"key":"ReplayTheSpireMod:TigerMarble"},{"floor":36.0,"key":"White Beast Statue"},{"floor":36.0,"key":"Shovel"},{"floor":39.0,"key":"CaptainsWheel"},{"floor":42.0,"key":"MawBank"},{"floor":44.0,"key":"Replay:Bandana"},{"floor":46.0,"key":"ReplayFunnel"},{"floor":48.0,"key":"Geode"},{"floor":56.0,"key":"ReplayTheSpireMod:Lightbulb"}],"event_choices":[{"damage_healed":0.0,"max_hp_gain":0.0,"max_hp_loss":0.0,"gold_gain":0.0,"event_name":"Scrap Ooze","player_choice":"Success","floor":2.0,"gold_loss":0.0,"damage_taken":18.0,"relics_obtained":["Bag of Marbles"]},{"damage_healed":0.0,"max_hp_gain":0.0,"max_hp_loss":0.0,"gold_gain":0.0,"event_name":"Upgrade Shrine","player_choice":"Upgraded","floor":15.0,"gold_loss":0.0,"damage_taken":0.0,"cards_upgraded":["ReplayTheSpireMod:Calculation Training"]},{"damage_healed":0.0,"max_hp_gain":0.0,"max_hp_loss":0.0,"gold_gain":0.0,"event_name":"Cursed Tome","player_choice":"Obtained Book","floor":21.0,"gold_loss":0.0,"damage_taken":16.0},{"damage_healed":0.0,"max_hp_gain":0.0,"max_hp_loss":0.0,"gold_gain":0.0,"event_name":"Mysterious Sphere","player_choice":"Fight","floor":39.0,"gold_loss":0.0,"damage_taken":0.0},{"damage_healed":0.0,"max_hp_gain":0.0,"max_hp_loss":4.0,"gold_gain":0.0,"event_name":"Winding Halls","player_choice":"Max HP","floor":50.0,"gold_loss":0.0,"damage_taken":0.0}],"is_beta":false,"boss_relics":[{"not_picked":["Velvet Choker","Fusion Hammer"],"picked":"SacredBark"},{"not_picked":["Philosopher\u0027s Stone","Honey Jar"],"picked":"Calling Bell"}],"items_purged_floors":[13,23],"is_endless":false,"potions_floor_spawned":[1,7,9,12,24,26,29,31,33,37,39,43,44,46,48,56],"killed_by":"The Heart","ascension_level":8}}