{"host":"u9h06qdlnp3wgzsw","time":1610878199,"event":{"mods":["BaseMod","Downfall","Hermit","Minty Spire (QoL Compilation)","Rare Cards Sparkle","Shop Mod","StSLib","The Hierophant"],"gold_per_floor":[113,113,63,63,15,15,30,30,77,77,77,88,88,119,119,222,222,203,223,138,237,33,67,2,2,2,11,34,45,90,105,105,212,212,235,235,255,255,255],"floor_reached":38,"language":"ENG","playtime":1438,"items_purged":[],"score":440,"play_id":"2fe66360-4b39-4f72-b336-8aa23e7d5744","local_time":"20210117050959","is_ascension_mode":false,"campfire_choices":[{"data":"hierophant:HammerAndAnvil","floor":6,"key":"SMITH"},{"data":"hierophant:ChurchCoffers","floor":11,"key":"SMITH"},{"data":"hierophant:Zeal","floor":13,"key":"SMITH"},{"floor":15,"key":"REST"},{"floor":27,"key":"REST"},{"data":"hierophant:Community","floor":32,"key":"SMITH"}],"circlet_count":0,"master_deck":["hierophant:Punish","hierophant:Defend_Hierophant","hierophant:Defend_Hierophant","hierophant:Defend_Hierophant","hierophant:Defend_Hierophant","hierophant:ChurchCoffers+1","hierophant:Batter+1","hierophant:Zeal+1","hierophant:HammerAndAnvil+1","hierophant:Batter","hierophant:Encroach","hierophant:Community+1","hierophant:Rebuild","Bite","Bite","Bite","Bite","Bite","hierophant:Batter","hierophant:Rebuild"],"relics":["hierophant:PropheticMaskRelic","Darkstone Periapt","Bronze Scales","InkBottle","Orichalcum","SlaversCollar","CeramicFish","Potion Belt","Dream Catcher","Pantograph","PreservedInsect","Cursed Key"],"acts_visited":["Exordium","TheCity","TheBeyond"],"potions_floor_usage":[18,23,28,33,33,37,38,38],"damage_taken":[{"damage":0,"enemies":"Small Slimes","floor":1,"turns":2},{"damage":6,"enemies":"Jaw Worm","floor":7,"turns":2},{"damage":0,"enemies":"Cultist","floor":12,"turns":2},{"damage":31,"enemies":"Lagavulin","floor":14,"turns":4},{"damage":30,"enemies":"Slime Boss","floor":16,"turns":5},{"damage":12,"enemies":"2 Thieves","floor":18,"turns":2},{"damage":0,"enemies":"Spheric Guardian","floor":19,"turns":1},{"damage":0,"enemies":"Gremlin Leader","floor":23,"turns":3},{"damage":0,"enemies":"Cultist and Chosen","floor":28,"turns":4},{"damage":0,"enemies":"Snake Plant","floor":29,"turns":4},{"damage":0,"enemies":"Sentry and Sphere","floor":31,"turns":1},{"damage":43,"enemies":"Champ","floor":33,"turns":14},{"damage":0,"enemies":"3 Shapes","floor":35,"turns":6},{"damage":0,"enemies":"3 Darklings","floor":37,"turns":1},{"damage":61,"enemies":"2 Orb Walkers","floor":38,"turns":5}],"seed_played":"-9142767140364196956","potions_obtained":[{"floor":7,"key":"SmokeBomb"},{"floor":16,"key":"BlessingOfTheForge"},{"floor":18,"key":"EssenceOfSteel"},{"floor":23,"key":"Weak Potion"},{"floor":31,"key":"Block Potion"},{"floor":33,"key":"Fire Potion"},{"floor":35,"key":"DuplicationPotion"}],"is_trial":false,"path_per_floor":["M","?","?","?","$","R","M","$","T","T","R","M","R","E","R","B",null,"M","M","?","?","$","E","$","T","T","R","M","M","?","M","R","B",null,"M","?","M","?"],"character_chosen":"HIEROPHANT","items_purchased":["hierophant:HammerAndAnvil","PowerPotion","Potion Belt","hierophant:Encroach","Strength Potion"],"campfire_rested":2,"item_purchase_floors":[5,22,22,24,24],"current_hp_per_floor":[75,81,81,81,81,81,75,75,75,75,75,75,75,44,68,38,81,69,69,69,69,69,69,69,69,69,81,81,81,56,56,56,32,56,56,56,56,0,0],"gold":255,"neow_bonus":"ONE_RANDOM_RARE_CARD","is_daily":false,"chose_seed":false,"campfire_upgraded":4,"win_rate":0.0,"timestamp":1610878199,"path_taken":["M","?","?","?","$","R","?","$","T","?","R","M","R","E","R","BOSS","M","M","?","?","$","E","$","?","T","R","M","?","?","M","R","BOSS","M","?","M","?"],"items_purchased_type":["Card","Potion","Relic","Card","Potion"],"build_version":"2020-12-22","purchased_purges":0,"victory":false,"max_hp_per_floor":[75,81,81,81,81,81,81,81,81,81,81,81,81,81,81,81,81,81,81,81,81,81,81,81,81,81,81,81,81,56,56,56,56,56,56,56,56,56,56],"card_choices":[{"not_picked":["hierophant:DisplayOfPower","hierophant:MorningPrayer"],"picked":"hierophant:Zeal","floor":1},{"not_picked":["hierophant:Smite","hierophant:Remorse","hierophant:DeathKnell"],"picked":"SKIP","floor":7},{"not_picked":["hierophant:Exaltation","hierophant:Alms","hierophant:Bribe"],"picked":"SKIP","floor":12},{"not_picked":["hierophant:EyeForCoin","hierophant:CursedGold","hierophant:Sermon"],"picked":"SKIP","floor":14},{"not_picked":["hierophant:MintersHammer","hierophant:WrathOfGod"],"picked":"hierophant:Batter","floor":16},{"not_picked":["hierophant:PristineSoul","hierophant:OrnateJavelin","hierophant:HolyVerse"],"picked":"SKIP","floor":18},{"not_picked":["hierophant:TollTheBells","hierophant:RepressedViolence","hierophant:Smite"],"picked":"SKIP","floor":19},{"not_picked":["hierophant:Endure","hierophant:Glossolalia","hierophant:Bribe+1"],"picked":"SKIP","floor":23},{"not_picked":["hierophant:SolarFlare","hierophant:CursedGold"],"picked":"hierophant:Community","floor":27},{"not_picked":["hierophant:Mercenaries","hierophant:Exaltation"],"picked":"hierophant:Rebuild","floor":28},{"not_picked":["hierophant:SolarFlare+1","hierophant:AuricBeam","hierophant:FlamingChariot+1"],"picked":"SKIP","floor":29},{"not_picked":["hierophant:Smite","hierophant:RepressedViolence","hierophant:Kindle"],"picked":"SKIP","floor":31},{"not_picked":["hierophant:Anathema","hierophant:MintersHammer"],"picked":"hierophant:Batter","floor":33},{"not_picked":["hierophant:DisplayOfPower+1","hierophant:Purify"],"picked":"hierophant:Rebuild","floor":35},{"not_picked":["hierophant:Embezzle","hierophant:Exaltation","hierophant:Shelter+1"],"picked":"SKIP","floor":37}],"player_experience":790810,"relics_obtained":[{"floor":9,"key":"Bronze Scales"},{"floor":10,"key":"InkBottle"},{"floor":14,"key":"Orichalcum"},{"floor":23,"key":"Dream Catcher"},{"floor":25,"key":"Pantograph"},{"floor":26,"key":"PreservedInsect"}],"event_choices":[{"damage_healed":0,"gold_gain":0,"player_choice":"Box","damage_taken":0,"relics_obtained":["Darkstone Periapt"],"max_hp_gain":0,"max_hp_loss":0,"event_name":"Big Fish","floor":2,"gold_loss":0,"cards_obtained":["Regret"]},{"cards_removed":["Regret"],"damage_healed":0,"gold_gain":0,"player_choice":"Card Removal","damage_taken":0,"max_hp_gain":0,"max_hp_loss":0,"event_name":"The Cleric","floor":3,"gold_loss":50},{"damage_healed":0,"gold_gain":0,"player_choice":"Grow","damage_taken":0,"max_hp_gain":0,"max_hp_loss":0,"event_name":"Living Wall","floor":4,"gold_loss":0,"cards_upgraded":["hierophant:Batter"]},{"damage_healed":0,"gold_gain":0,"player_choice":"Obtained Relic","damage_taken":0,"relics_obtained":["CeramicFish"],"max_hp_gain":0,"max_hp_loss":0,"event_name":"Addict","floor":20,"gold_loss":85},{"damage_healed":0,"gold_gain":99,"player_choice":"Stole From Cult","damage_taken":0,"max_hp_gain":0,"max_hp_loss":0,"event_name":"Nest","floor":21,"gold_loss":0},{"damage_healed":0,"gold_gain":0,"player_choice":"Became a vampire","damage_taken":0,"max_hp_gain":0,"max_hp_loss":25,"event_name":"Vampires","floor":30,"gold_loss":0,"cards_obtained":["Bite","Bite","Bite","Bite","Bite"]},{"damage_healed":0,"gold_gain":0,"player_choice":"Memory 1","damage_taken":0,"max_hp_gain":0,"max_hp_loss":0,"event_name":"SensoryStone","floor":36,"gold_loss":0},{"damage_healed":0,"gold_gain":0,"player_choice":"Fight","damage_taken":0,"max_hp_gain":0,"max_hp_loss":0,"event_name":"Mysterious Sphere","floor":38,"gold_loss":0}],"is_beta":false,"boss_relics":[{"not_picked":["Runic Pyramid","Velvet Choker"],"picked":"SlaversCollar"},{"not_picked":["Astrolabe","Snecko Eye"],"picked":"Cursed Key"}],"items_purged_floors":[],"is_endless":false,"potions_floor_spawned":[7,16,18,23,31,33,35],"killed_by":"2 Orb Walkers","ascension_level":0}}