{"host":"bq4pt811tk9yrmjl","time":1610883090,"event":{"mods":["AchievementEnabler","BaseMod","Colored Map","Colored Powertips","Defuse TimeMaze Blight","Hermit","Minty Spire (QoL Compilation)","StSLib","SuperFastMode"],"gold_per_floor":[110,110,127,127,137,137,137,192,192,192,225,225,253,33,33,33,33],"floor_reached":16,"language":"ENG","playtime":323,"items_purged":[],"score":111,"play_id":"aa562ffb-5fb6-4cf4-9907-982ca5bee27d","local_time":"20210117093130","is_ascension_mode":true,"campfire_choices":[{"data":"Flying Knee","floor":7,"key":"SMITH"},{"floor":10,"key":"RECALL"},{"floor":12,"key":"REST"},{"floor":15,"key":"REST"}],"circlet_count":0,"master_deck":["Strike_G","Strike_G","Strike_G","Strike_G","Strike_G","Defend_G","Defend_G","Defend_G+1","Defend_G","Defend_G","Survivor+1","Neutralize+1","Flying Knee+1","PiercingWail","Venomology+1","Bouncing Flask+1"],"relics":["Ring of the Snake","NeowsBlessing","Snake Skull","Toxic Egg 2","Akabeko","War Paint"],"acts_visited":["Exordium"],"potions_floor_usage":[8,11,11,11,16],"damage_taken":[{"damage":0,"enemies":"2 Louse","floor":1,"turns":1},{"damage":0,"enemies":"Cultist","floor":3,"turns":1},{"damage":0,"enemies":"Jaw Worm","floor":5,"turns":1},{"damage":23,"enemies":"Gremlin Nob","floor":8,"turns":5},{"damage":21,"enemies":"Lagavulin","floor":11,"turns":9},{"damage":25,"enemies":"3 Sentries","floor":13,"turns":12},{"damage":52,"enemies":"Slime Boss","floor":16,"turns":13}],"seed_played":"294864859887326293","potions_obtained":[{"floor":1,"key":"Poison Potion"},{"floor":4,"key":"Regen Potion"},{"floor":4,"key":"DistilledChaos"},{"floor":8,"key":"Fire Potion"}],"is_trial":false,"path_per_floor":["M","?","M","?","M","?","R","?","T","R","E","R","E","$","R","B"],"character_chosen":"THE_SILENT","items_purchased":["Bouncing Flask+1","War Paint"],"campfire_rested":2,"item_purchase_floors":[14,14],"current_hp_per_floor":[70,70,70,70,70,75,75,52,52,52,46,68,43,43,65,13,13],"gold":33,"neow_bonus":"THREE_ENEMY_KILL","is_daily":false,"chose_seed":false,"campfire_upgraded":1,"win_rate":0.0,"timestamp":1610883090,"path_taken":["M","?","M","?","?","?","R","?","T","R","E","R","E","$","R","BOSS"],"items_purchased_type":["Card","Relic"],"build_version":"2020-12-22","purchased_purges":0,"victory":false,"max_hp_per_floor":[70,70,70,70,70,75,75,75,75,75,75,75,75,75,75,75,75],"card_choices":[{"not_picked":["Expertise","Dodge and Roll"],"picked":"Flying Knee","floor":1},{"not_picked":["Distraction","Concentrate"],"picked":"PiercingWail","floor":3},{"not_picked":["Underhanded Strike","Distraction","Finisher"],"picked":"SKIP","floor":5},{"not_picked":["Heel Hook","Deadly Poison+1","Sucker Punch"],"picked":"SKIP","floor":11},{"not_picked":["Poisoned Stab","Slice"],"picked":"Venomology+1","floor":13}],"player_experience":170911,"relics_obtained":[{"floor":8,"key":"Snake Skull"},{"floor":11,"key":"Toxic Egg 2"},{"floor":13,"key":"Akabeko"}],"event_choices":[{"damage_healed":0,"gold_gain":0,"player_choice":"Grow","damage_taken":0,"max_hp_gain":0,"max_hp_loss":0,"event_name":"Living Wall","floor":2,"gold_loss":0,"cards_upgraded":["Neutralize"]},{"damage_healed":0,"gold_gain":0,"player_choice":"Got Potions","damage_taken":0,"max_hp_gain":0,"max_hp_loss":0,"event_name":"Lab","floor":4,"gold_loss":0},{"damage_healed":0,"gold_gain":0,"player_choice":"Donut","damage_taken":0,"max_hp_gain":5,"max_hp_loss":0,"event_name":"Big Fish","floor":6,"gold_loss":0},{"damage_healed":0,"gold_gain":0,"player_choice":"Searched \u00271\u0027 times","damage_taken":0,"max_hp_gain":0,"max_hp_loss":0,"event_name":"Dead Adventurer","floor":8,"gold_loss":0}],"is_beta":false,"boss_relics":[],"items_purged_floors":[],"is_endless":false,"potions_floor_spawned":[1,5,8],"killed_by":"Slime Boss","ascension_level":1}}