{"host":"9h1qbmp5h1ch7u4r","time":1610849486,"event":{"mods":["BaseMod","Lobotomy","Minty Spire (QoL Compilation)","StSLib"],"gold_per_floor":[110,120,132,47,47,73,73,148,174,186,229,259,309,321,333,345,345],"floor_reached":16,"language":"ENG","playtime":761,"items_purged":[],"score":236,"play_id":"8312d198-26b4-4eb2-9dce-38d77f7b3d2f","local_time":"20210116211126","is_ascension_mode":true,"campfire_choices":[{"floor":7,"key":"REST"},{"floor":10,"key":"REST"},{"data":"Spot Weakness","floor":15,"key":"SMITH"}],"circlet_count":0,"master_deck":["AscendersBane","Strike_R+1","Strike_R","Strike_R+1","Strike_R","Strike_R","Defend_R","Defend_R","Defend_R","Defend_R","Bash+1","LittleHelper","Metallicize","Wellcheers","Cleave","MeatLantern","Sever Soul+1","Metallicize","LittlePrince","UniverseFragment","Uppercut","Scarecrow","Spot Weakness+1","OldLady","Disarm+1"],"relics":["Burning Blood","CogitoBucket","Whetstone","MawBank","Orichalcum","Theresia","CeramicFish"],"acts_visited":["Exordium"],"potions_floor_usage":[2,11],"damage_taken":[{"damage":7,"enemies":"2 Louse","floor":1,"turns":4},{"damage":4,"enemies":"Jaw Worm","floor":2,"turns":5},{"damage":42,"enemies":"Cultist","floor":3,"turns":6},{"damage":11,"enemies":"3 Sentries","floor":6,"turns":10},{"damage":5,"enemies":"Gremlin Nob","floor":11,"turns":4},{"damage":2,"enemies":"Large Slime","floor":12,"turns":6},{"damage":20,"enemies":"Lagavulin","floor":13,"turns":7},{"damage":50,"enemies":"Hexaghost","floor":16,"turns":3}],"seed_played":"-8003574607859339962","potions_obtained":[{"floor":1,"key":"DistilledChaos"},{"floor":2,"key":"GamblersBrew"},{"floor":3,"key":"Block Potion"}],"is_trial":false,"path_per_floor":["M","M","M","$","?","E","R","?","T","R","E","M","E","?","R","B"],"character_chosen":"IRONCLAD","items_purchased":["Metallicize"],"campfire_rested":2,"item_purchase_floors":[4],"current_hp_per_floor":[67,69,33,33,10,8,30,19,19,41,42,49,42,42,42,0,0],"gold":345,"neow_bonus":"","is_daily":false,"chose_seed":false,"campfire_upgraded":1,"win_rate":0.0,"timestamp":1610849486,"path_taken":["M","M","M","$","?","E","R","?","T","R","E","M","E","?","R","BOSS"],"items_purchased_type":["Card"],"build_version":"2020-12-22","purchased_purges":0,"victory":false,"max_hp_per_floor":[75,75,75,75,75,75,75,75,75,75,75,75,75,75,75,75,75],"card_choices":[{"not_picked":["Wellcheers","WallGazer"],"picked":"LittleHelper","floor":1},{"not_picked":["Iron Wave","Anger"],"picked":"Metallicize","floor":1},{"not_picked":["OldLady","MHz"],"picked":"Wellcheers","floor":2},{"not_picked":["Clothesline","Heavy Blade"],"picked":"Cleave","floor":2},{"not_picked":["Murderer","GalaxyChild"],"picked":"MeatLantern","floor":3},{"not_picked":["Headbutt","Thunderclap"],"picked":"Sever Soul","floor":3},{"not_picked":["MHz","GalaxyChild"],"picked":"LittlePrince","floor":6},{"not_picked":["Wild Strike","Clothesline","Armaments"],"picked":"SKIP","floor":6},{"not_picked":["Wild Strike","Clothesline","Armaments"],"picked":"SKIP","floor":6},{"not_picked":["SingingMachine","LongBird"],"picked":"UniverseFragment","floor":11},{"not_picked":["Infernal Blade","Clothesline"],"picked":"Uppercut","floor":11},{"not_picked":["FairyFestival","LaLuna"],"picked":"Scarecrow","floor":12},{"not_picked":["Headbutt","Flex"],"picked":"Spot Weakness","floor":12},{"not_picked":["NakedNest","SingingMachine"],"picked":"OldLady","floor":13},{"not_picked":["Sever Soul","Reckless Charge"],"picked":"Disarm","floor":13}],"player_experience":879999,"relics_obtained":[{"floor":6,"key":"Whetstone"},{"floor":9,"key":"MawBank"},{"floor":11,"key":"Orichalcum"},{"floor":13,"key":"CeramicFish"}],"event_choices":[{"damage_healed":0,"gold_gain":0,"player_choice":"Entered Light","damage_taken":23,"max_hp_gain":0,"max_hp_loss":0,"event_name":"Shining Light","floor":5,"gold_loss":0,"cards_upgraded":["Strike_R","Strike_R"]},{"damage_healed":0,"gold_gain":75,"player_choice":"Gather Gold","damage_taken":11,"max_hp_gain":0,"max_hp_loss":0,"event_name":"World of Goop","floor":8,"gold_loss":0},{"damage_healed":0,"gold_gain":0,"player_choice":"Grow","damage_taken":0,"max_hp_gain":0,"max_hp_loss":0,"event_name":"Living Wall","floor":14,"gold_loss":0,"cards_upgraded":["Disarm"]}],"is_beta":false,"boss_relics":[],"items_purged_floors":[],"is_endless":false,"potions_floor_spawned":[1,2,3],"killed_by":"Hexaghost","ascension_level":20}}