{"host":"hhnl3ciqs3ht0ep9","time":1610911531,"event":{"mods":["AchievementEnabler","BaseMod","Colored Map","Keyboard Shortcuts","Minty Spire (QoL Compilation)","StSLib","SuperFastMode"],"gold_per_floor":[112,37,37,83,103,103,135,11,11,29,29,62,62,62,62,136,136,156,174,7,23,35,35,35,35,35,35,51,51,51,83,83,83,83],"floor_reached":33,"language":"KOR","playtime":769,"items_purged":["Strike_B","Defend_B"],"score":592,"play_id":"58e56a76-9361-49e4-b98c-97fedbe56460","local_time":"20210118042531","is_ascension_mode":true,"campfire_choices":[{"data":"Zap","floor":6.0,"key":"SMITH"},{"data":"Dualcast","floor":11.0,"key":"SMITH"},{"data":"Reinforced Body","floor":13.0,"key":"SMITH"},{"data":"Self Repair","floor":15.0,"key":"SMITH"},{"data":"Biased Cognition","floor":23.0,"key":"SMITH"},{"data":"Heatsinks","floor":27,"key":"SMITH"},{"data":"Coolheaded","floor":29,"key":"SMITH"},{"floor":32,"key":"REST"}],"circlet_count":0,"master_deck":["AscendersBane","Strike_B+1","Strike_B","Defend_B","Defend_B","Defend_B","Zap+1","Dualcast+1","Leap","Rebound+1","Self Repair+1","Leap","FTL","Reinforced Body+1","Reinforced Body","Biased Cognition+1","Hello World","Loop+1","Cold Snap+1","Heatsinks+1","Coolheaded+1","Coolheaded"],"relics":["Cracked Core","NeowsBlessing","Bronze Scales","Bag of Preparation","Whetstone","Centennial Puzzle","Sozu","Membership Card","Molten Egg 2"],"acts_visited":["Exordium","TheCity"],"potions_floor_usage":[31],"damage_taken":[{"damage":0.0,"enemies":"2 Louse","floor":1.0,"turns":1.0},{"damage":0.0,"enemies":"Jaw Worm","floor":5.0,"turns":1.0},{"damage":0.0,"enemies":"Gremlin Nob","floor":7.0,"turns":1.0},{"damage":0.0,"enemies":"Cultist","floor":10.0,"turns":3.0},{"damage":16.0,"enemies":"3 Sentries","floor":12.0,"turns":6.0},{"damage":18.0,"enemies":"The Guardian","floor":16.0,"turns":12.0},{"damage":10.0,"enemies":"Shell Parasite","floor":18.0,"turns":6.0},{"damage":9.0,"enemies":"3 Byrds","floor":19.0,"turns":3.0},{"damage":30.0,"enemies":"Cultist and Chosen","floor":21.0,"turns":6.0},{"damage":4.0,"enemies":"Snake Plant","floor":22.0,"turns":3.0},{"damage":13,"enemies":"Centurion and Healer","floor":28,"turns":8},{"damage":34,"enemies":"Gremlin Leader","floor":31,"turns":9},{"damage":42,"enemies":"Collector","floor":33,"turns":6}],"seed_played":"-4209223680932172858","potions_obtained":[{"floor":5.0,"key":"FocusPotion"},{"floor":12.0,"key":"Block Potion"},{"floor":16.0,"key":"AttackPotion"}],"is_trial":false,"path_per_floor":["M","$","?","T","M","R","E","$","T","M","R","E","R","?","R","B",null,"M","M","$","M","M","R","$","?","T","R","M","R","?","E","R","B"],"character_chosen":"DEFECT","items_purchased":["Leap","Membership Card"],"campfire_rested":1,"item_purchase_floors":[8,20],"current_hp_per_floor":[64,64,64,64,64,64,64,64,64,71,71,62,62,62,62,54,67,67,68,68,48,44,44,44,44,44,44,41,41,41,17,38,0,0],"gold":83,"neow_bonus":"THREE_ENEMY_KILL","is_daily":false,"chose_seed":false,"campfire_upgraded":7,"win_rate":0.0,"timestamp":1610911531,"path_taken":["M","$","?","?","?","R","E","?","T","M","R","E","R","?","R","BOSS","M","?","?","M","M","R","$","?","T","R","M","R","?","E","R","BOSS"],"items_purchased_type":["Card","Relic"],"build_version":"2020-12-22","purchased_purges":2,"victory":false,"max_hp_per_floor":[71,71,71,71,71,71,71,71,71,71,71,71,71,71,71,71,71,71,71,71,71,71,71,71,71,71,71,71,71,71,71,71,71,71],"card_choices":[{"not_picked":["Rebound","Recycle"],"picked":"Leap","floor":1.0},{"not_picked":["Consume","Scrape"],"picked":"Rebound","floor":5.0},{"not_picked":["Storm","Rip and Tear"],"picked":"Self Repair","floor":7.0},{"not_picked":["Stack","BootSequence"],"picked":"FTL","floor":10.0},{"not_picked":["Rebound","BootSequence"],"picked":"Reinforced Body","floor":12.0},{"not_picked":["Rainbow","Multi-Cast"],"picked":"Biased Cognition","floor":16.0},{"not_picked":["Stack","Gash"],"picked":"Hello World","floor":18.0},{"not_picked":["Conserve Battery","Undo"],"picked":"Loop+1","floor":19.0},{"not_picked":["Steam Power+1","Compile Driver"],"picked":"Cold Snap+1","floor":21.0},{"not_picked":["Sweeping Beam","Aggregate","Ball Lightning"],"picked":"SKIP","floor":22.0},{"not_picked":["Streamline","Steam"],"picked":"Coolheaded","floor":28},{"not_picked":["Turbo","Hologram"],"picked":"Coolheaded","floor":31}],"player_experience":706250,"relics_obtained":[{"floor":4.0,"key":"Bronze Scales"},{"floor":7.0,"key":"Bag of Preparation"},{"floor":9.0,"key":"Whetstone"},{"floor":12.0,"key":"Centennial Puzzle"},{"floor":31,"key":"Molten Egg 2"}],"event_choices":[{"damage_healed":0.0,"max_hp_gain":0.0,"max_hp_loss":0.0,"gold_gain":0.0,"event_name":"Liars Game","player_choice":"Ignored","floor":3.0,"gold_loss":0.0,"damage_taken":0.0},{"damage_healed":0.0,"max_hp_gain":0.0,"max_hp_loss":0.0,"gold_gain":0.0,"cards_transformed":["Strike_B"],"event_name":"Transmorgrifier","player_choice":"Transformed","floor":14.0,"gold_loss":0.0,"damage_taken":0.0,"cards_obtained":["Reinforced Body"]},{"damage_healed":0.0,"max_hp_gain":0.0,"max_hp_loss":0.0,"gold_gain":0.0,"event_name":"The Library","player_choice":"Read","floor":25.0,"gold_loss":0.0,"damage_taken":0.0,"cards_obtained":["Heatsinks"]},{"damage_healed":0,"gold_gain":0,"player_choice":"Ignored","damage_taken":0,"max_hp_gain":0,"max_hp_loss":0,"event_name":"Vampires","floor":30,"gold_loss":0}],"is_beta":false,"boss_relics":[{"not_picked":["Tiny House","Busted Crown"],"picked":"Sozu"}],"items_purged_floors":[2,8],"is_endless":false,"potions_floor_spawned":[5,12,16,19,21,28],"killed_by":"Collector","ascension_level":20}}