{"host":"94qggqh0xz0sp6ai","time":1610849404,"event":{"mods":["100% Spire Juice","Abigail Mod","Act Like it!","BaseMod","CapriCore","Downfall","Friendly Minions","Gensokyo","Hermit","Jorbs\u0027s Wanderer Trilogy","Koishi","Marisa（霧雨　魔理沙）","Minty Spire (QoL Compilation)","Permanent Neow","Reimu（博??梦）","StSLib","The Alterego","The Construct","The Cursed","The Hierophant","The Immortal","The Marked","The Servant 0.9.4","TheBandit","Waifu the Spire"],"gold_per_floor":[110,110,110,110,126,126,158,158,205,205,205,218,247,259,259,360,0,10,23,40,40,40,40,71,87,87,118,118,137,153,179,179,275,325,337,45,56,56,66,66,95,95,95,127,182,3,3,23,23,23],"floor_reached":51,"language":"ENG","playtime":2272,"items_purged":[],"score":962,"play_id":"02f8f558-b2c4-49a8-bd7e-361d9d4d8ef6","local_time":"20210116201004","is_ascension_mode":true,"campfire_choices":[{"data":"Moonworks:BackdoorTrade","floor":6,"key":"SMITH"},{"data":"Moonworks:Ambush","floor":8,"key":"SMITH"},{"data":"Moonworks:UnluckyCharm","floor":10,"key":"SMITH"},{"data":"Moonworks:Dinner","floor":15,"key":"SMITH"},{"data":"Moonworks:MiracleWalker","floor":23,"key":"SMITH"},{"data":"Moonworks:BigBangBell","floor":28,"key":"SMITH"},{"floor":32,"key":"REST"},{"data":"Moonworks:IndiscriminateFireSupport","floor":40,"key":"SMITH"},{"data":"Moonworks:Flamethrower","floor":42,"key":"SMITH"},{"floor":49,"key":"DIG"}],"circlet_count":0,"master_deck":["Moonworks:Strike","Moonworks:Strike","Moonworks:Defend","Moonworks:Defend","Moonworks:Defend","Moonworks:Defend","Moonworks:Ambush+1","Moonworks:LongDistanceShot","Moonworks:BackdoorTrade+1","Moonworks:UnluckyCharm+1","Moonworks:NicePresent","Moonworks:SakisCookie","Moonworks:Dinner+1","Moonworks:EvilSpyWorkPreparation","Moonworks:Encore+1","Moonworks:MiracleWalker+1","Moonworks:RedAndBlue+1","Moonworks:Flamethrower+1","Moonworks:TacticalRetreat","Moonworks:BigBangBell+1","Moonworks:EvilSpyWorkPreparation","Moonworks:EvilSpyWorkPreparation","Moonworks:IndiscriminateFireSupport+1","Moonworks:FullSpeedAlicianrone","Moonworks:ShieldCounter+1","Moonworks:JonathanRush","Moonworks:BindingChains+1","Moonworks:ShieldCounter+1","Moonworks:CloudOfSeagulls","Moonworks:TreasureThief+1","Moonworks:MiracleRedBeanIceCream+1","Moonworks:DeployBits","Moonworks:CloudOfSeagulls+1","Moonworks:RagingMadness","Wraith","Moonworks:EvilSpyWorkPreparation+1","Moonworks:NicePresent"],"relics":["Moonworks:BrokenBomb","Moonworks:Homemark","Bottled Lightning","Smiling Mask","Du-Vu Doll","Ginger","Black Star","Blue Candle","Lantern","Centennial Puzzle","Dream Catcher","Singing Bowl","Potion Belt","Moonworks:LittleGull","Tiny House","Oddly Smooth Stone","DollysMirror","Meat on the Bone","Prayer Wheel","Regal Pillow","Sundial","PreservedInsect","Shovel","Orichalcum","CrazyTorch:ReiMu"],"acts_visited":["Exordium","TheCity","TheBeyond"],"potions_floor_usage":[14,24,30,31,44],"damage_taken":[{"damage":3,"enemies":"Jaw Worm","floor":1,"turns":4},{"damage":6,"enemies":"2 Louse","floor":5,"turns":4},{"damage":14,"enemies":"Lagavulin","floor":7,"turns":9},{"damage":0,"enemies":"Small Slimes","floor":12,"turns":2},{"damage":13,"enemies":"3 Sentries","floor":13,"turns":8},{"damage":3,"enemies":"Red Slaver","floor":14,"turns":4},{"damage":18,"enemies":"Hexaghost","floor":16,"turns":14},{"damage":0,"enemies":"3 Byrds","floor":18,"turns":4},{"damage":3,"enemies":"Chosen","floor":19,"turns":4},{"damage":8,"enemies":"Centurion and Healer","floor":20,"turns":5},{"damage":0,"enemies":"Book of Stabbing","floor":24,"turns":7},{"damage":0,"enemies":"Cultist and Chosen","floor":25,"turns":5},{"damage":3,"enemies":"Gremlin Leader","floor":27,"turns":7},{"damage":10,"enemies":"Chosen and Byrds","floor":29,"turns":5},{"damage":12,"enemies":"3 Cultists","floor":30,"turns":4},{"damage":16,"enemies":"Slavers","floor":31,"turns":3},{"damage":35,"enemies":"Champ","floor":33,"turns":8},{"damage":0,"enemies":"3 Darklings","floor":35,"turns":5},{"damage":7,"enemies":"Orb Walker","floor":37,"turns":4},{"damage":2,"enemies":"3 Darklings","floor":39,"turns":2},{"damage":8,"enemies":"Nemesis","floor":41,"turns":7},{"damage":0,"enemies":"Reptomancer","floor":44,"turns":4},{"damage":8,"enemies":"2 Orb Walkers","floor":45,"turns":3},{"damage":7,"enemies":"Spire Growth","floor":48,"turns":4},{"damage":13,"enemies":"Donu and Deca","floor":50,"turns":5}],"seed_played":"-4677706160047288718","potions_obtained":[{"floor":1,"key":"SkillPotion"},{"floor":5,"key":"Energy Potion"},{"floor":14,"key":"SkillPotion"},{"floor":18,"key":"Energy Potion"},{"floor":27,"key":"GamblersBrew"},{"floor":30,"key":"LiquidBronze"},{"floor":31,"key":"Weak Potion"},{"floor":34,"key":"Guardian:BlockOnCardUsePotion"},{"floor":37,"key":"Swift Potion"},{"floor":39,"key":"champ:CounterPotion"},{"floor":45,"key":"AttackPotion"}],"is_trial":false,"path_per_floor":["M","$","?","?","M","R","E","R","T","R","T","M","E","M","R","B",null,"M","M","M","?","?","R","E","M","T","E","R","M","M","E","R","B",null,"M","$","M","?","M","R","E","R","T","E","?","$","?","M","R","B",null],"character_chosen":"THE_STARBREAKER","items_purchased":["Oddly Smooth Stone","DollysMirror","Moonworks:RagingMadness","Orichalcum"],"campfire_rested":1,"item_purchase_floors":[36,36,46,46],"current_hp_per_floor":[57,57,50,50,44,44,30,30,30,30,30,30,17,19,19,11,60,60,60,60,60,60,60,60,60,60,62,62,52,51,39,57,32,67,67,67,67,67,65,65,59,59,59,64,56,56,56,61,61,59],"gold":23,"neow_bonus":"REMOVE_CARD","is_daily":false,"chose_seed":false,"campfire_upgraded":8,"win_rate":0.0,"timestamp":1610849404,"path_taken":["M","$","?","?","M","R","E","R","T","R","?","M","E","M","R","BOSS","M","M","M","?","?","R","E","M","T","E","R","?","M","E","R","BOSS","M","$","?","?","?","R","E","R","T","E","?","$","?","M","R","BOSS"],"items_purchased_type":["Relic","Relic","Card","Relic"],"build_version":"2020-12-22","purchased_purges":0,"victory":true,"max_hp_per_floor":[60,60,60,60,60,60,60,60,60,60,60,60,60,60,60,60,60,60,60,60,60,60,60,60,60,60,62,62,62,62,62,62,62,67,67,67,67,67,67,67,67,67,67,67,67,67,67,67,67,67],"card_choices":[{"not_picked":["Moonworks:ScrambledEve","Moonworks:ExtendedPhotonRifle"],"picked":"Moonworks:BackdoorTrade","floor":1},{"not_picked":["Moonworks:LulusLuckyEgg","Moonworks:JonathanRush"],"picked":"Moonworks:UnluckyCharm","floor":5},{"not_picked":["Moonworks:ImOnFire","Moonworks:DeployBits"],"picked":"Moonworks:NicePresent","floor":7},{"not_picked":["Moonworks:Assault","Moonworks:Flamethrower"],"picked":"Moonworks:SakisCookie","floor":12},{"not_picked":["Moonworks:JonathanRush","Moonworks:NicePresent"],"picked":"Moonworks:Dinner","floor":13},{"not_picked":["Moonworks:CompletionReward","Moonworks:LuckyCharm"],"picked":"Moonworks:EvilSpyWorkPreparation","floor":14},{"not_picked":["Moonworks:GoAway","Moonworks:HolyNight"],"picked":"Moonworks:Encore","floor":16},{"not_picked":["Moonworks:ImOnFire","Moonworks:MixPhenomenon"],"picked":"Moonworks:MiracleWalker","floor":18},{"not_picked":["Moonworks:RagingMadness+1","Moonworks:BindingChains+1"],"picked":"Moonworks:RedAndBlue+1","floor":19},{"not_picked":["Moonworks:CloudOfSeagulls","Moonworks:LulusLuckyEgg+1"],"picked":"Moonworks:Flamethrower","floor":20},{"not_picked":["Moonworks:BigMagnum+1","Moonworks:CastOff"],"picked":"Moonworks:TacticalRetreat","floor":24},{"not_picked":["Moonworks:MiracleWalker","Moonworks:BigMagnum"],"picked":"Moonworks:BigBangBell","floor":25},{"not_picked":["Moonworks:Assault","Moonworks:BigMagnum+1","Moonworks:SakisCookie"],"picked":"Singing Bowl","floor":27},{"not_picked":["Moonworks:BigMagnum+1","Moonworks:BigBangBell"],"picked":"Moonworks:EvilSpyWorkPreparation","floor":29},{"not_picked":["Moonworks:ImOnFire","Moonworks:BigMagnum"],"picked":"Moonworks:EvilSpyWorkPreparation","floor":30},{"not_picked":["Moonworks:SakisCookie","Moonworks:ScrambledEve"],"picked":"Moonworks:IndiscriminateFireSupport","floor":31},{"not_picked":["Moonworks:SweetBattle","Moonworks:BackdoorTrade"],"picked":"Moonworks:FullSpeedAlicianrone","floor":32},{"not_picked":["Moonworks:Blazing","Moonworks:Wanted"],"picked":"Moonworks:ShieldCounter","floor":33},{"not_picked":["Moonworks:SakisCookie","Moonworks:AwakeningOfTalent+1"],"picked":"Moonworks:JonathanRush","floor":34},{"not_picked":["Moonworks:LulusLuckyEgg+1","Moonworks:BigBangBell"],"picked":"Moonworks:BindingChains+1","floor":35},{"not_picked":["Moonworks:BigMagnum+1","Moonworks:ScrambledEve"],"picked":"Moonworks:CloudOfSeagulls","floor":37},{"not_picked":["Moonworks:IntelligenceOfficer","Moonworks:ImOnFire"],"picked":"Moonworks:TreasureThief+1","floor":39},{"not_picked":["Moonworks:JonathanRush+1","Moonworks:SubspaceTunnel"],"picked":"Moonworks:MiracleRedBeanIceCream+1","floor":41},{"not_picked":["Moonworks:Bloodlust+1","Moonworks:Assault+1"],"picked":"Moonworks:DeployBits","floor":44},{"not_picked":["Moonworks:DeployBits+1","Moonworks:CastOff+1"],"picked":"Moonworks:CloudOfSeagulls+1","floor":45},{"not_picked":["Moonworks:ImOnFire","Moonworks:IntelligenceOfficer+1"],"picked":"Moonworks:EvilSpyWorkPreparation+1","floor":48},{"not_picked":["Moonworks:Assault","Moonworks:FullSpeedAlicianrone"],"picked":"Moonworks:NicePresent","floor":48}],"player_experience":1393053,"relics_obtained":[{"floor":7,"key":"Bottled Lightning"},{"floor":9,"key":"Smiling Mask"},{"floor":11,"key":"Du-Vu Doll"},{"floor":13,"key":"Ginger"},{"floor":24,"key":"Blue Candle"},{"floor":24,"key":"Lantern"},{"floor":26,"key":"Centennial Puzzle"},{"floor":27,"key":"Dream Catcher"},{"floor":27,"key":"Singing Bowl"},{"floor":31,"key":"Potion Belt"},{"floor":31,"key":"Moonworks:LittleGull"},{"floor":41,"key":"Meat on the Bone"},{"floor":41,"key":"Prayer Wheel"},{"floor":43,"key":"Regal Pillow"},{"floor":44,"key":"Sundial"},{"floor":44,"key":"PreservedInsect"},{"floor":45,"key":"Shovel"},{"floor":49,"key":"CrazyTorch:ReiMu"}],"event_choices":[{"cards_removed":["Moonworks:Strike"],"damage_healed":0,"gold_gain":0,"player_choice":"Card Removal","damage_taken":7,"max_hp_gain":0,"max_hp_loss":0,"event_name":"Golden Wing","floor":3,"gold_loss":0},{"damage_healed":0,"gold_gain":0,"player_choice":"Ignored","damage_taken":0,"max_hp_gain":0,"max_hp_loss":0,"event_name":"Ghosts","floor":21,"gold_loss":0},{"damage_healed":0,"gold_gain":0,"player_choice":"Upgraded","damage_taken":0,"max_hp_gain":0,"max_hp_loss":0,"event_name":"Upgrade Shrine","floor":22,"gold_loss":0,"cards_upgraded":["Moonworks:Encore"]},{"damage_healed":0,"gold_gain":0,"player_choice":"Ignored","damage_taken":0,"max_hp_gain":0,"max_hp_loss":0,"event_name":"SecretPortal","floor":38,"gold_loss":0},{"damage_healed":0,"gold_gain":0,"player_choice":"Fight","damage_taken":0,"max_hp_gain":0,"max_hp_loss":0,"event_name":"Mysterious Sphere","floor":45,"gold_loss":0},{"damage_healed":0,"gold_gain":0,"player_choice":"Ignored","damage_taken":0,"max_hp_gain":0,"max_hp_loss":0,"event_name":"OrinTheCat","floor":47,"gold_loss":0}],"is_beta":false,"boss_relics":[{"not_picked":["Runic Pyramid","Snecko Eye"],"picked":"Black Star"},{"not_picked":["Pandora\u0027s Box","construct:ClawGrip"],"picked":"Tiny House"}],"items_purged_floors":[],"is_endless":false,"potions_floor_spawned":[1,5,14,18,27,30,31,37,39,41,45],"ascension_level":1}}