{"host":"3zmssa4s99zhxek5","time":1610858777,"event":{"mods":["AchievementEnabler","BaseMod","Minty Spire (QoL Compilation)","Permanent Neow","Relic Stats"],"gold_per_floor":[112,125,135,145,66,92,92,119,119,119,149,149,181,197,197,273,273,284,484,495,511,270,298,298,324,324,356,271,10,10,38,38,115,115,132,22,34,54,69,69,100,100,169,179,207,226,22,50,50,50,50],"floor_reached":52,"language":"KOR","playtime":3384,"items_purged":["Anger","Strike_R","Strike_R"],"score":2196,"play_id":"a96966e6-5fe3-44d6-9124-f340c041c86c","local_time":"20210117134617","is_ascension_mode":true,"campfire_choices":[{"data":"Perfected Strike","floor":7.0,"key":"SMITH"},{"data":"Feed","floor":10.0,"key":"SMITH"},{"data":"Perfected Strike","floor":15.0,"key":"SMITH"},{"data":"Double Tap","floor":24,"key":"SMITH"},{"data":"Whirlwind","floor":30,"key":"SMITH"},{"data":"Clothesline","floor":32,"key":"SMITH"},{"data":"Perfected Strike","floor":42,"key":"SMITH"},{"data":"Spot Weakness","floor":49,"key":"SMITH"}],"circlet_count":0,"master_deck":["AscendersBane","Strike_R","Strike_R","Defend_R+1","Defend_R","Defend_R","Defend_R","Bash+1","Clothesline+1","Power Through","Pommel Strike+1","Perfected Strike+1","Feed+1","Perfected Strike+1","Metallicize","Pommel Strike","Double Tap+1","Whirlwind+1","Perfected Strike+1","Perfected Strike+1","Metallicize","Double Tap","Perfected Strike+1","Shrug It Off","Pommel Strike","Spot Weakness+1","Shrug It Off"],"relics":["Coffee Dripper","Whetstone","Red Skull","Meat on the Bone","Bag of Marbles","Runic Dome","DollysMirror","WingedGreaves","Toy Ornithopter","Potion Belt","Tiny Chest","Blue Candle","Bronze Scales","Akabeko","Velvet Choker","Anchor","Eternal Feather","StrikeDummy","Paper Frog","Omamori"],"acts_visited":["Exordium","TheCity","TheBeyond"],"potions_floor_usage":[23,25,33,39,44,44,50,50,50,50,50,51,51],"damage_taken":[{"damage":2.0,"enemies":"Jaw Worm","floor":1.0,"turns":3.0},{"damage":5.0,"enemies":"Small Slimes","floor":2.0,"turns":3.0},{"damage":0.0,"enemies":"Cultist","floor":3.0,"turns":3.0},{"damage":1.0,"enemies":"3 Louse","floor":4.0,"turns":4.0},{"damage":0.0,"enemies":"Gremlin Nob","floor":6.0,"turns":3.0},{"damage":15.0,"enemies":"Lagavulin","floor":8.0,"turns":6.0},{"damage":10.0,"enemies":"3 Sentries","floor":11.0,"turns":5.0},{"damage":10.0,"enemies":"Lagavulin","floor":13.0,"turns":3.0},{"damage":4.0,"enemies":"2 Fungi Beasts","floor":14.0,"turns":2.0},{"damage":10.0,"enemies":"Hexaghost","floor":16.0,"turns":8.0},{"damage":0.0,"enemies":"2 Thieves","floor":18.0,"turns":3.0},{"damage":0,"enemies":"Spheric Guardian","floor":20,"turns":1},{"damage":11,"enemies":"Centurion and Healer","floor":21,"turns":5},{"damage":0,"enemies":"Book of Stabbing","floor":23,"turns":2},{"damage":17,"enemies":"Slavers","floor":25,"turns":4},{"damage":12,"enemies":"Book of Stabbing","floor":27,"turns":3},{"damage":7,"enemies":"Slavers","floor":31,"turns":1},{"damage":37,"enemies":"Collector","floor":33,"turns":7},{"damage":0,"enemies":"Orb Walker","floor":35,"turns":1},{"damage":8,"enemies":"3 Darklings","floor":37,"turns":5},{"damage":11,"enemies":"Sphere and 2 Shapes","floor":38,"turns":3},{"damage":16,"enemies":"4 Shapes","floor":39,"turns":4},{"damage":41,"enemies":"Nemesis","floor":41,"turns":5},{"damage":7,"enemies":"Transient","floor":44,"turns":6},{"damage":26,"enemies":"Giant Head","floor":45,"turns":5},{"damage":11,"enemies":"Sphere and 2 Shapes","floor":46,"turns":4},{"damage":22,"enemies":"Nemesis","floor":48,"turns":3},{"damage":47,"enemies":"Time Eater","floor":50,"turns":7},{"damage":63,"enemies":"Awakened One","floor":51,"turns":7}],"seed_played":"3149428988719210421","potions_obtained":[{"floor":4.0,"key":"Energy Potion"},{"floor":13.0,"key":"BloodPotion"},{"floor":14.0,"key":"Block Potion"},{"floor":23,"key":"SkillPotion"},{"floor":25,"key":"PowerPotion"},{"floor":31,"key":"EntropicBrew"},{"floor":33,"key":"ColorlessPotion"},{"floor":37,"key":"Strength Potion"},{"floor":44,"key":"AttackPotion"},{"floor":45,"key":"SkillPotion"}],"is_trial":false,"path_per_floor":["M","M","M","M","$","E","R","E","T","R","E","?","E","M","R","B",null,"M","?","M","M","$","E","R","E","T","E","?","$","R","E","R","B",null,"M","?","M","M","M","T","E","R","T","M","E","M","$","E","R","B","B",null],"character_chosen":"IRONCLAD","items_purchased":["Fire Potion","Perfected Strike","DollysMirror","Bronze Scales","Spot Weakness"],"campfire_rested":0,"item_purchase_floors":[5,5,22,29,47],"current_hp_per_floor":[66,61,61,60,60,60,60,45,45,45,51,56,50,50,50,56,86,86,86,86,75,75,75,75,62,62,62,62,62,62,55,55,55,89,89,89,85,78,71,71,42,54,54,57,43,44,44,34,49,61,24],"gold":50,"neow_bonus":"BOSS_RELIC","is_daily":false,"chose_seed":false,"campfire_upgraded":8,"win_rate":0.0,"timestamp":1610858777,"path_taken":["M","M","M","M","$","E","R","E","T","R","E","?","E","M","R","BOSS","M","?","M","?","$","E","R","E","T","E","?","$","R","E","R","BOSS","M","?","M","?","M","?","E","R","T","M","E","M","$","E","R","BOSS","BOSS"],"items_purchased_type":["Potion","Card","Relic","Relic","Card"],"build_version":"2020-12-22","purchased_purges":3,"victory":true,"max_hp_per_floor":[75,75,75,75,75,75,75,75,75,75,79,84,88,92,92,96,96,96,96,96,96,96,96,96,100,100,100,100,100,100,100,100,100,100,100,100,104,108,112,112,112,112,112,112,112,112,112,112,112,112,116],"relic_stats":{"counters":[29,116],"Blue Candle":[0],"Bronze Scales":[137],"Tiny Chest":1,"Eternal Feather":27,"Whetstone":["Pommel Strike","Bash"],"obtain_stats":[{"Potion Belt":26,"Blue Candle":28,"Velvet Choker":34,"Eternal Feather":41,"Omamori":48,"Whetstone":6,"Burning Blood":0,"Akabeko":31,"Runic Dome":17,"Anchor":40,"DollysMirror":22,"Bronze Scales":29,"Tiny Chest":27,"WingedGreaves":23,"Coffee Dripper":0,"Bag of Marbles":13,"StrikeDummy":43,"Red Skull":8,"Toy Ornithopter":25,"Meat on the Bone":9,"Paper Frog":45},{"Potion Belt":15,"Blue Candle":16,"Velvet Choker":18,"Eternal Feather":23,"Omamori":27,"Whetstone":5,"Burning Blood":0,"Akabeko":17,"Runic Dome":10,"Anchor":22,"DollysMirror":13,"Bronze Scales":16,"Tiny Chest":16,"WingedGreaves":14,"Coffee Dripper":0,"Bag of Marbles":8,"StrikeDummy":23,"Red Skull":6,"Toy Ornithopter":15,"Meat on the Bone":6,"Paper Frog":25},{"Potion Belt":55,"Blue Candle":58,"Velvet Choker":66,"Eternal Feather":84,"Omamori":102,"Whetstone":16,"Burning Blood":0,"Akabeko":59,"Runic Dome":40,"Anchor":79,"DollysMirror":49,"Bronze Scales":58,"Tiny Chest":58,"WingedGreaves":51,"Coffee Dripper":0,"Bag of Marbles":30,"StrikeDummy":84,"Red Skull":22,"Toy Ornithopter":55,"Meat on the Bone":22,"Paper Frog":95}],"Toy Ornithopter":55,"Meat on the Bone":120},"card_choices":[{"not_picked":["True Grit","Pommel Strike"],"picked":"Clothesline","floor":1.0},{"not_picked":["True Grit","Warcry"],"picked":"Anger","floor":2.0},{"not_picked":["Reckless Charge","Blood for Blood"],"picked":"Power Through","floor":3.0},{"not_picked":["Iron Wave","Dark Embrace"],"picked":"Pommel Strike","floor":4.0},{"not_picked":["Heavy Blade","Iron Wave","Infernal Blade"],"picked":"SKIP","floor":6.0},{"not_picked":["Seeing Red","Warcry"],"picked":"Feed","floor":8.0},{"not_picked":["Disarm","Evolve"],"picked":"Perfected Strike","floor":11.0},{"not_picked":["Havoc","Warcry"],"picked":"Metallicize","floor":13.0},{"not_picked":["Sword Boomerang","Headbutt"],"picked":"Pommel Strike","floor":14.0},{"not_picked":["Demon Form","Reaper"],"picked":"Double Tap","floor":16.0},{"not_picked":["Thunderclap","Sword Boomerang","Anger"],"picked":"SKIP","floor":18.0},{"not_picked":["Cleave","Body Slam","Twin Strike+1"],"picked":"SKIP","floor":20},{"not_picked":["Carnage","Body Slam"],"picked":"Whirlwind","floor":21},{"not_picked":["Anger","Wild Strike+1","Sword Boomerang"],"picked":"SKIP","floor":23},{"not_picked":["Anger","Wild Strike+1","Sword Boomerang"],"picked":"SKIP","floor":23},{"not_picked":["Sever Soul","Double Tap"],"picked":"Perfected Strike","floor":25},{"not_picked":["Clash","Cleave"],"picked":"Metallicize","floor":27},{"not_picked":["Heavy Blade","Body Slam+1","Havoc"],"picked":"SKIP","floor":31},{"not_picked":["Limit Break","Bludgeon"],"picked":"Double Tap","floor":33},{"not_picked":["Iron Wave+1","Anger+1"],"picked":"Perfected Strike+1","floor":35},{"not_picked":["Entrench","Burning Pact+1","Anger"],"picked":"SKIP","floor":37},{"not_picked":["Clash+1","Clothesline","Anger"],"picked":"SKIP","floor":38},{"not_picked":["Second Wind","Havoc","Carnage"],"picked":"SKIP","floor":39},{"not_picked":["Rage","Dark Embrace","Clothesline"],"picked":"SKIP","floor":41},{"not_picked":["Rage","Dark Embrace","Clothesline"],"picked":"SKIP","floor":41},{"not_picked":["Pummel","Heavy Blade","Rupture"],"picked":"SKIP","floor":44},{"not_picked":["Brutality","Carnage"],"picked":"Shrug It Off","floor":45},{"not_picked":["Flex","Anger"],"picked":"Pommel Strike","floor":46},{"not_picked":["Sentinel","Armaments"],"picked":"Shrug It Off","floor":48}],"player_experience":1503135,"relics_obtained":[{"floor":6.0,"key":"Whetstone"},{"floor":8.0,"key":"Red Skull"},{"floor":9.0,"key":"Meat on the Bone"},{"floor":13.0,"key":"Bag of Marbles"},{"floor":23,"key":"WingedGreaves"},{"floor":25,"key":"Toy Ornithopter"},{"floor":26,"key":"Potion Belt"},{"floor":27,"key":"Tiny Chest"},{"floor":31,"key":"Akabeko"},{"floor":40,"key":"Anchor"},{"floor":41,"key":"Eternal Feather"},{"floor":43,"key":"StrikeDummy"},{"floor":45,"key":"Paper Frog"},{"floor":48,"key":"Omamori"}],"event_choices":[{"damage_healed":0.0,"max_hp_gain":5.0,"max_hp_loss":0.0,"gold_gain":0.0,"event_name":"Big Fish","player_choice":"Donut","floor":12.0,"gold_loss":0.0,"damage_taken":0.0},{"damage_healed":0,"gold_gain":200,"player_choice":"Gold","damage_taken":0,"max_hp_gain":0,"max_hp_loss":0,"event_name":"Wheel of Change","floor":19,"gold_loss":0},{"damage_healed":0,"gold_gain":0,"player_choice":"Obtained Relic","damage_taken":0,"relics_obtained":["Blue Candle"],"max_hp_gain":0,"max_hp_loss":0,"event_name":"Addict","floor":28,"gold_loss":85},{"cards_removed":["Strike_R"],"damage_healed":0,"gold_gain":0,"player_choice":"Upgrade and Remove","damage_taken":0,"max_hp_gain":0,"max_hp_loss":0,"event_name":"Designer","floor":36,"gold_loss":110,"cards_upgraded":["Defend_R"]}],"is_beta":false,"boss_relics":[{"not_picked":["Busted Crown","Mark of Pain"],"picked":"Runic Dome"},{"not_picked":["Cursed Key","Sozu"],"picked":"Velvet Choker"}],"items_purged_floors":[22,29,47],"is_endless":false,"potions_floor_spawned":[4,6,8,13,14,23,25,31,33,37,44,45],"ascension_level":20}}