{"host":"og6lam4kt3nibbw0","time":1610898757,"event":{"mods":["AchievementEnabler","BaseMod","Colored Map","DeckTracker","Highlight Path","Keyboard Shortcuts","Minty Spire (QoL Compilation)","Permanent Neow","Quick Restart","StSLib","SuperFastMode"],"gold_per_floor":[109,119,119,18,34,49,49,69,69,34,34,34,44,44,44,117,117,136,36,36,36],"floor_reached":20,"language":"KOR","playtime":452,"items_purged":["Clumsy","Strike_B"],"score":328,"play_id":"008e1eda-c6e5-4c91-8e26-008a4067ea04","local_time":"20210118005237","is_ascension_mode":true,"campfire_choices":[{"data":"Streamline","floor":7,"key":"SMITH"},{"data":"Creative AI","floor":11,"key":"SMITH"},{"data":"Reprogram","floor":15,"key":"SMITH"}],"circlet_count":0,"master_deck":["AscendersBane","Strike_B","Strike_B","Strike_B","Defend_B","Defend_B","Defend_B","Defend_B","Zap","Dualcast","Gash","Go for the Eyes","Streamline+1","Hologram","Creative AI+1","Reprogram+1","Echo Form"],"relics":["Cracked Core","Lizard Tail","Ginger","Molten Egg 2","Sozu"],"acts_visited":["Exordium","TheCity"],"potions_floor_usage":[16,16,20],"damage_taken":[{"damage":24,"enemies":"Jaw Worm","floor":1,"turns":4},{"damage":1,"enemies":"2 Louse","floor":2,"turns":3},{"damage":0,"enemies":"Cultist","floor":5,"turns":3},{"damage":6,"enemies":"Looter","floor":6,"turns":3},{"damage":36,"enemies":"Large Slime","floor":8,"turns":4},{"damage":12,"enemies":"Exordium Wildlife","floor":13,"turns":4},{"damage":28,"enemies":"The Guardian","floor":16,"turns":10},{"damage":18,"enemies":"Spheric Guardian","floor":18,"turns":5},{"damage":38,"enemies":"Chosen","floor":20,"turns":3}],"seed_played":"-7775789912895817168","potions_obtained":[{"floor":6,"key":"Energy Potion"},{"floor":13,"key":"Weak Potion"},{"floor":16,"key":"Energy Potion"}],"is_trial":false,"path_per_floor":["M","M","?","$","M","M","R","M","T","?","R","?","M","?","R","B",null,"M","$","M"],"character_chosen":"DEFECT","items_purchased":["Streamline"],"campfire_rested":0,"item_purchase_floors":[4],"current_hp_per_floor":[40,39,39,39,39,33,33,35,35,52,52,47,35,35,35,7,55,37,37,0,0],"gold":36,"neow_bonus":"ONE_RARE_RELIC","is_daily":false,"chose_seed":false,"campfire_upgraded":3,"win_rate":0.0,"timestamp":1610898757,"path_taken":["M","M","?","$","M","M","R","M","T","?","R","?","M","?","R","BOSS","M","$","M"],"items_purchased_type":["Card"],"build_version":"2020-12-22","purchased_purges":2,"victory":false,"max_hp_per_floor":[71,71,71,71,71,71,71,71,71,71,71,71,71,71,71,71,71,71,71,71,71],"card_choices":[{"not_picked":["Steam","Coolheaded"],"picked":"Gash","floor":1},{"not_picked":["Darkness","Sweeping Beam"],"picked":"Go for the Eyes","floor":2},{"not_picked":["BootSequence","Redo"],"picked":"Hologram","floor":5},{"not_picked":["Force Field","Hello World"],"picked":"Capacitor","floor":6},{"not_picked":["Reinforced Body","Redo"],"picked":"Creative AI","floor":8},{"not_picked":["Auto Shields","Cold Snap+1"],"picked":"Reprogram","floor":13},{"not_picked":["Reboot","Fission"],"picked":"Echo Form","floor":16},{"not_picked":["Steam","Tempest+1","Barrage+1"],"picked":"SKIP","floor":18}],"player_experience":916363,"relics_obtained":[{"floor":9,"key":"Ginger"}],"event_choices":[{"damage_healed":0,"gold_gain":0,"player_choice":"Ignored","damage_taken":0,"max_hp_gain":0,"max_hp_loss":0,"event_name":"Shining Light","floor":3,"gold_loss":0},{"damage_healed":17,"gold_gain":0,"player_choice":"Healed","damage_taken":0,"max_hp_gain":0,"max_hp_loss":0,"event_name":"The Cleric","floor":10,"gold_loss":35},{"damage_healed":0,"gold_gain":0,"player_choice":"Success","damage_taken":5,"relics_obtained":["Molten Egg 2"],"max_hp_gain":0,"max_hp_loss":0,"event_name":"Scrap Ooze","floor":12,"gold_loss":0},{"cards_removed":["Capacitor"],"damage_healed":0,"gold_gain":0,"player_choice":"Forget","damage_taken":0,"max_hp_gain":0,"max_hp_loss":0,"event_name":"Living Wall","floor":14,"gold_loss":0}],"is_beta":false,"boss_relics":[{"not_picked":["SacredBark","Runic Dome"],"picked":"Sozu"}],"items_purged_floors":[4,19],"is_endless":false,"potions_floor_spawned":[6,13,16],"killed_by":"Chosen","ascension_level":20}}