{"host":"2qv44oxt58ptq59r","time":1610913263,"event":{"mods":["AchievementEnabler","BaseMod","Colored Powertips","Highlight Path","Minty Spire (QoL Compilation)","Permanent Neow","StSLib"],"gold_per_floor":[117,40,140,151,231,231,242,272,317,267,301,316,21,38,38,135,135,154,79,90,15,33,66,66,1,1,1,19,19,19,50,50,151,201,214,225,240,250,14,14,32,107,131,147,163,14,28,8,8,8,8,8,8,37,37,37],"floor_reached":55,"language":"ENG","playtime":10810,"items_purged":[],"score":754,"play_id":"5c62c3f4-9960-47d3-98b5-4f022fd035bb","local_time":"20210117195423","is_ascension_mode":true,"campfire_choices":[{"data":"Cleave","floor":6.0,"key":"SMITH"},{"floor":15.0,"key":"REST"},{"data":"Rage","floor":24.0,"key":"SMITH"},{"data":"Metallicize","floor":27.0,"key":"SMITH"},{"floor":30.0,"key":"RECALL"},{"floor":32.0,"key":"REST"},{"data":"Panache","floor":40.0,"key":"SMITH"},{"floor":49.0,"key":"REST"},{"data":"Inflame","floor":52.0,"key":"SMITH"}],"circlet_count":0,"master_deck":["Strike_R+1","Strike_R","Defend_R+1","Defend_R","Defend_R","Defend_R+1","Bash+1","Cleave+1","Inflame+1","Rage+1","Headbutt","Sword Boomerang+1","Pommel Strike","Thunderclap+1","Metallicize+1","Shockwave","Impervious","Shockwave+1","Pommel Strike+1","Metallicize","Panache+1","Whirlwind+1","Juggernaut","Metallicize","Armaments"],"relics":["Burning Blood","Potion Belt","Happy Flower","Ornamental Fan","Membership Card","PreservedInsect","Anchor","SlaversCollar","Pen Nib","Letter Opener","War Paint","Tiny House","Mummified Hand","Meat on the Bone","Juzu Bracelet","Bronze Scales","Strawberry"],"acts_visited":["Exordium","TheCity","TheBeyond","TheEnding"],"potions_floor_usage":[55,55],"damage_taken":[{"damage":6.0,"enemies":"Cultist","floor":1.0,"turns":4.0},{"damage":5.0,"enemies":"2 Louse","floor":4.0,"turns":2.0},{"damage":0.0,"enemies":"Small Slimes","floor":7.0,"turns":4.0},{"damage":22.0,"enemies":"3 Sentries","floor":8.0,"turns":5.0},{"damage":41.0,"enemies":"Lagavulin","floor":11.0,"turns":6.0},{"damage":7.0,"enemies":"Exordium Wildlife","floor":12.0,"turns":3.0},{"damage":0.0,"enemies":"Gremlin Gang","floor":14.0,"turns":2.0},{"damage":27.0,"enemies":"Slime Boss","floor":16.0,"turns":5.0},{"damage":26.0,"enemies":"2 Thieves","floor":18.0,"turns":4.0},{"damage":7.0,"enemies":"Spheric Guardian","floor":20.0,"turns":4.0},{"damage":2.0,"enemies":"Shelled Parasite and Fungi","floor":22.0,"turns":3.0},{"damage":0.0,"enemies":"Book of Stabbing","floor":23.0,"turns":3.0},{"damage":7.0,"enemies":"Snake Plant","floor":28.0,"turns":3.0},{"damage":18.0,"enemies":"Gremlin Leader","floor":31.0,"turns":4.0},{"damage":14.0,"enemies":"Collector","floor":33.0,"turns":7.0},{"damage":0.0,"enemies":"3 Darklings","floor":35.0,"turns":3.0},{"damage":6.0,"enemies":"Orb Walker","floor":36.0,"turns":3.0},{"damage":27.0,"enemies":"3 Darklings","floor":37.0,"turns":5.0},{"damage":23.0,"enemies":"Sphere and 2 Shapes","floor":38.0,"turns":5.0},{"damage":36.0,"enemies":"Writhing Mass","floor":41.0,"turns":5.0},{"damage":0.0,"enemies":"Maw","floor":44.0,"turns":8.0},{"damage":5.0,"enemies":"4 Shapes","floor":45.0,"turns":4.0},{"damage":14.0,"enemies":"Sphere and 2 Shapes","floor":47.0,"turns":3.0},{"damage":25.0,"enemies":"Time Eater","floor":50.0,"turns":9.0},{"damage":34.0,"enemies":"Shield and Spear","floor":54.0,"turns":5.0},{"damage":75,"enemies":"The Heart","floor":55,"turns":6}],"seed_played":"5771272016289493083","potions_obtained":[{"floor":4.0,"key":"Explosive Potion"},{"floor":7.0,"key":"BloodPotion"},{"floor":8.0,"key":"LiquidBronze"},{"floor":16.0,"key":"DistilledChaos"},{"floor":18.0,"key":"EssenceOfSteel"},{"floor":23.0,"key":"Ancient Potion"},{"floor":31.0,"key":"CultistPotion"},{"floor":33.0,"key":"FearPotion"},{"floor":34.0,"key":"SmokeBomb"},{"floor":38.0,"key":"SmokeBomb"},{"floor":41.0,"key":"Swift Potion"},{"floor":44.0,"key":"SkillPotion"},{"floor":45.0,"key":"FearPotion"},{"floor":54.0,"key":"Strength Potion"}],"is_trial":false,"path_per_floor":["M","$","?","M","?","R","M","E","T","?","E","M","$","M","R","B",null,"M","?","M","$","M","E","R","$","T","R","M","?","R","E","R","B",null,"M","M","M","M","$","R","M","T","T","M","M","$","M","$","R","B",null,"R","$","E","B"],"character_chosen":"IRONCLAD","items_purchased":["Inflame","Membership Card","PreservedInsect","Anchor","Pen Nib","Metallicize","Energy Potion","Mummified Hand","Panache","Block Potion","Bronze Scales","Juggernaut","Metallicize"],"campfire_rested":3,"item_purchase_floors":[2,13,13,13,21,25,25,39,39,39,46,46,48],"current_hp_per_floor":[80,80,80,80,80,80,80,64,64,64,29,28,28,34,58,37,80,60,60,59,59,63,69,69,69,69,69,68,68,68,56,80,72,85,85,85,64,47,47,47,17,17,17,52,53,53,57,57,82,63,85,85,85,64,0,0],"gold":37,"neow_bonus":"UPGRADE_CARD","is_daily":false,"chose_seed":false,"campfire_upgraded":5,"win_rate":0.0,"timestamp":1610913263,"path_taken":["M","$","?","?","?","R","M","E","T","?","E","M","$","M","R","BOSS","M","?","M","$","M","E","R","$","T","R","M","?","R","E","R","BOSS","M","?","M","M","$","R","M","?","T","M","M","$","M","$","R","BOSS","R","$","E","BOSS"],"items_purchased_type":["Card","Relic","Relic","Relic","Relic","Card","Potion","Relic","Card","Potion","Relic","Card","Card"],"build_version":"2020-12-22","purchased_purges":0,"victory":false,"max_hp_per_floor":[80,80,80,80,80,80,80,80,80,80,80,80,80,80,80,80,80,80,80,80,80,80,80,80,80,80,80,80,80,80,80,80,80,85,85,85,85,85,85,85,85,85,85,85,85,85,85,85,85,85,85,85,85,92,92,92],"card_choices":[{"not_picked":["Flex","Thunderclap"],"picked":"Cleave","floor":1.0},{"not_picked":["Barricade","Warcry","Wild Strike"],"picked":"SKIP","floor":4.0},{"not_picked":["Clash","Shrug It Off","Armaments"],"picked":"SKIP","floor":7.0},{"not_picked":["Cleave","Iron Wave"],"picked":"Rage","floor":8.0},{"not_picked":["Wild Strike","Bloodletting","Entrench"],"picked":"SKIP","floor":11.0},{"not_picked":["Second Wind","Combust"],"picked":"Headbutt","floor":12.0},{"not_picked":["Sever Soul","True Grit","Rupture"],"picked":"SKIP","floor":14.0},{"not_picked":["Infernal Blade+1","Pummel"],"picked":"Sword Boomerang+1","floor":18.0},{"not_picked":["Ghostly Armor","Wild Strike+1"],"picked":"Pommel Strike","floor":20.0},{"not_picked":["Havoc","Wild Strike","Warcry+1"],"picked":"SKIP","floor":22.0},{"not_picked":["Rupture","Fire Breathing"],"picked":"Thunderclap+1","floor":23.0},{"not_picked":["Thunderclap","Offering","Second Wind"],"picked":"SKIP","floor":28.0},{"not_picked":["Perfected Strike+1","Carnage"],"picked":"Shockwave","floor":31.0},{"not_picked":["Double Tap","Corruption"],"picked":"Impervious","floor":33.0},{"not_picked":["Clothesline","Pommel Strike"],"picked":"Shockwave+1","floor":34.0},{"not_picked":["Havoc+1","Bloodletting","Infernal Blade+1"],"picked":"SKIP","floor":35.0},{"not_picked":["Rampage+1","Clothesline"],"picked":"Pommel Strike+1","floor":36.0},{"not_picked":["Spot Weakness","Barricade"],"picked":"Metallicize","floor":37.0},{"not_picked":["Sword Boomerang","Body Slam","Searing Blow"],"picked":"SKIP","floor":38.0},{"not_picked":["Anger+1","Blood for Blood+1"],"picked":"Whirlwind+1","floor":41.0},{"not_picked":["Warcry","Perfected Strike","Infernal Blade+1"],"picked":"SKIP","floor":44.0},{"not_picked":["Warcry","Shockwave+1","Clothesline"],"picked":"SKIP","floor":45.0},{"not_picked":["True Grit+1","Clothesline","Headbutt"],"picked":"SKIP","floor":47.0},{"not_picked":["Fiend Fire","Power Through+1"],"picked":"Armaments","floor":54.0}],"player_experience":5374708,"relics_obtained":[{"floor":8.0,"key":"Potion Belt"},{"floor":9.0,"key":"Happy Flower"},{"floor":11.0,"key":"Ornamental Fan"},{"floor":23.0,"key":"Letter Opener"},{"floor":31.0,"key":"War Paint"},{"floor":42.0,"key":"Meat on the Bone"},{"floor":43.0,"key":"Juzu Bracelet"},{"floor":54.0,"key":"Strawberry"}],"event_choices":[{"damage_healed":0.0,"max_hp_gain":0.0,"max_hp_loss":0.0,"gold_gain":100.0,"event_name":"Golden Shrine","player_choice":"Pray","floor":3.0,"gold_loss":0.0,"damage_taken":0.0},{"damage_healed":0.0,"max_hp_gain":0.0,"max_hp_loss":0.0,"gold_gain":80.0,"event_name":"Golden Wing","player_choice":"Gained Gold","floor":5.0,"gold_loss":0.0,"damage_taken":0.0},{"cards_removed":["Strike_R"],"damage_healed":0.0,"max_hp_gain":0.0,"max_hp_loss":0.0,"gold_gain":0.0,"event_name":"The Cleric","player_choice":"Card Removal","floor":10.0,"gold_loss":50.0,"damage_taken":0.0},{"cards_removed":["Strike_R"],"damage_healed":0.0,"max_hp_gain":0.0,"max_hp_loss":0.0,"gold_gain":0.0,"event_name":"Beggar","player_choice":"Gave Gold","floor":19.0,"gold_loss":75.0,"damage_taken":0.0},{"cards_removed":["Strike_R"],"damage_healed":0.0,"max_hp_gain":0.0,"max_hp_loss":0.0,"gold_gain":0.0,"event_name":"Bonfire Elementals","player_choice":"Offered Basic","floor":29.0,"gold_loss":0.0,"damage_taken":0.0}],"is_beta":false,"boss_relics":[{"not_picked":["Calling Bell","Pandora\u0027s Box"],"picked":"SlaversCollar"},{"not_picked":["Black Star","Fusion Hammer"],"picked":"Tiny House"}],"items_purged_floors":[],"is_endless":false,"potions_floor_spawned":[4,7,8,16,18,23,31,33,38,41,44,45,54],"killed_by":"The Heart","ascension_level":1}}