{"host":"e1wc9sdc4kdvhg3d","time":1610843738,"event":{"mods":["AchievementEnabler","BaseMod","BetterRewards","Minty Spire (QoL Compilation)","Relic Stats","StSLib"],"gold_per_floor":[110,110,285,360,360,373,393,422,422,434,466,478,502,541,553,666,678,706,216,233,245,344,344,244,244,244,244,90,122,135,152,152,252,252,266,281,281,32,78,78,108,158,212,212,212,212,247,122,122,122],"floor_reached":51,"language":"ENG","playtime":2776,"items_purged":["BowlingBash","Strike_P","Conclude"],"score":1004,"play_id":"68ea1243-68de-4779-9aeb-d5a828c626d3","local_time":"20210116183538","is_ascension_mode":false,"campfire_choices":[{"data":"Eruption","floor":10.0,"key":"SMITH"},{"floor":12.0,"key":"REST"},{"floor":15.0,"key":"REST"},{"data":"TalkToTheHand","floor":23,"key":"SMITH"},{"floor":25,"key":"REST"},{"data":"TalkToTheHand","floor":32,"key":"SMITH"},{"floor":40,"key":"REST"},{"data":"SashWhip","floor":44,"key":"SMITH"},{"data":"CutThroughFate","floor":46,"key":"SMITH"},{"data":"Vigilance","floor":49,"key":"SMITH"}],"circlet_count":0,"master_deck":["Strike_P","Strike_P","Strike_P","Defend_P","Defend_P","Defend_P","Defend_P","Eruption+1","Vigilance+1","BattleHymn+1","CutThroughFate+1","EmptyFist","TalkToTheHand+1","Protect","SashWhip+1","TalkToTheHand+1","MasterReality+1","CurseOfTheBell","EmptyBody","Wallop+1","Adaptation+1","FlyingSleeves+1","Halt+1","Consecrate+1","Devotion+1","JustLucky+1","TalkToTheHand+1","Crescendo+1"],"relics":["PureWater","Frozen Egg 2","Pantograph","Dream Catcher","MawBank","Kunai","Calling Bell","Bronze Scales","Molten Egg 2","Lizard Tail","Gremlin Horn","MealTicket","Nloth\u0027s Gift","ClockworkSouvenir","InkBottle","Busted Crown","Shuriken","Prayer Wheel","Strawberry","Dead Branch","Bag of Marbles","Pear","Mummified Hand"],"acts_visited":["Exordium","TheCity","TheBeyond"],"potions_floor_usage":[29,33,42],"damage_taken":[{"damage":1.0,"enemies":"Jaw Worm","floor":1.0,"turns":2.0},{"damage":7.0,"enemies":"Small Slimes","floor":6.0,"turns":4.0},{"damage":0.0,"enemies":"Cultist","floor":7.0,"turns":2.0},{"damage":13.0,"enemies":"Lagavulin","floor":8.0,"turns":5.0},{"damage":0.0,"enemies":"2 Fungi Beasts","floor":11.0,"turns":3.0},{"damage":17.0,"enemies":"Exordium Thugs","floor":13.0,"turns":4.0},{"damage":14.0,"enemies":"Gremlin Nob","floor":14.0,"turns":3.0},{"damage":19.0,"enemies":"Hexaghost","floor":16.0,"turns":7.0},{"damage":2.0,"enemies":"Chosen","floor":18.0,"turns":3.0},{"damage":11.0,"enemies":"3 Byrds","floor":20.0,"turns":4.0},{"damage":20,"enemies":"Cultist and Chosen","floor":21,"turns":7},{"damage":17,"enemies":"Book of Stabbing","floor":29,"turns":6},{"damage":6,"enemies":"Shelled Parasite and Fungi","floor":30,"turns":4},{"damage":0,"enemies":"Snecko","floor":31,"turns":4},{"damage":80,"enemies":"Automaton","floor":33,"turns":9},{"damage":34,"enemies":"3 Darklings","floor":35,"turns":5},{"damage":3,"enemies":"Orb Walker","floor":36,"turns":2},{"damage":40,"enemies":"2 Orb Walkers","floor":39,"turns":5},{"damage":0,"enemies":"Giant Head","floor":41,"turns":8},{"damage":0,"enemies":"Mind Bloom Boss Battle","floor":42,"turns":5},{"damage":0,"enemies":"Reptomancer","floor":47,"turns":3},{"damage":31,"enemies":"Time Eater","floor":50,"turns":7}],"seed_played":"-8597010744227113374","potions_obtained":[{"floor":8.0,"key":"Swift Potion"},{"floor":11.0,"key":"ColorlessPotion"},{"floor":14.0,"key":"Strength Potion"},{"floor":20,"key":"Weak Potion"},{"floor":31,"key":"Ancient Potion"},{"floor":33,"key":"Ambrosia"},{"floor":36,"key":"BlessingOfTheForge"}],"is_trial":false,"path_per_floor":["M","?","?","?","?","M","M","E","T","R","M","R","M","E","R","B",null,"M","$","M","M","?","R","$","R","T","?","$","E","M","M","R","B",null,"M","M","?","$","?","R","E","?","T","R","T","R","E","$","R","B",null],"character_chosen":"WATCHER","items_purchased":["Frozen Egg 2","BattleHymn+1","Question Card","EmptyBody","Wallop+1","Gremlin Horn","Adaptation+1","ClockworkSouvenir","Shuriken"],"campfire_rested":4,"item_purchase_floors":[0,0,0,19,19,19,19,28,38],"current_hp_per_floor":[71,64,64,53,53,46,46,33,33,33,33,54,37,23,44,50,72,70,70,59,39,39,39,39,60,60,60,72,55,49,49,49,36,72,38,35,35,50,10,31,38,63,63,63,73,73,73,88,88,58],"gold":122,"neow_bonus":"","is_daily":false,"chose_seed":false,"campfire_upgraded":6,"win_rate":0.0,"timestamp":1610843738,"path_taken":["M","?","?","?","?","M","M","E","T","R","M","R","M","E","R","BOSS","M","$","?","M","?","R","?","R","T","?","$","E","M","M","R","BOSS","M","M","?","$","?","R","E","?","T","R","?","R","E","?","R","BOSS"],"items_purchased_type":["Relic","Card","Relic","Card","Card","Relic","Card","Relic","Relic"],"build_version":"2020-12-22","purchased_purges":3,"victory":true,"max_hp_per_floor":[72,72,72,72,72,72,72,72,72,72,72,72,72,72,72,72,72,72,72,72,72,72,72,72,72,72,72,72,72,72,72,72,72,72,72,72,72,72,72,72,79,79,79,79,89,89,89,89,89,89],"relic_stats":{"Gremlin Horn":[13,13],"counters":[97,496],"Dead Branch":[15],"MawBank":120,"Dream Catcher":4,"Lizard Tail":36,"Busted Crown":16,"Shuriken":[69],"Mummified Hand":[5],"Pantograph":74,"Bronze Scales":[709],"MealTicket":42,"Prayer Wheel":0,"Nloth\u0027s Gift":2,"Kunai":[47],"obtain_stats":[{"Calipers":21,"Gremlin Horn":26,"Whetstone":14,"Ginger":45,"Old Coin":13,"Blood Vial":10,"Lizard Tail":17,"Strawberry":41,"Philosopher\u0027s Stone":17,"MealTicket":26,"Prayer Wheel":39,"Kunai":14,"Toxic Egg 2":6,"Pear":45,"Blue Candle":23,"Dead Branch":42,"Eternal Feather":9,"Pen Nib":9,"Letter Opener":38,"Question Card":43,"Shuriken":0,"Bronze Scales":37,"Bird Faced Urn":43,"Molten Egg 2":42,"Nloth\u0027s Gift":27,"Unceasing Top":0,"Darkstone Periapt":25,"Regal Pillow":25,"Incense Burner":10,"Bag of Preparation":13,"Juzu Bracelet":9,"Cursed Key":17,"Smiling Mask":9,"Burning Blood":0,"ClockworkSouvenir":0,"Dream Catcher":27,"Nunchaku":0,"Matryoshka":8,"Mummified Hand":6,"Gambling Chip":39,"Pantograph":2,"Tiny Chest":2,"Red Mask":20,"Red Skull":8,"InkBottle":29,"Potion Belt":6,"Golden Idol":3,"Thread and Needle":12,"PreservedInsect":0,"Omamori":10,"Frozen Egg 2":0,"MawBank":7,"Calling Bell":17,"Anchor":26,"Busted Crown":34,"Ornamental Fan":42,"HolyWater":17,"Coffee Dripper":34,"Bag of Marbles":14,"Art of War":27,"Bottled Lightning":43,"PureWater":0},{"Calipers":11,"Gremlin Horn":13,"Whetstone":8,"Ginger":72,"Old Coin":7,"Blood Vial":32,"Lizard Tail":83,"Strawberry":94,"Philosopher\u0027s Stone":35,"MealTicket":86,"Prayer Wheel":93,"Kunai":82,"Toxic Egg 2":30,"Pear":95,"Blue Candle":12,"Dead Branch":95,"Eternal Feather":21,"Pen Nib":5,"Letter Opener":68,"Question Card":71,"Shuriken":52,"Bronze Scales":45,"Bird Faced Urn":48,"Molten Egg 2":48,"Nloth\u0027s Gift":86,"Unceasing Top":52,"Darkstone Periapt":40,"Regal Pillow":13,"Incense Burner":22,"Bag of Preparation":33,"Juzu Bracelet":57,"Cursed Key":9,"Smiling Mask":21,"Burning Blood":0,"ClockworkSouvenir":16,"Dream Catcher":14,"Nunchaku":52,"Matryoshka":21,"Mummified Hand":20,"Gambling Chip":69,"Pantograph":76,"Tiny Chest":17,"Red Mask":11,"Red Skull":32,"InkBottle":87,"Potion Belt":56,"Golden Idol":53,"Thread and Needle":32,"PreservedInsect":0,"Omamori":6,"Frozen Egg 2":75,"MawBank":5,"Calling Bell":83,"Anchor":62,"Busted Crown":90,"Ornamental Fan":71,"HolyWater":58,"Coffee Dripper":43,"Bag of Marbles":57,"Art of War":63,"Bottled Lightning":48,"PureWater":0},{"Calipers":52,"Gremlin Horn":63,"Whetstone":30,"Ginger":382,"Old Coin":26,"Blood Vial":159,"Lizard Tail":424,"Strawberry":481,"Philosopher\u0027s Stone":178,"MealTicket":438,"Prayer Wheel":473,"Kunai":417,"Toxic Egg 2":150,"Pear":486,"Blue Candle":58,"Dead Branch":486,"Eternal Feather":104,"Pen Nib":19,"Letter Opener":356,"Question Card":379,"Shuriken":274,"Bronze Scales":236,"Bird Faced Urn":249,"Molten Egg 2":249,"Nloth\u0027s Gift":438,"Unceasing Top":274,"Darkstone Periapt":204,"Regal Pillow":63,"Incense Burner":111,"Bag of Preparation":167,"Juzu Bracelet":290,"Cursed Key":40,"Smiling Mask":104,"Burning Blood":0,"ClockworkSouvenir":80,"Dream Catcher":71,"Nunchaku":274,"Matryoshka":104,"Mummified Hand":99,"Gambling Chip":367,"Pantograph":396,"Tiny Chest":85,"Red Mask":52,"Red Skull":159,"InkBottle":444,"Potion Belt":287,"Golden Idol":277,"Thread and Needle":159,"PreservedInsect":0,"Omamori":24,"Frozen Egg 2":394,"MawBank":19,"Calling Bell":424,"Anchor":325,"Busted Crown":461,"Ornamental Fan":379,"HolyWater":302,"Coffee Dripper":226,"Bag of Marbles":290,"Art of War":334,"Bottled Lightning":249,"PureWater":0}],"InkBottle":[22]},"card_choices":[{"not_picked":["CarveReality","Study+1","InnerPeace"],"picked":"Conclude","floor":1.0},{"not_picked":["CrushJoints","ReachHeaven","Halt"],"picked":"CutThroughFate","floor":6.0},{"not_picked":["Protect","Crescendo","FlurryOfBlows"],"picked":"BowlingBash","floor":7.0},{"not_picked":["Vengeance","Omniscience","FlurryOfBlows"],"picked":"EmptyFist","floor":8.0},{"not_picked":["Prostrate","BowlingBash","WaveOfTheHand"],"picked":"TalkToTheHand","floor":11.0},{"not_picked":["ClearTheMind","FollowUp","Pray"],"picked":"Protect","floor":12.0},{"not_picked":["Swivel","Study+1","Pray","PathToVictory"],"picked":"SKIP","floor":13.0},{"not_picked":["FlyingSleeves","EmptyBody","Crescendo"],"picked":"SashWhip","floor":14.0},{"not_picked":["Protect","Conclude","Crescendo"],"picked":"TalkToTheHand","floor":15.0},{"not_picked":["DevaForm+1","Omniscience","Devotion+1"],"picked":"MasterReality+1","floor":16.0},{"not_picked":["Conclude+1","Perseverance","BowlingBash+1","CarveReality+1"],"picked":"SKIP","floor":18.0},{"not_picked":["Halt","SashWhip+1","PathToVictory+1"],"picked":"FlyingSleeves+1","floor":20},{"not_picked":["EmptyFist+1","Perseverance","CrushJoints+1","Tantrum+1"],"picked":"SKIP","floor":21},{"not_picked":["SignatureMove+1","SashWhip+1","Prostrate"],"picked":"Halt+1","floor":25},{"not_picked":["Swivel","Vault","ThirdEye"],"picked":"SKIP","floor":29},{"not_picked":["Ragnarok+1","FlyingSleeves+1"],"picked":"Consecrate+1","floor":30},{"not_picked":["FlyingSleeves+1","Prostrate+1","EmptyBody"],"picked":"SKIP","floor":31},{"not_picked":["Omniscience","ConjureBlade"],"picked":"Devotion+1","floor":33},{"not_picked":[],"picked":"JustLucky+1","floor":35},{"not_picked":["FearNoEvil+1"],"picked":"SKIP","floor":36},{"not_picked":[],"picked":"TalkToTheHand+1","floor":41},{"not_picked":[],"picked":"Crescendo+1","floor":42},{"not_picked":["Omniscience"],"picked":"SKIP","floor":47}],"player_experience":465706,"relics_obtained":[{"floor":8.0,"key":"Dream Catcher"},{"floor":9.0,"key":"MawBank"},{"floor":14.0,"key":"Kunai"},{"floor":17.0,"key":"Bronze Scales"},{"floor":17.0,"key":"Molten Egg 2"},{"floor":17.0,"key":"Lizard Tail"},{"floor":26,"key":"MealTicket"},{"floor":29,"key":"InkBottle"},{"floor":39,"key":"Prayer Wheel"},{"floor":41,"key":"Strawberry"},{"floor":42,"key":"Dead Branch"},{"floor":43,"key":"Bag of Marbles"},{"floor":45,"key":"Pear"},{"floor":47,"key":"Mummified Hand"}],"event_choices":[{"damage_healed":0.0,"max_hp_gain":0.0,"max_hp_loss":0.0,"gold_gain":0.0,"event_name":"Scrap Ooze","player_choice":"Success","floor":2.0,"gold_loss":0.0,"damage_taken":7.0,"relics_obtained":["Pantograph"]},{"damage_healed":0.0,"max_hp_gain":0.0,"max_hp_loss":0.0,"gold_gain":175.0,"event_name":"Liars Game","player_choice":"AGREE","floor":3.0,"gold_loss":0.0,"damage_taken":0.0,"cards_obtained":["Doubt"]},{"damage_healed":0.0,"max_hp_gain":0.0,"max_hp_loss":0.0,"gold_gain":75.0,"event_name":"World of Goop","player_choice":"Gather Gold","floor":4.0,"gold_loss":0.0,"damage_taken":11.0},{"cards_removed":["Doubt"],"damage_healed":0.0,"max_hp_gain":0.0,"max_hp_loss":0.0,"gold_gain":0.0,"event_name":"Wheel of Change","player_choice":"Card Removal","floor":5.0,"gold_loss":0.0,"damage_taken":0.0},{"damage_healed":0,"gold_gain":99,"player_choice":"Stole From Cult","damage_taken":0,"max_hp_gain":0,"max_hp_loss":0,"event_name":"Nest","floor":22,"gold_loss":0},{"damage_healed":0,"gold_gain":0,"player_choice":"Traded Relic","damage_taken":0,"relics_obtained":["Nloth\u0027s Gift"],"max_hp_gain":0,"max_hp_loss":0,"event_name":"N\u0027loth","floor":27,"relics_lost":["Question Card"],"gold_loss":0},{"damage_healed":0,"gold_gain":0,"player_choice":"Memory 1","damage_taken":0,"max_hp_gain":0,"max_hp_loss":0,"event_name":"SensoryStone","floor":37,"gold_loss":0},{"damage_healed":0,"gold_gain":0,"player_choice":"Fight","damage_taken":0,"max_hp_gain":0,"max_hp_loss":0,"event_name":"Mysterious Sphere","floor":39,"gold_loss":0},{"damage_healed":0,"gold_gain":0,"player_choice":"Fight","damage_taken":0,"max_hp_gain":0,"max_hp_loss":0,"event_name":"MindBloom","floor":42,"gold_loss":0}],"is_beta":false,"boss_relics":[{"not_picked":["Runic Dome","Tiny House"],"picked":"Calling Bell"},{"not_picked":["Snecko Eye","Black Star"],"picked":"Busted Crown"}],"items_purged_floors":[19,24,48],"is_endless":false,"potions_floor_spawned":[6,8,11,14,20,31,33,36],"ascension_level":0}}