{"host":"1c6nool597j71r7u","time":1610855632,"event":{"mods":["BaseMod","Colored Powertips","Downfall","Minty Spire (QoL Compilation)","StSLib"],"gold_per_floor":[99,119,136,197,66,97,97,97,97,28,28,54,54,87,97,194,194,194,213,367,32,32,44,68,101,115,143,153,168,6,39,52,154,154,154,174,188,188,198,198,198,211,211,245,261,277,277,294,304,304,304,304],"floor_reached":50,"language":"ENG","playtime":3921,"items_purged":["Slimebound:Strike_Slimebound","Slimebound:Defend_Slimebound"],"score":632,"play_id":"abda2c26-935f-43cf-8c08-83635efbcd97","local_time":"20210117015352","is_ascension_mode":true,"campfire_choices":[{"data":"Slimebound:Split","floor":1,"key":"SMITH"},{"data":"Slimebound:SamplingLick","floor":11,"key":"SMITH"},{"data":"Slimebound:MassRepurpose","floor":13,"key":"SMITH"},{"data":"Slimebound:Gluttony","floor":18,"key":"SMITH"},{"data":"Slimebound:LeechEnergy","floor":35,"key":"SMITH"},{"data":"Slimebound:SlimeBarrage","floor":40,"key":"SMITH"},{"data":"Slimebound:LevelUp","floor":43,"key":"SMITH"},{"data":"Slimebound:Prepare","floor":47,"key":"SMITH"}],"circlet_count":0,"master_deck":["Slimebound:Strike_Slimebound","Slimebound:Strike_Slimebound","Slimebound:Tackle","Slimebound:Defend_Slimebound","Slimebound:Defend_Slimebound","Slimebound:Defend_Slimebound","Slimebound:Split+1","Slimebound:CorrosiveSpit+1","Slimebound:Prepare+1","Slimebound:LivingWall+1","Slimebound:SlimeBarrage+1","Slimebound:LeechEnergy+1","Slimebound:LeadByExample","Slimebound:LeechingTouch","Slimebound:SplitAcid","Slimebound:SamplingLick+1","Slimebound:MassRepurpose+1","Slimebound:Gluttony+1","Slimebound:Equalize","Slimebound:WasteNot+1","Slimebound:Repurpose+1","Slimebound:SlimeBrawl","Slimebound:LevelUp+1","Slimebound:LevelUp+1","Slimebound:SlimeBarrage+1","Slimebound:SplitAcid+1","Slimebound:Repurpose+1","Slimebound:RejuvenatingLick+1","Slimebound:HauntingLick+1","Slimebound:OozeBath","Slimebound:SplitBruiser+1","Slimebound:SplitLeeching+1","Slimebound:FirmFortitude+1","Slimebound:Nibble+1","Slimebound:AcidTongue+1","Slimebound:Schlurp+1"],"relics":["Slimebound:AbsorbEndCombat","Slimebound:MaxSlimesRelic","Unceasing Top","Question Card","Pocketwatch","Incense Burner","Pantograph","bronze:MakeshiftBattery","Frozen Egg 2","Centennial Puzzle","Blue Candle","War Paint","Toxic Egg 2","Coffee Dripper","Gremlin Horn","Lantern"],"acts_visited":["Exordium","TheCity","TheBeyond"],"potions_floor_usage":[25,31,31,32,50,50,50],"damage_taken":[{"damage":2,"enemies":"Jaw Worm","floor":2,"turns":4},{"damage":0,"enemies":"Small Slimes","floor":3,"turns":4},{"damage":7,"enemies":"Gremlin Nob","floor":4,"turns":4},{"damage":3,"enemies":"downfall:FleeingMerchant","floor":5,"turns":4},{"damage":8,"enemies":"3 Sentries","floor":6,"turns":7},{"damage":6,"enemies":"downfall:FleeingMerchant","floor":10,"turns":4},{"damage":5,"enemies":"Lagavulin","floor":12,"turns":4},{"damage":2,"enemies":"3 Sentries","floor":14,"turns":3},{"damage":0,"enemies":"Cultist","floor":15,"turns":2},{"damage":12,"enemies":"SI_SHIV_ARCHETYPE","floor":16,"turns":5},{"damage":0,"enemies":"Shell Parasite","floor":19,"turns":4},{"damage":7,"enemies":"downfall:FleeingMerchant","floor":20,"turns":4},{"damage":10,"enemies":"Chosen","floor":23,"turns":3},{"damage":21,"enemies":"Slavers","floor":25,"turns":3},{"damage":1,"enemies":"Centurion and Healer","floor":26,"turns":4},{"damage":10,"enemies":"Book of Stabbing","floor":27,"turns":4},{"damage":10,"enemies":"Shelled Parasite and Fungi","floor":28,"turns":3},{"damage":2,"enemies":"Cultist and Chosen","floor":29,"turns":4},{"damage":20,"enemies":"Slavers","floor":31,"turns":3},{"damage":3,"enemies":"Snecko","floor":32,"turns":4},{"damage":6,"enemies":"DF_ARCHETYPE_CLAW","floor":33,"turns":5},{"damage":0,"enemies":"Orb Walker","floor":36,"turns":3},{"damage":11,"enemies":"3 Shapes","floor":37,"turns":2},{"damage":0,"enemies":"Transient","floor":39,"turns":5},{"damage":2,"enemies":"Spire Growth","floor":42,"turns":3},{"damage":10,"enemies":"Nemesis","floor":44,"turns":3},{"damage":0,"enemies":"Writhing Mass","floor":45,"turns":3},{"damage":18,"enemies":"4 Shapes","floor":46,"turns":3},{"damage":0,"enemies":"3 Darklings","floor":48,"turns":3},{"damage":7,"enemies":"Jaw Worm Horde","floor":49,"turns":3},{"damage":81,"enemies":"WA_ARCHETYPE_DIVINITY","floor":50,"turns":3}],"seed_played":"-5234143983024426160","potions_obtained":[{"floor":4,"key":"Block Potion"},{"floor":6,"key":"Block Potion"},{"floor":14,"key":"ColorlessPotion"},{"floor":15,"key":"FearPotion"},{"floor":16,"key":"Fire Potion"},{"floor":23,"key":"Dexterity Potion"},{"floor":26,"key":"champ:CounterPotion"},{"floor":37,"key":"champ:CounterPotion"},{"floor":44,"key":"Slimebound:SlimedPotion"},{"floor":45,"key":"GamblersBrew"},{"floor":49,"key":"PowerPotion"}],"is_trial":false,"path_per_floor":["R","M","M","?","$","E","T","T","?","$","R","E","R","E","M","B",null,"R","M","$","$","?","M","T","E","M","E","M","M","$","E","M","B",null,"R","M","M","?","M","R","T","M","R","E","M","M","R","M","M","B"],"character_chosen":"SLIMEBOUND","items_purchased":["Slimebound:LeadByExample","Slimebound:SamplingLick","Slimebound:LevelUp","Frozen Egg 2","Slimebound:LevelUp+1","Slimebound:OozeBath"],"campfire_rested":0,"item_purchase_floors":[5,10,20,21,21,30],"current_hp_per_floor":[65,65,65,61,62,60,60,60,60,60,60,58,58,56,59,60,65,65,65,65,65,65,62,62,43,46,38,31,31,31,13,17,42,65,65,65,58,65,65,65,65,65,65,57,61,45,45,48,47,0,0,0],"gold":304,"neow_bonus":"UPGRADE_CARD","is_daily":false,"chose_seed":false,"campfire_upgraded":8,"win_rate":0.0,"timestamp":1610855632,"path_taken":["R","M","M","?","$","E","T","?","?","?","R","E","R","E","M","BOSS","R","M","?","$","?","M","T","E","M","E","M","?","$","E","M","BOSS","R","M","?","?","M","R","T","?","R","E","M","M","R","M","M","BOSS"],"items_purchased_type":["Card","Card","Card","Relic","Card","Card"],"build_version":"2020-12-22","purchased_purges":2,"victory":false,"max_hp_per_floor":[65,65,65,65,65,65,65,65,65,65,65,65,65,65,65,65,65,65,65,65,65,65,65,65,65,65,65,65,65,65,65,65,65,65,65,65,65,65,65,65,65,65,65,65,65,65,65,65,65,65,65,65],"card_choices":[{"not_picked":["Slimebound:GoopTackle","Slimebound:SlimeSpikes"],"picked":"Slimebound:Prepare","floor":2},{"not_picked":["Slimebound:Prepare","Slimebound:ComboTackle"],"picked":"Slimebound:LivingWall","floor":3},{"not_picked":["Slimebound:LivingWall","Slimebound:MassFeed"],"picked":"Slimebound:SlimeBarrage","floor":4},{"not_picked":["Slimebound:SplitLeeching","Slimebound:RollThrough"],"picked":"Slimebound:LeechEnergy","floor":5},{"not_picked":["Slimebound:LeadByExample","Slimebound:CheckThePlaybook"],"picked":"Slimebound:LeechingTouch","floor":6},{"not_picked":["Slimebound:SplitBruiser","Slimebound:LeechEnergy","Slimebound:LivingWall"],"picked":"Slimebound:SplitAcid","floor":10},{"not_picked":["Slimebound:RainOfGoop","Slimebound:Chomp","Slimebound:HauntingLick"],"picked":"Slimebound:MassRepurpose","floor":12},{"not_picked":["Slimebound:Schlurp","Slimebound:SplitLeeching","Slimebound:SplitAcid"],"picked":"Slimebound:Gluttony","floor":14},{"not_picked":["Slimebound:SplitLeeching","Slimebound:GoopSpray","Slimebound:ViciousTackle"],"picked":"Slimebound:Equalize","floor":15},{"not_picked":["Slimebound:FirmFortitude","Slimebound:LeechLife","Slimebound:SelfFormingGoo"],"picked":"Slimebound:WasteNot","floor":16},{"not_picked":["Slimebound:GrowthPunch","Slimebound:ProtectTheBoss","Slimebound:Prepare+1"],"picked":"Slimebound:Repurpose+1","floor":19},{"not_picked":["Slimebound:RollThrough","Slimebound:ViciousTackle","Slimebound:SpikyOuterGoop"],"picked":"Slimebound:SlimeBrawl","floor":20},{"not_picked":["Slimebound:ComboTackle","Slimebound:Schlurp","Slimebound:FormOfPuddle","Slimebound:ForwardTackle"],"picked":"SKIP","floor":23},{"not_picked":["Slimebound:SplitLeeching","Slimebound:SplitAcid","Slimebound:SlimeSpikes+1","Slimebound:ProtectTheBoss+1"],"picked":"SKIP","floor":25},{"not_picked":["Slimebound:GrowthPunch","Slimebound:RollThrough","Slimebound:SamplingLick"],"picked":"Slimebound:SplitAcid+1","floor":26},{"not_picked":["Slimebound:Overexert+1","Slimebound:RainOfGoop","Slimebound:SamplingLick"],"picked":"Slimebound:Repurpose+1","floor":27},{"not_picked":["Slimebound:SlimeTap+1","Slimebound:ComboTackle","Slimebound:FinishingTackle+1"],"picked":"Slimebound:RejuvenatingLick+1","floor":28},{"not_picked":["Slimebound:SlimeSpikes","Slimebound:Replication+1","Slimebound:Prepare"],"picked":"Slimebound:HauntingLick+1","floor":29},{"not_picked":["Slimebound:Gluttony+1","Slimebound:FinishingTackle","Slimebound:ForwardTackle"],"picked":"Slimebound:SplitBruiser+1","floor":31},{"not_picked":["Slimebound:SplitAcid+1","Slimebound:RollThrough","Slimebound:SplitBruiser+1"],"picked":"Slimebound:SplitLeeching+1","floor":32},{"not_picked":["Slimebound:OozeBath+1","Slimebound:LeechLife","Slimebound:SelfFormingGoo+1"],"picked":"Slimebound:FirmFortitude+1","floor":33},{"not_picked":["Slimebound:GoopSpray+1","Slimebound:FinishingTackle","Slimebound:TongueLash+1","Slimebound:ComboTackle"],"picked":"SKIP","floor":36},{"not_picked":["Slimebound:LivingWall+1","Slimebound:FinishingTackle+1","Slimebound:GoopTackle+1","Slimebound:CheckThePlaybook+1"],"picked":"SKIP","floor":37},{"not_picked":["Slimebound:GrowthPunch","Slimebound:SlimeSpikes+1","Slimebound:LeechEnergy+1","Slimebound:RollThrough"],"picked":"SKIP","floor":39},{"not_picked":["Slimebound:SlimeSpikes+1","Slimebound:FormOfPuddle+1","Slimebound:Equalize+1","Slimebound:SlimeBrawl+1"],"picked":"SKIP","floor":42},{"not_picked":["Slimebound:ComboTackle","Slimebound:GoopSpray+1","Slimebound:PressTheAttack+1"],"picked":"Slimebound:Nibble+1","floor":44},{"not_picked":["Slimebound:RallyTheTroops","Slimebound:Equalize+1","Slimebound:ForwardTackle"],"picked":"Slimebound:AcidTongue+1","floor":45},{"not_picked":["Slimebound:Repurpose+1","Slimebound:LevelUp+1","Slimebound:ItLooksTasty+1"],"picked":"Slimebound:Schlurp+1","floor":46},{"not_picked":["Slimebound:ItLooksTasty","Slimebound:SplitMire+1","Slimebound:LeechingTouch","Slimebound:LivingWall+1"],"picked":"SKIP","floor":48},{"not_picked":["Slimebound:RainOfGoop+1","Slimebound:GrowthPunch","Slimebound:SplitMire+1","Slimebound:LeechEnergy+1"],"picked":"SKIP","floor":49}],"player_experience":172710,"relics_obtained":[{"floor":6,"key":"Unceasing Top"},{"floor":7,"key":"Question Card"},{"floor":8,"key":"Pocketwatch"},{"floor":12,"key":"Incense Burner"},{"floor":14,"key":"Pantograph"},{"floor":24,"key":"Centennial Puzzle"},{"floor":25,"key":"Blue Candle"},{"floor":27,"key":"War Paint"},{"floor":31,"key":"Toxic Egg 2"},{"floor":41,"key":"Gremlin Horn"},{"floor":44,"key":"Lantern"}],"event_choices":[{"damage_healed":0,"gold_gain":0,"player_choice":"Grow","damage_taken":0,"max_hp_gain":0,"max_hp_loss":0,"event_name":"Living Wall","floor":9,"gold_loss":0,"cards_upgraded":["Slimebound:SlimeBarrage"]},{"damage_healed":0,"gold_gain":0,"player_choice":"Read","damage_taken":0,"max_hp_gain":0,"max_hp_loss":0,"event_name":"The Library","floor":22,"gold_loss":0,"cards_obtained":["Slimebound:SlimeBarrage"]},{"damage_healed":7,"gold_gain":0,"player_choice":"Full Heal","damage_taken":0,"max_hp_gain":0,"max_hp_loss":0,"event_name":"Wheel of Change","floor":38,"gold_loss":0}],"is_beta":false,"boss_relics":[{"not_picked":["Cursed Key","Fusion Hammer"],"picked":"bronze:MakeshiftBattery"},{"not_picked":["Sozu","Slimebound:TarBlob"],"picked":"Coffee Dripper"}],"items_purged_floors":[5,20],"is_endless":false,"potions_floor_spawned":[4,6,14,15,16,23,26,28,29,37,44,45,49],"killed_by":"WA_ARCHETYPE_DIVINITY","ascension_level":1}}