{"host":"5dk97cf2ubw2v967","time":1610873787,"event":{"mods":["AlwaysNeverKeys","BaseMod","Better Altar","Better Vampires","Block Reminder","Colored Powertips","Downfall","Googly Eyes","Highlight Path","Minty Spire (QoL Compilation)","Permanent Neow","Potion Indicator Mod","Quick Restart","Relic Filter","Relic Stats","Say the Spire","Spicy Shops","StSLib","Waifu the Spire","everything is the same but u backflip on backflip"],"gold_per_floor":[99,112,112,112,25,25,25,56,56,91,106,6,40,52,69,171,171,171,183,20,38,53,88,88,122,272,307,307,137,137,150,168,168,168,168],"floor_reached":33,"language":"ENG","playtime":2401,"items_purged":["Guardian:Defend_Guardian"],"score":400,"play_id":"50ad0a96-1c74-4ad8-abce-1444e75a1c7f","local_time":"20210117085627","is_ascension_mode":true,"campfire_choices":[{"floor":1.0,"key":"RECALL"},{"data":"Guardian:TwinSlam","floor":6.0,"key":"SMITH"},{"data":"Guardian:ShieldCharger","floor":9.0,"key":"SMITH"},{"floor":12.0,"key":"REST"},{"data":"Guardian:Strike_Guardian","floor":18.0,"key":"PURGE"},{"floor":28,"key":"REST"},{"data":"Guardian:Strike_Guardian","floor":30,"key":"PURGE"}],"circlet_count":0,"master_deck":["Guardian:Strike_Guardian","Guardian:Strike_Guardian","Guardian:Defend_Guardian","Guardian:Defend_Guardian","Guardian:CurlUp","Guardian:TwinSlam+1","Guardian:Orbwalk","Guardian:ShieldCharger+1","Guardian:BaubleBeam","Guardian:ShieldCharger","Guardian:Reroute","Guardian:FuturePlans+1","Guardian:GatlingBeam","Guardian:BaubleBeam","CurseOfTheBell","Guardian:ShieldSpikes+1","Guardian:Clone","Guardian:DecasProtection","Guardian:ExploitGems","Guardian:BronzeArmor","Guardian:ShieldCharger","Guardian:ExploitGems"],"relics":["Philosopher\u0027s Stone","White Beast Statue","Regal Pillow","Akabeko","Letter Opener","downfall:HeartBlessingRed","Frozen Egg 2","Calling Bell","Peace Pipe","Meat on the Bone","Dead Branch","Bottled Lightning","Molten Egg 2","Oddly Smooth Stone","Bag of Preparation"],"acts_visited":["Exordium","TheCity"],"potions_floor_usage":[19,19,19,20,21,23,23,25,27,33,33,33],"damage_taken":[{"damage":8.0,"enemies":"Small Slimes","floor":2.0,"turns":4.0},{"damage":5.0,"enemies":"downfall:FleeingMerchant","floor":5.0,"turns":4.0},{"damage":13.0,"enemies":"Lagavulin","floor":8.0,"turns":5.0},{"damage":19.0,"enemies":"Gremlin Nob","floor":10.0,"turns":4.0},{"damage":0.0,"enemies":"2 Louse","floor":11.0,"turns":2.0},{"damage":0.0,"enemies":"3 Sentries","floor":13.0,"turns":4.0},{"damage":0.0,"enemies":"Cultist","floor":14.0,"turns":2.0},{"damage":2.0,"enemies":"Exordium Thugs","floor":15.0,"turns":5.0},{"damage":33.0,"enemies":"WA_ARCHETYPE_RETAIN","floor":16.0,"turns":6.0},{"damage":25,"enemies":"3 Byrds","floor":19,"turns":4},{"damage":12,"enemies":"downfall:FleeingMerchant","floor":20,"turns":4},{"damage":7,"enemies":"Spheric Guardian","floor":21,"turns":4},{"damage":17,"enemies":"Centurion and Healer","floor":22,"turns":6},{"damage":32,"enemies":"Slavers","floor":23,"turns":6},{"damage":21,"enemies":"Book of Stabbing","floor":25,"turns":5},{"damage":12,"enemies":"Gremlin Leader","floor":27,"turns":5},{"damage":13,"enemies":"downfall:FleeingMerchant","floor":29,"turns":4},{"damage":14,"enemies":"Snake Plant","floor":31,"turns":3},{"damage":6,"enemies":"Chosen and Byrds","floor":32,"turns":8},{"damage":51,"enemies":"SI_MIRROR_ARCHETYPE","floor":33,"turns":8}],"seed_played":"-3523933592544599485","potions_obtained":[{"floor":5.0,"key":"Dexterity Potion"},{"floor":8.0,"key":"LiquidMemories"},{"floor":10.0,"key":"PowerPotion"},{"floor":11.0,"key":"DuplicationPotion"},{"floor":13.0,"key":"Fire Potion"},{"floor":14.0,"key":"CultistPotion"},{"floor":15.0,"key":"Explosive Potion"},{"floor":16.0,"key":"Fire Potion"},{"floor":19,"key":"DistilledChaos"},{"floor":20,"key":"sneckomod:MuddlingPotion"},{"floor":21,"key":"Energy Potion"},{"floor":22,"key":"sneckomod:MuddlingPotion"},{"floor":23,"key":"EssenceOfSteel"},{"floor":25,"key":"PowerPotion"},{"floor":27,"key":"champ:CounterPotion"},{"floor":29,"key":"Strength Potion"},{"floor":31,"key":"SteroidPotion"}],"is_trial":false,"path_per_floor":["R","M","?","?","$","R","T","E","R","E","M","R","E","M","M","B",null,"R","M","$","M","M","E","T","E","?","E","R","$","R","M","M","B"],"character_chosen":"GUARDIAN","items_purchased":["Guardian:ShieldCharger","Nunchaku","Guardian:Gem_Orange"],"campfire_rested":2,"item_purchase_floors":[5,20,29],"current_hp_per_floor":[80,72,72,72,67,67,67,54,54,35,35,74,74,74,72,39,80,80,55,43,48,43,23,23,14,14,14,53,52,52,50,44,0,0,0],"gold":168,"neow_bonus":"BOSS_RELIC","is_daily":false,"chose_seed":false,"campfire_upgraded":2,"win_rate":0.0,"timestamp":1610873787,"path_taken":["R","M","?","?","$","R","T","E","R","E","M","R","E","M","M","BOSS","R","M","$","M","M","E","T","E","?","E","R","$","R","?","M","BOSS"],"items_purchased_type":["Card","Relic","Card"],"build_version":"2020-12-22","purchased_purges":1,"victory":false,"max_hp_per_floor":[80,80,80,80,80,80,80,80,80,80,80,80,80,80,80,80,80,80,80,80,80,80,80,80,80,80,80,80,80,80,80,80,80,80,80],"relic_stats":{"Peace Pipe":2,"Regal Pillow":30,"counters":[20,92],"Dead Branch":[45],"Bag of Preparation":[8],"Letter Opener":[115],"obtain_stats":[{"Regal Pillow":7,"downfall:HeartBlessingRed":12,"Dead Branch":17,"Guardian:ModeShifter":0,"Oddly Smooth Stone":25,"Bag of Preparation":27,"Letter Opener":10,"Frozen Egg 2":13,"White Beast Statue":3,"Akabeko":8,"Calling Bell":17,"Peace Pipe":17,"Nunchaku":20,"Philosopher\u0027s Stone":0,"Molten Egg 2":24,"Bottled Lightning":23,"Meat on the Bone":17},{"Regal Pillow":2,"downfall:HeartBlessingRed":5,"Dead Branch":9,"Guardian:ModeShifter":0,"Oddly Smooth Stone":15,"Bag of Preparation":16,"Letter Opener":4,"Frozen Egg 2":6,"White Beast Statue":1,"Akabeko":3,"Calling Bell":9,"Peace Pipe":9,"Nunchaku":11,"Philosopher\u0027s Stone":0,"Molten Egg 2":14,"Bottled Lightning":14,"Meat on the Bone":9},{"Regal Pillow":8,"downfall:HeartBlessingRed":19,"Dead Branch":36,"Guardian:ModeShifter":0,"Oddly Smooth Stone":64,"Bag of Preparation":69,"Letter Opener":17,"Frozen Egg 2":23,"White Beast Statue":4,"Akabeko":13,"Calling Bell":36,"Peace Pipe":36,"Nunchaku":44,"Philosopher\u0027s Stone":0,"Molten Egg 2":59,"Bottled Lightning":59,"Meat on the Bone":36}],"Meat on the Bone":84},"card_choices":[{"not_picked":["Guardian:Recover","Guardian:Incinerate"],"picked":"Guardian:Gem_Lightblue","floor":2.0},{"not_picked":["Guardian:EvasiveProtocol","Guardian:Planning"],"picked":"Guardian:Orbwalk","floor":5.0},{"not_picked":["Guardian:CrystalBeam","Guardian:WalkerClaw"],"picked":"Guardian:BaubleBeam","floor":8.0},{"not_picked":["Guardian:WalkerClaw","Guardian:TemporalShield","Guardian:TimeCapacitor"],"picked":"SKIP","floor":10.0},{"not_picked":["Guardian:GuardianWhirl","Guardian:RollAttack"],"picked":"Guardian:ShieldCharger","floor":11.0},{"not_picked":["Guardian:RollAttack","Guardian:PrimingBeam"],"picked":"Guardian:Reroute","floor":13.0},{"not_picked":["Guardian:ShieldCharger","Guardian:Reroute"],"picked":"Guardian:FuturePlans+1","floor":14.0},{"not_picked":["Guardian:DonusPower","Guardian:FuturePlans+1"],"picked":"Guardian:GatlingBeam","floor":15.0},{"not_picked":["Guardian:ConstructionForm+1","Guardian:FierceBash"],"picked":"Guardian:BaubleBeam","floor":16.0},{"not_picked":["Guardian:BodySlam","Guardian:WalkerClaw"],"picked":"Guardian:Gem_Cyan","floor":19},{"not_picked":["Guardian:TemporalShield+1","Guardian:PiercingHide"],"picked":"Guardian:ShieldSpikes+1","floor":20},{"not_picked":["Guardian:ChargeCore+1","Guardian:GemFire"],"picked":"Guardian:Clone","floor":21},{"not_picked":["Guardian:Harden","Guardian:TemporalStrike"],"picked":"Guardian:DecasProtection","floor":22},{"not_picked":["Guardian:GemFire","Guardian:Reroute"],"picked":"Guardian:ExploitGems","floor":23},{"not_picked":["Guardian:VentSteam","Guardian:PrimingBeam+1"],"picked":"Guardian:BronzeArmor","floor":25},{"not_picked":["Guardian:Incinerate+1","Guardian:ChargeCore+1"],"picked":"Guardian:Gem_Crimson","floor":27},{"not_picked":["Guardian:GuardianWhirl+1","Guardian:PiercingHide","Guardian:CrystalBeam+1"],"picked":"SKIP","floor":29},{"not_picked":["Guardian:VentSteam","Guardian:ArmoredProtocol+1"],"picked":"Guardian:ShieldCharger","floor":31},{"not_picked":["Guardian:Gem_Red","Guardian:SentryBeam+1"],"picked":"Guardian:ExploitGems","floor":32}],"player_experience":1191537,"relics_obtained":[{"floor":7.0,"key":"Regal Pillow"},{"floor":8.0,"key":"Akabeko"},{"floor":10.0,"key":"Letter Opener"},{"floor":13.0,"key":"Frozen Egg 2"},{"floor":17.0,"key":"Peace Pipe"},{"floor":17.0,"key":"Meat on the Bone"},{"floor":17.0,"key":"Dead Branch"},{"floor":23,"key":"Bottled Lightning"},{"floor":24,"key":"Molten Egg 2"},{"floor":25,"key":"Oddly Smooth Stone"},{"floor":27,"key":"Bag of Preparation"}],"event_choices":[{"cards_removed":["Guardian:Defend_Guardian"],"damage_healed":0.0,"max_hp_gain":0.0,"max_hp_loss":0.0,"gold_gain":0.0,"event_name":"The Cleric","player_choice":"Card Removal","floor":4.0,"gold_loss":0.0,"damage_taken":0.0}],"is_beta":false,"boss_relics":[{"not_picked":["Snecko Eye","Empty Cage"],"picked":"Calling Bell"}],"items_purged_floors":[20],"is_endless":false,"potions_floor_spawned":[5,8,10,11,13,14,15,16,19,20,21,22,23,25,27,29,31,32],"killed_by":"SI_MIRROR_ARCHETYPE","ascension_level":3}}