{"host":"at8674jmuidj9jgx","time":1610894281,"event":{"mods":["AchievementEnabler","BaseMod","Colored Map","Colored Powertips","Minty Spire (QoL Compilation)","SuperFastMode"],"gold_per_floor":[111,125,125,125,125,156,156,188,242,274,274,288,69,86,86,184,184,204,216,228,85,99,0,15,15,15],"floor_reached":25,"language":"ENG","playtime":1143,"items_purged":["Regret"],"score":223,"play_id":"339a75f9-4dda-4b3d-a827-c53d719243e4","local_time":"20210117173801","is_ascension_mode":false,"campfire_choices":[{"floor":7,"key":"REST"},{"floor":11,"key":"REST"},{"floor":15,"key":"REST"}],"circlet_count":0,"master_deck":["Strike_G+1","Strike_G","Strike_G","Strike_G+1","Strike_G","Defend_G","Defend_G","Defend_G","Defend_G","Survivor","Neutralize","Prepared","Bouncing Flask","Prepared","Bouncing Flask","Tactician","Burst","Noxious Fumes","Noxious Fumes"],"relics":["Ring of the Snake","Regal Pillow","Darkstone Periapt","Bottled Lightning","Omamori","MealTicket","TwistedFunnel","Cursed Key","Art of War"],"acts_visited":["Exordium","TheCity"],"potions_floor_usage":[8,16,16,22,24,25],"damage_taken":[{"damage":7,"enemies":"Jaw Worm","floor":1,"turns":5},{"damage":1,"enemies":"2 Louse","floor":2,"turns":3},{"damage":27,"enemies":"Gremlin Nob","floor":6,"turns":5},{"damage":55,"enemies":"3 Sentries","floor":8,"turns":11},{"damage":16,"enemies":"Gremlin Nob","floor":10,"turns":4},{"damage":0,"enemies":"Small Slimes","floor":12,"turns":3},{"damage":1,"enemies":"Blue Slaver","floor":14,"turns":3},{"damage":8,"enemies":"Slime Boss","floor":16,"turns":8},{"damage":5,"enemies":"Chosen","floor":18,"turns":4},{"damage":0,"enemies":"Spheric Guardian","floor":19,"turns":2},{"damage":26,"enemies":"Centurion and Healer","floor":20,"turns":7},{"damage":17,"enemies":"Snecko","floor":22,"turns":5},{"damage":29,"enemies":"Snake Plant","floor":24,"turns":4},{"damage":20,"enemies":"Slavers","floor":25,"turns":1}],"seed_played":"-6169426246128418047","potions_obtained":[{"floor":6,"key":"Regen Potion"},{"floor":10,"key":"SkillPotion"},{"floor":12,"key":"DistilledChaos"},{"floor":16,"key":"BlessingOfTheForge"},{"floor":18,"key":"LiquidMemories"},{"floor":22,"key":"Dexterity Potion"}],"is_trial":false,"path_per_floor":["M","M","?","?","?","E","R","E","T","E","R","M","$","M","R","B",null,"M","M","M","$","M","?","M","E"],"character_chosen":"THE_SILENT","items_purchased":["TwistedFunnel","Art of War"],"campfire_rested":3,"item_purchase_floors":[13,21],"current_hp_per_floor":[70,69,54,47,47,20,58,18,18,2,40,40,55,54,77,69,77,72,72,46,61,44,44,15,0,0],"gold":15,"neow_bonus":"TEN_PERCENT_HP_BONUS","is_daily":false,"chose_seed":false,"campfire_upgraded":0,"win_rate":0.0,"timestamp":1610894281,"path_taken":["M","M","?","?","?","E","R","E","T","E","R","M","?","M","R","BOSS","M","M","M","$","M","?","M","E"],"items_purchased_type":["Relic","Relic"],"build_version":"2020-12-22","purchased_purges":1,"victory":false,"max_hp_per_floor":[77,77,77,77,77,77,77,77,77,77,77,77,77,77,77,77,77,77,77,77,77,77,77,77,77,77],"card_choices":[{"not_picked":["Blade Dance","Footwork"],"picked":"Prepared","floor":1},{"not_picked":["Dash","Heel Hook","Quick Slash"],"picked":"SKIP","floor":2},{"not_picked":["Calculated Gamble","PiercingWail"],"picked":"Bouncing Flask","floor":6},{"not_picked":["Flying Knee","Blade Dance"],"picked":"Prepared","floor":8},{"not_picked":["Endless Agony","Escape Plan"],"picked":"Bouncing Flask","floor":10},{"not_picked":["Finisher","Slice"],"picked":"Tactician","floor":12},{"not_picked":["Caltrops","Slice","Endless Agony"],"picked":"SKIP","floor":14},{"not_picked":["Venomology","Malaise"],"picked":"Burst","floor":16},{"not_picked":["Dodge and Roll","Well Laid Plans+1"],"picked":"Noxious Fumes","floor":18},{"not_picked":["Dagger Spray","Acrobatics","Sucker Punch+1"],"picked":"SKIP","floor":19},{"not_picked":["Deflect","Choke","Eviscerate"],"picked":"SKIP","floor":20},{"not_picked":["Quick Slash","All Out Attack"],"picked":"Noxious Fumes","floor":22},{"not_picked":["Prepared","Blade Dance","Sucker Punch"],"picked":"SKIP","floor":24}],"player_experience":94986,"relics_obtained":[{"floor":6,"key":"Darkstone Periapt"},{"floor":8,"key":"Bottled Lightning"},{"floor":9,"key":"Omamori"},{"floor":10,"key":"MealTicket"}],"event_choices":[{"damage_healed":0,"gold_gain":0,"player_choice":"Entered Light","damage_taken":15,"max_hp_gain":0,"max_hp_loss":0,"event_name":"Shining Light","floor":3,"gold_loss":0,"cards_upgraded":["Strike_G","Strike_G"]},{"cards_removed":["Defend_G"],"damage_healed":0,"gold_gain":0,"player_choice":"Card Removal","damage_taken":7,"max_hp_gain":0,"max_hp_loss":0,"event_name":"Golden Wing","floor":4,"gold_loss":0},{"damage_healed":0,"gold_gain":0,"player_choice":"Box","damage_taken":0,"relics_obtained":["Regal Pillow"],"max_hp_gain":0,"max_hp_loss":0,"event_name":"Big Fish","floor":5,"gold_loss":0,"cards_obtained":["Regret"]},{"damage_healed":0,"gold_gain":0,"player_choice":"Paid Fearfully","damage_taken":0,"max_hp_gain":0,"max_hp_loss":0,"event_name":"Masked Bandits","floor":23,"gold_loss":99}],"is_beta":false,"boss_relics":[{"not_picked":["SlaversCollar","HoveringKite"],"picked":"Cursed Key"}],"items_purged_floors":[13],"is_endless":false,"potions_floor_spawned":[6,10,12,16,18,22],"killed_by":"Slavers","ascension_level":0}}