{"host":"krqozg1tp0zpuvz3","time":1610853581,"event":{"mods":["AchievementEnabler","BaseMod","Better Match","Better Note","Better Sensory Stone","Better Third Choice","BetterRewards","Colored Map","DeckTracker","Keyboard Shortcuts","Minty Spire (QoL Compilation)","Permanent Neow","Relic Stats","Shop Mod","StSLib","SuperFastMode"],"gold_per_floor":[110,123,134,152,9,9,9,22,22,22,35,48,65,65,65,185,185,203,91,16,32,32,32,75,75,75,75,75,75,99,112,112,112,112],"floor_reached":33,"language":"KOR","playtime":1159,"items_purged":["Strike_P"],"score":539,"play_id":"eafd66ef-c326-4275-a0ec-e3e7680fd444","local_time":"20210117121941","is_ascension_mode":true,"campfire_choices":[{"floor":6,"key":"REST"},{"floor":10,"key":"REST"},{"floor":15,"key":"REST"},{"data":"Eruption","floor":23,"key":"SMITH"},{"data":"Scrawl","floor":25,"key":"SMITH"},{"floor":27,"key":"REST"},{"floor":32,"key":"REST"}],"circlet_count":0,"master_deck":["AscendersBane","Strike_P","Strike_P","Defend_P","Defend_P","Defend_P","Defend_P","Eruption+1","Vigilance","ClearTheMind","SandsOfTime","Crescendo","Tantrum","FollowUp","Wallop","DeusExMachina","FlurryOfBlows","ClearTheMind","Scrawl+1","InnerPeace","Evaluate+1"],"relics":["PureWater","Pocketwatch","Ornamental Fan","Kunai","Frozen Eye","Mummified Hand","Golden Idol","Sozu","Happy Flower","Toxic Egg 2"],"acts_visited":["Exordium","TheCity"],"potions_floor_usage":[3,12,16,24],"damage_taken":[{"damage":0,"enemies":"Cultist","floor":1,"turns":2},{"damage":8,"enemies":"Small Slimes","floor":2,"turns":2},{"damage":0,"enemies":"2 Louse","floor":3,"turns":1},{"damage":1,"enemies":"Looter","floor":4,"turns":2},{"damage":13,"enemies":"Blue Slaver","floor":8,"turns":3},{"damage":14,"enemies":"Exordium Wildlife","floor":11,"turns":3},{"damage":8,"enemies":"Exordium Thugs","floor":12,"turns":2},{"damage":7,"enemies":"Lots of Slimes","floor":13,"turns":4},{"damage":13,"enemies":"Hexaghost","floor":16,"turns":5},{"damage":0,"enemies":"Shell Parasite","floor":18,"turns":3},{"damage":7,"enemies":"Chosen","floor":21,"turns":3},{"damage":21,"enemies":"Slavers","floor":24,"turns":4},{"damage":16,"enemies":"Shelled Parasite and Fungi","floor":30,"turns":3},{"damage":14,"enemies":"Snake Plant","floor":31,"turns":3},{"damage":25,"enemies":"Champ","floor":33,"turns":8}],"seed_played":"-8549777364975511776","potions_obtained":[{"floor":1,"key":"Explosive Potion"},{"floor":3,"key":"DuplicationPotion"},{"floor":12,"key":"CultistPotion"},{"floor":16,"key":"GamblersBrew"}],"is_trial":false,"path_per_floor":["M","M","M","M","$","R","?","M","T","R","M","M","M","?","R","B",null,"M","$","?","M","$","R","E","R","T","R","?","?","M","M","R","B"],"character_chosen":"WATCHER","items_purchased":["ClearTheMind","SandsOfTime","Ornamental Fan","Kunai","Frozen Eye","DeusExMachina","InnerPeace"],"campfire_rested":5,"item_purchase_floors":[0,0,0,0,0,5,19],"current_hp_per_floor":[32,24,24,23,23,44,44,31,31,52,38,30,23,23,43,30,58,58,58,58,51,51,51,30,30,30,50,50,50,34,20,40,15,15],"gold":112,"neow_bonus":"","is_daily":false,"chose_seed":false,"campfire_upgraded":2,"win_rate":0.0,"timestamp":1610853581,"path_taken":["M","M","M","?","$","R","?","M","T","R","M","M","M","?","R","BOSS","M","$","?","M","$","R","E","R","T","R","?","?","?","M","R","BOSS"],"items_purchased_type":["Card","Card","Relic","Relic","Relic","Card","Card"],"build_version":"2020-12-22","purchased_purges":1,"victory":false,"max_hp_per_floor":[72,72,72,72,72,72,72,72,72,72,72,72,72,67,67,67,67,67,67,67,67,67,67,67,67,67,67,67,67,67,67,67,67,67],"relic_stats":{"Sozu":2,"Happy Flower":[4],"counters":[44,182],"Ornamental Fan":[204],"Mummified Hand":[0],"Golden Idol":238,"Kunai":[31],"obtain_stats":[{"Ice Cream":0,"Regal Pillow":45,"Singing Bowl":9,"StoneCalendar":39,"Bag of Preparation":12,"CloakClasp":31,"Ginger":0,"Sozu":17,"Frozen Eye":0,"Centennial Puzzle":43,"Matryoshka":26,"HornCleat":31,"Mummified Hand":0,"Sundial":10,"Gambling Chip":0,"Philosopher\u0027s Stone":34,"Kunai":0,"Toxic Egg 2":26,"Happy Flower":24,"Golden Idol":4,"Oddly Smooth Stone":0,"Thread and Needle":0,"War Paint":29,"Medical Kit":0,"MawBank":43,"Peace Pipe":0,"Bottled Flame":45,"Ornamental Fan":44,"PureWater":0,"StrikeDummy":44,"Pocketwatch":0},{"Ice Cream":5,"Regal Pillow":26,"Singing Bowl":8,"StoneCalendar":25,"Bag of Preparation":10,"CloakClasp":20,"Ginger":5,"Sozu":38,"Frozen Eye":29,"Centennial Puzzle":26,"Matryoshka":15,"HornCleat":20,"Mummified Hand":0,"Sundial":9,"Gambling Chip":0,"Philosopher\u0027s Stone":21,"Kunai":29,"Toxic Egg 2":41,"Happy Flower":41,"Golden Idol":7,"Oddly Smooth Stone":0,"Thread and Needle":5,"War Paint":18,"Medical Kit":0,"MawBank":26,"Peace Pipe":0,"Bottled Flame":26,"Ornamental Fan":26,"PureWater":0,"StrikeDummy":26,"Pocketwatch":29},{"Ice Cream":20,"Regal Pillow":117,"Singing Bowl":33,"StoneCalendar":112,"Bag of Preparation":46,"CloakClasp":88,"Ginger":20,"Sozu":158,"Frozen Eye":134,"Centennial Puzzle":117,"Matryoshka":72,"HornCleat":88,"Mummified Hand":0,"Sundial":38,"Gambling Chip":0,"Philosopher\u0027s Stone":94,"Kunai":134,"Toxic Egg 2":168,"Happy Flower":168,"Golden Idol":28,"Oddly Smooth Stone":0,"Thread and Needle":20,"War Paint":81,"Medical Kit":0,"MawBank":117,"Peace Pipe":0,"Bottled Flame":117,"Ornamental Fan":117,"PureWater":0,"StrikeDummy":117,"Pocketwatch":134}],"Pocketwatch":[29]},"card_choices":[{"not_picked":["Prostrate","FlyingSleeves"],"picked":"Crescendo","floor":1},{"not_picked":["BattleHymn","Crescendo"],"picked":"Tantrum","floor":2},{"not_picked":["PathToVictory","WaveOfTheHand"],"picked":"FollowUp","floor":3},{"not_picked":["Weave","SignatureMove"],"picked":"Wallop","floor":4},{"not_picked":["Conclude","PathToVictory","CrushJoints"],"picked":"SKIP","floor":8},{"not_picked":["ThirdEye","FollowUp","CrushJoints"],"picked":"SKIP","floor":11},{"not_picked":["Vault","EmptyFist"],"picked":"FlurryOfBlows","floor":12},{"not_picked":["Wireheading","ThirdEye"],"picked":"ClearTheMind","floor":13},{"not_picked":["ConjureBlade","MasterReality"],"picked":"Scrawl","floor":16},{"not_picked":["LikeWater","Prostrate","BattleHymn+1"],"picked":"SKIP","floor":18},{"not_picked":["FollowUp+1","ClearTheMind","FlyingSleeves"],"picked":"SKIP","floor":21},{"not_picked":["ThirdEye","EmptyFist+1","LikeWater+1"],"picked":"SKIP","floor":24},{"not_picked":["FlyingSleeves","ThirdEye+1","CutThroughFate"],"picked":"SKIP","floor":30},{"not_picked":["EmptyFist","JustLucky"],"picked":"Evaluate+1","floor":31}],"player_experience":329282,"relics_obtained":[{"floor":9,"key":"Mummified Hand"},{"floor":24,"key":"Happy Flower"},{"floor":26,"key":"Toxic Egg 2"}],"event_choices":[{"damage_healed":0,"gold_gain":0,"player_choice":"LEAVE","damage_taken":0,"max_hp_gain":0,"max_hp_loss":0,"event_name":"betterThird:BetterScrap","floor":7,"gold_loss":0,"cards_obtained":["Tempest"]},{"damage_healed":0,"gold_gain":0,"player_choice":"Lose Max HP","damage_taken":0,"relics_obtained":["Golden Idol"],"max_hp_gain":0,"max_hp_loss":5,"event_name":"Golden Idol","floor":14,"gold_loss":0},{"cards_removed":["Strike_P"],"damage_healed":0,"gold_gain":0,"player_choice":"Gave Gold","damage_taken":0,"max_hp_gain":0,"max_hp_loss":0,"event_name":"Beggar","floor":20,"gold_loss":75},{"damage_healed":0,"gold_gain":2,"player_choice":"1","damage_taken":0,"max_hp_gain":0,"max_hp_loss":0,"event_name":"betterStone:BetterStone","floor":28,"gold_loss":0},{"damage_healed":0,"gold_gain":0,"player_choice":"Ignored","damage_taken":0,"max_hp_gain":0,"max_hp_loss":0,"event_name":"Ghosts","floor":29,"gold_loss":0}],"is_beta":false,"boss_relics":[{"not_picked":["Empty Cage","Astrolabe"],"picked":"Sozu"}],"items_purged_floors":[19],"is_endless":false,"potions_floor_spawned":[1,3,12,16,18,21],"killed_by":"Champ","ascension_level":10}}