{"host":"87e8r31j2s2gs0rw","time":1610886711,"event":{"mods":["BaseMod","BetterRewards","Colored Powertips","Downfall","Minty Spire (QoL Compilation)","Shop Mod","StSLib","The Bug Knight"],"gold_per_floor":[110,124,137,156,216,249,271,283,295,327,349,373,385,188,188,291,291,302,321,182,201,201,201],"floor_reached":22,"language":"ENG","playtime":4016,"items_purged":[],"score":192,"play_id":"2da66d6c-872c-45f1-8d40-4a7ea73afdd5","local_time":"20210117133151","is_ascension_mode":false,"campfire_choices":[{"data":"HollowMod:HuntersJournal","floor":8,"key":"SMITH"},{"floor":13,"key":"REST"},{"data":"HollowMod:MothsMistake","floor":15,"key":"SMITH"}],"circlet_count":0,"master_deck":["HollowMod:NailStrikeStart","HollowMod:NailStrikeStart","HollowMod:NailStrikeStart","HollowMod:NailStrikeStart","HollowMod:QuickDashStart","HollowMod:QuickDashStart","HollowMod:QuickDashStart","HollowMod:QuickDashStart","HollowMod:FocusHealStart","HollowMod:PogoStrike","Panacea","HollowMod:CloakDash","HollowMod:CycloneSlash","HollowMod:QuirrelsAssistance","HollowMod:DescendingDark","HollowMod:MothsMistake+1","HollowMod:HuntersJournal+1","HollowMod:SoulSplash","HollowMod:VengefulSpirit","HollowMod:BlackTendrils","HollowMod:NewJinnsSoul","HollowMod:ZotesMagnificence","CurseOfTheBell","HollowMod:TaintedHusks+1","HollowMod:DashSlash","Sadistic Nature","HollowMod:NewGlowingWomb"],"relics":["HollowMod:VesselMask","White Beast Statue","MerchantsRug","Strange Spoon","Calling Bell","HollowMod:KingsBrand","Shuriken","Torii"],"acts_visited":["Exordium","TheCity"],"potions_floor_usage":[6,14,14,14,19],"damage_taken":[{"damage":1,"enemies":"2 Louse","floor":1,"turns":3},{"damage":3,"enemies":"Jaw Worm","floor":2,"turns":3},{"damage":1,"enemies":"Cultist","floor":3,"turns":3},{"damage":5,"enemies":"3 Louse","floor":4,"turns":2},{"damage":44,"enemies":"Lagavulin","floor":6,"turns":7},{"damage":5,"enemies":"Exordium Wildlife","floor":7,"turns":5},{"damage":4,"enemies":"Exordium Thugs","floor":10,"turns":5},{"damage":0,"enemies":"2 Fungi Beasts","floor":11,"turns":2},{"damage":2,"enemies":"Looter","floor":12,"turns":3},{"damage":35,"enemies":"The Guardian","floor":16,"turns":11},{"damage":19,"enemies":"Shell Parasite","floor":18,"turns":4},{"damage":41,"enemies":"2 Thieves","floor":19,"turns":5},{"damage":16,"enemies":"Snake Plant","floor":21,"turns":4},{"damage":19,"enemies":"Shelled Parasite and Fungi","floor":22,"turns":2}],"seed_played":"-5726336192565968801","potions_obtained":[{"floor":3,"key":"Regen Potion"},{"floor":4,"key":"bronze:BurnAndBuffPotion"},{"floor":10,"key":"EntropicBrew"},{"floor":11,"key":"SpeedPotion"},{"floor":12,"key":"Block Potion"},{"floor":16,"key":"bronze:BurnAndBuffPotion"},{"floor":18,"key":"Dexterity Potion"},{"floor":19,"key":"hexamod:SoulburnPotion"},{"floor":21,"key":"Energy Potion"}],"is_trial":false,"path_per_floor":["M","M","M","M","?","E","M","R","T","M","M","M","R","$","R","B",null,"M","M","$","M","M"],"character_chosen":"THE_BUGKNIGHT","items_purchased":["MerchantsRug","HollowMod:NewJinnsSoul","Strange Spoon","Sadistic Nature"],"campfire_rested":1,"item_purchase_floors":[14,14,14,20],"current_hp_per_floor":[74,75,74,69,69,31,32,32,32,34,34,38,60,65,65,38,80,61,22,22,14,0,0],"gold":201,"neow_bonus":"RANDOM_COLORLESS","is_daily":false,"chose_seed":false,"campfire_upgraded":2,"win_rate":0.0,"timestamp":1610886711,"path_taken":["M","M","M","M","?","E","M","R","T","M","M","M","R","?","R","BOSS","M","M","$","M","M"],"items_purchased_type":["Relic","Card","Relic","Card"],"build_version":"2020-12-22","purchased_purges":0,"victory":false,"max_hp_per_floor":[75,75,75,75,75,75,75,75,75,75,75,75,75,80,80,80,80,80,80,80,80,80,80],"card_choices":[{"not_picked":["Madness","Discovery"],"picked":"Panacea","floor":0},{"not_picked":["HollowMod:CornifersMapStart","HollowMod:DungDefenderAura"],"picked":"HollowMod:CloakDash","floor":1},{"not_picked":["HollowMod:SoulStrike","HollowMod:SoulEater"],"picked":"HollowMod:CycloneSlash","floor":2},{"not_picked":["HollowMod:NewLittleFool","HollowMod:BaldurShell"],"picked":"HollowMod:QuirrelsAssistance","floor":3},{"not_picked":["HollowMod:WraithStrike","HollowMod:ShadowDash"],"picked":"HollowMod:DescendingDark","floor":4},{"not_picked":["HollowMod:SoulStrike","HollowMod:CornifersMapStart"],"picked":"HollowMod:MothsMistake","floor":6},{"not_picked":["HollowMod:MothsMistake","HollowMod:SoulStrike"],"picked":"HollowMod:HuntersJournal","floor":7},{"not_picked":["HollowMod:SoulShaman","HollowMod:BaldurShell"],"picked":"HollowMod:SoulSplash","floor":10},{"not_picked":["HollowMod:FastStrike","HollowMod:CornifersMapStart"],"picked":"HollowMod:VengefulSpirit","floor":11},{"not_picked":["HollowMod:MonarchWings","HollowMod:DungDefenderAura"],"picked":"HollowMod:BlackTendrils","floor":12},{"not_picked":["HollowMod:ElderbugsWisdom","HollowMod:HornetsHelp"],"picked":"HollowMod:ZotesMagnificence","floor":16},{"not_picked":["HollowMod:VengefulVoid+1","HollowMod:NewLittleFool"],"picked":"HollowMod:TaintedHusks+1","floor":18},{"not_picked":["HollowMod:NewJinnsSoul","HollowMod:PureVessel"],"picked":"HollowMod:DashSlash","floor":19},{"not_picked":["HollowMod:PerfectDash","HollowMod:GoodIntentions"],"picked":"HollowMod:NewGlowingWomb","floor":21}],"player_experience":124219,"relics_obtained":[{"floor":6,"key":"MawBank"},{"floor":9,"key":"White Beast Statue"},{"floor":17,"key":"HollowMod:KingsBrand"},{"floor":17,"key":"Shuriken"},{"floor":17,"key":"Torii"}],"event_choices":[{"damage_healed":0,"gold_gain":60,"player_choice":"Gained Gold","damage_taken":0,"max_hp_gain":0,"max_hp_loss":0,"event_name":"Golden Wing","floor":5,"gold_loss":0}],"is_beta":false,"boss_relics":[{"not_picked":["Velvet Choker","Coffee Dripper"],"picked":"Calling Bell"}],"items_purged_floors":[],"is_endless":false,"potions_floor_spawned":[3,4,10,11,12,16,18,19,21],"killed_by":"Shelled Parasite and Fungi","ascension_level":0}}