{"host":"b995t17pt6d05w8c","time":1610903078,"event":{"mods":["AchievementEnabler","BaseMod","Colored Map","DeckTracker","Keyboard Shortcuts","Minty Spire (QoL Compilation)","Permanent Neow","SuperFastMode"],"gold_per_floor":[114,128,138,188,200,226,226,237,237,247,260,277,113,124,124,203,203,182,182,72,85,85,85,98,118,118,118,131,144,157,207,207,207,207],"floor_reached":33,"language":"KOR","playtime":1497,"items_purged":["Strike_G"],"score":536,"play_id":"0a939987-cb15-4152-89b2-fda9e0b79357","local_time":"20210118020438","is_ascension_mode":true,"campfire_choices":[{"floor":7.0,"key":"REST"},{"data":"Tactician","floor":15.0,"key":"SMITH"},{"data":"Prepared","floor":23.0,"key":"SMITH"},{"data":"Malaise","floor":27.0,"key":"SMITH"},{"floor":32.0,"key":"REST"}],"circlet_count":0,"master_deck":["AscendersBane","Strike_G","Strike_G","Defend_G","Defend_G","Defend_G+1","Defend_G","Survivor","Neutralize","Burst","Escape Plan","Well Laid Plans","Noxious Fumes","Backflip","Masterful Stab","Heel Hook","Poisoned Stab","Tactician+1","Acrobatics","Reflex","Malaise+1","Prepared+1","Acrobatics","Bouncing Flask"],"relics":["Ring of the Snake","Toy Ornithopter","White Beast Statue","HoveringKite","The Courier"],"acts_visited":["Exordium","TheCity"],"potions_floor_usage":[33,33],"damage_taken":[{"damage":3.0,"enemies":"2 Louse","floor":1.0,"turns":5.0},{"damage":3.0,"enemies":"Cultist","floor":2.0,"turns":4.0},{"damage":6.0,"enemies":"Small Slimes","floor":3.0,"turns":5.0},{"damage":11.0,"enemies":"Exordium Thugs","floor":5.0,"turns":5.0},{"damage":28.0,"enemies":"Lagavulin","floor":6.0,"turns":11.0},{"damage":0.0,"enemies":"Looter","floor":8.0,"turns":4.0},{"damage":0.0,"enemies":"3 Louse","floor":10.0,"turns":4.0},{"damage":1.0,"enemies":"Red Slaver","floor":11.0,"turns":3.0},{"damage":0.0,"enemies":"Looter","floor":12.0,"turns":2.0},{"damage":0.0,"enemies":"Exordium Wildlife","floor":14.0,"turns":4.0},{"damage":9.0,"enemies":"The Guardian","floor":16.0,"turns":12.0},{"damage":18.0,"enemies":"2 Thieves","floor":18.0,"turns":4.0},{"damage":11.0,"enemies":"Chosen","floor":21.0,"turns":7.0},{"damage":11.0,"enemies":"Snake Plant","floor":24.0,"turns":5.0},{"damage":4.0,"enemies":"Shelled Parasite and Fungi","floor":25.0,"turns":6.0},{"damage":8.0,"enemies":"Snecko","floor":28.0,"turns":7.0},{"damage":0.0,"enemies":"Snake Plant","floor":29.0,"turns":5.0},{"damage":10.0,"enemies":"Centurion and Healer","floor":30.0,"turns":9.0},{"damage":43,"enemies":"Automaton","floor":33,"turns":8}],"seed_played":"-5631209092255404548","potions_obtained":[{"floor":1.0,"key":"FearPotion"},{"floor":3.0,"key":"SkillPotion"},{"floor":5.0,"key":"BlessingOfTheForge"},{"floor":10.0,"key":"Block Potion"},{"floor":11.0,"key":"SkillPotion"},{"floor":12.0,"key":"Swift Potion"},{"floor":14.0,"key":"PowerPotion"},{"floor":16.0,"key":"Weak Potion"},{"floor":18.0,"key":"FearPotion"},{"floor":21.0,"key":"Strength Potion"},{"floor":24.0,"key":"PowerPotion"},{"floor":28.0,"key":"Explosive Potion"},{"floor":29.0,"key":"Strength Potion"},{"floor":30.0,"key":"AttackPotion"}],"is_trial":false,"path_per_floor":["M","M","M","?","M","E","R","M","T","M","M","M","$","M","R","B",null,"M","?","?","M","$","R","M","M","T","R","M","M","M","?","R","B"],"character_chosen":"THE_SILENT","items_purchased":["Reflex"],"campfire_rested":2,"item_purchase_floors":[13],"current_hp_per_floor":[56,53,47,41,30,2,20,20,20,20,24,29,29,34,34,35,54,41,41,41,35,35,35,24,20,20,20,17,17,12,12,30,0,0],"gold":207,"neow_bonus":"TRANSFORM_TWO_CARDS","is_daily":false,"chose_seed":false,"campfire_upgraded":3,"win_rate":0.0,"timestamp":1610903078,"path_taken":["M","M","M","?","M","E","R","M","T","M","?","M","$","M","R","BOSS","M","?","?","M","?","R","M","M","T","R","M","M","?","?","R","BOSS"],"items_purchased_type":["Card"],"build_version":"2020-12-22","purchased_purges":1,"victory":false,"max_hp_per_floor":[60,60,60,60,60,60,60,60,60,60,60,60,60,60,60,60,60,60,60,60,60,60,60,60,60,60,60,60,60,60,60,60,60,60],"card_choices":[{"not_picked":["Catalyst","Deflect"],"picked":"Well Laid Plans","floor":1.0},{"not_picked":["Acrobatics","Concentrate"],"picked":"Noxious Fumes","floor":2.0},{"not_picked":["Quick Slash","Outmaneuver"],"picked":"Backflip","floor":3.0},{"not_picked":["Sucker Punch","Endless Agony"],"picked":"Masterful Stab","floor":5.0},{"not_picked":["Sucker Punch","Acrobatics"],"picked":"Heel Hook","floor":6.0},{"not_picked":["Well Laid Plans","Finisher"],"picked":"Poisoned Stab","floor":8.0},{"not_picked":["Deflect","Dagger Throw","Poisoned Stab"],"picked":"SKIP","floor":10.0},{"not_picked":["Acrobatics","Accuracy"],"picked":"Tactician","floor":11.0},{"not_picked":["Deadly Poison","Flying Knee"],"picked":"Acrobatics","floor":12.0},{"not_picked":["Dodge and Roll","Bullet Time","Blade Dance"],"picked":"SKIP","floor":14.0},{"not_picked":["Storm of Steel","Tools of the Trade"],"picked":"Malaise","floor":16.0},{"not_picked":["Crippling Poison","Finisher"],"picked":"Prepared","floor":18.0},{"not_picked":["Outmaneuver","Blur"],"picked":"Acrobatics","floor":21.0},{"not_picked":["Setup","Well Laid Plans","Heel Hook"],"picked":"SKIP","floor":24.0},{"not_picked":["Riddle With Holes","Well Laid Plans+1","Outmaneuver"],"picked":"SKIP","floor":25.0},{"not_picked":["Deflect","Quick Slash"],"picked":"Bouncing Flask","floor":28.0},{"not_picked":["Dagger Throw","Deflect","Bouncing Flask"],"picked":"SKIP","floor":29.0},{"not_picked":["Wraith Form v2","Sucker Punch","PiercingWail"],"picked":"SKIP","floor":30.0}],"player_experience":140023,"relics_obtained":[{"floor":6.0,"key":"Toy Ornithopter"},{"floor":9.0,"key":"White Beast Statue"},{"floor":26.0,"key":"The Courier"}],"event_choices":[{"damage_healed":0.0,"max_hp_gain":0.0,"max_hp_loss":0.0,"gold_gain":50.0,"event_name":"FaceTrader","player_choice":"Touch","floor":4.0,"gold_loss":0.0,"damage_taken":6.0},{"damage_healed":0.0,"max_hp_gain":0.0,"max_hp_loss":0.0,"gold_gain":0.0,"event_name":"Ghosts","player_choice":"Ignored","floor":19.0,"gold_loss":0.0,"damage_taken":0.0},{"cards_removed":["Strike_G"],"damage_healed":0.0,"max_hp_gain":0.0,"max_hp_loss":0.0,"gold_gain":0.0,"event_name":"Designer","player_choice":"Upgrade and Remove","floor":20.0,"gold_loss":110.0,"damage_taken":0.0,"cards_upgraded":["Defend_G"]},{"damage_healed":0.0,"max_hp_gain":0.0,"max_hp_loss":0.0,"gold_gain":50.0,"event_name":"Golden Shrine","player_choice":"Pray","floor":31.0,"gold_loss":0.0,"damage_taken":0.0}],"is_beta":false,"boss_relics":[{"not_picked":["Velvet Choker","Cursed Key"],"picked":"HoveringKite"}],"items_purged_floors":[13],"is_endless":false,"potions_floor_spawned":[1,3,5,10,11,12,14,16,18,21,24,25,28,29,30],"killed_by":"Automaton","ascension_level":18}}