{"host":"56d873i5r3uhle0q","time":1610853226,"event":{"mods":["100% Spire Juice","Act Like it!","Aspiration","BaseMod","Block Reminder","Conspire","Gensokyo","Hermit","Jedi Mod","Marisa????????","Marked Mod","Minty Spire (QoL Compilation)","Replay The Spire","StSLib","The Animator","The Bug Knight","The Cursed","The Jungle","The Marked","The Servant 0.9.4","everything is the same but u backflip on backflip","vexMod","??????REMEMod"],"gold_per_floor":[115,130,146,39,39,39,39,57,83,83,83,97,97,314,314,413,413,433,433,433],"floor_reached":19,"language":"ENG","playtime":895,"items_purged":[],"score":159,"play_id":"5e2abf93-54c2-4f37-a205-e2b202a875c4","local_time":"20210116201346","is_ascension_mode":false,"campfire_choices":[{"data":"jedi:collectorstrike","floor":6,"key":"SMITH"},{"floor":11,"key":"RECALL"},{"floor":13,"key":"REST"},{"floor":15,"key":"REST"}],"circlet_count":0,"master_deck":["Strike_R","Strike_R","Strike_R","Defend_R","Defend_R","Defend_R","Defend_R","jedi:collectorstrike+1","REME_Cut+1","conspire:Purge"],"relics":["Burning Blood","REME_ComplimentaryCards","aspiration:Nostalgia","MiniHakkero","Happy Flower","Bag of Preparation","Replay:Arrowhead","SlaversCollar"],"acts_visited":["Gensokyo:Gensokyo","Gensokyo:Gensokyoer"],"potions_floor_usage":[2,18],"damage_taken":[{"damage":5,"enemies":"Gensokyo:2_Kodama","floor":1,"turns":4},{"damage":6,"enemies":"Gensokyo:3_Fairies","floor":2,"turns":5},{"damage":7,"enemies":"Gensokyo:Gryphon","floor":3,"turns":4},{"damage":0,"enemies":"Gensokyo:LivingMonolith","floor":8,"turns":3},{"damage":27,"enemies":"Gensokyo:5_Fairies","floor":12,"turns":7},{"damage":22,"enemies":"Gensokyo:Gryphon_and_Rabbit","floor":14,"turns":6},{"damage":37,"enemies":"Gensokyo:Yukari","floor":16,"turns":11},{"damage":42,"enemies":"Gensokyo:AngelMirror","floor":18,"turns":8},{"damage":45,"enemies":"Gensokyo:3_Dogs","floor":19,"turns":5}],"seed_played":"-3622343107880971492","potions_obtained":[{"floor":2,"key":"REME_GoldPotion"},{"floor":3,"key":"jedi:tentaclejuice"},{"floor":12,"key":"PowerPotion"},{"floor":14,"key":"jedi:StrikingPotion"},{"floor":18,"key":"REME_GoldPotion"}],"is_trial":false,"path_per_floor":["M","M","M","COS","?","R","?","M","T","$","R","M","R","M","R","B",null,"M","M"],"character_chosen":"IRONCLAD","items_purchased":[],"campfire_rested":2,"item_purchase_floors":[],"current_hp_per_floor":[80,80,79,79,79,79,79,80,80,80,80,59,80,64,80,49,80,44,0,0],"gold":433,"neow_bonus":"NOSTALGIA","is_daily":false,"chose_seed":false,"campfire_upgraded":1,"win_rate":0.0,"timestamp":1610853226,"path_taken":["M","M","M","COS","?","R","?","M","T","$","R","M","R","M","R","BOSS","M","M"],"items_purchased_type":[],"build_version":"2020-12-22","purchased_purges":0,"victory":false,"max_hp_per_floor":[80,80,80,80,80,80,80,80,80,80,80,80,80,80,80,80,80,80,80,80],"card_choices":[{"not_picked":["Wild Strike","Bloodletting","Pummel"],"picked":"SKIP","floor":1},{"not_picked":["Uppercut","Rampage"],"picked":"jedi:collectorstrike","floor":2},{"not_picked":["Perfected Strike","True Grit","Twin Strike"],"picked":"SKIP","floor":3},{"not_picked":["Sword Boomerang","Shrug It Off"],"picked":"jedi:collectorstrike+1","floor":8},{"not_picked":["Armaments","Intimidate","jedi:controlledanger"],"picked":"SKIP","floor":12},{"not_picked":["Cleave","ReplayTheSpireMod:Stacked"],"picked":"conspire:Purge","floor":14},{"not_picked":["Iron Wave+1","Warcry+1"],"picked":"jedi:collectorstrike+1","floor":18}],"player_experience":540095,"relics_obtained":[{"floor":9,"key":"Bag of Preparation"}],"event_choices":[],"is_beta":false,"boss_relics":[{"not_picked":["Tiny House","Electric Blood"],"picked":"SlaversCollar"}],"items_purged_floors":[],"is_endless":false,"potions_floor_spawned":[2,3,12,14,18],"killed_by":"Gensokyo:3_Dogs","ascension_level":0}}