{"host":"jpzdg3po3tjxdjri","time":1610924151,"event":{"mods":["BaseMod","Better Third Choice","Colored Map","Colored Powertips","Minty Spire (QoL Compilation)","StSLib"],"gold_per_floor":[118,21,21,33,56,68,112,143,202,63,96,96,109,119,119,223,223,235,43,43,60,72,90,123,134,210,210,210,226,226,226],"floor_reached":30,"language":"ENG","playtime":1228,"items_purged":["Clumsy"],"score":275,"play_id":"4ea70c33-16c4-441e-bcd2-ea8aea91ee4c","local_time":"20210117225551","is_ascension_mode":true,"campfire_choices":[{"data":"Carnage","floor":6,"key":"SMITH"},{"data":"Battle Trance","floor":12,"key":"SMITH"},{"data":"True Grit","floor":15,"key":"SMITH"},{"floor":27,"key":"RECALL"}],"circlet_count":0,"master_deck":["Strike_R","Strike_R","Strike_R","Strike_R","Defend_R","Defend_R","Defend_R","Defend_R","Bash","Rage","Shrug It Off","Melter+1","Carnage+1","Battle Trance+1","Perfected Strike+1","Sword Boomerang","True Grit+1","Twin Strike","Demon Form","Sword Boomerang+1","Wild Strike","Cleave+1","Evolve","Inflame+1","Flame Barrier","Disarm+1","Immolate"],"relics":["Burning Blood","Magic Flower","MawBank","Bag of Preparation","Blood Vial","Omamori","Bottled Lightning","Runic Cube","Membership Card","Vajra","Matryoshka"],"acts_visited":["Exordium","TheCity"],"potions_floor_usage":[16,18,24,24,24],"damage_taken":[{"damage":0,"enemies":"2 Louse","floor":1,"turns":4},{"damage":0,"enemies":"Small Slimes","floor":5,"turns":3},{"damage":17,"enemies":"Lagavulin","floor":7,"turns":5},{"damage":0,"enemies":"Cultist","floor":8,"turns":2},{"damage":8,"enemies":"3 Sentries","floor":11,"turns":7},{"damage":9,"enemies":"2 Fungi Beasts","floor":13,"turns":3},{"damage":12,"enemies":"Gremlin Gang","floor":14,"turns":3},{"damage":10,"enemies":"Slime Boss","floor":16,"turns":10},{"damage":10,"enemies":"Chosen","floor":18,"turns":4},{"damage":15,"enemies":"Shell Parasite","floor":21,"turns":3},{"damage":33,"enemies":"Centurion and Healer","floor":22,"turns":5},{"damage":20,"enemies":"Shelled Parasite and Fungi","floor":23,"turns":5},{"damage":39,"enemies":"Book of Stabbing","floor":24,"turns":5},{"damage":14,"enemies":"Cultist and Chosen","floor":25,"turns":6},{"damage":21,"enemies":"Centurion and Healer","floor":29,"turns":6},{"damage":38,"enemies":"Slavers","floor":30,"turns":2}],"seed_played":"8119550592194772695","potions_obtained":[{"floor":5,"key":"Fire Potion"},{"floor":13,"key":"Fire Potion"},{"floor":16,"key":"PowerPotion"},{"floor":21,"key":"BloodPotion"},{"floor":22,"key":"Block Potion"}],"is_trial":false,"path_per_floor":["M","$","?","?","M","R","E","M","T","$","E","R","M","M","R","B",null,"M","$","?","M","M","M","E","M","T","R","?","M","E"],"character_chosen":"IRONCLAD","items_purchased":["Shrug It Off","Omamori","Membership Card","Wild Strike","Dropkick"],"campfire_rested":0,"item_purchase_floors":[2,10,19,19,19],"current_hp_per_floor":[80,80,60,60,69,69,61,70,70,70,74,74,77,77,77,79,80,79,79,79,74,53,45,42,40,40,40,40,31,0,0],"gold":226,"neow_bonus":"ONE_RARE_RELIC","is_daily":false,"chose_seed":false,"campfire_upgraded":3,"win_rate":0.0,"timestamp":1610924151,"path_taken":["M","$","?","?","M","R","E","M","T","$","E","R","M","?","R","BOSS","M","$","?","?","M","M","E","M","T","R","?","M","E"],"items_purchased_type":["Card","Relic","Relic","Card","Card"],"build_version":"2020-12-22","purchased_purges":1,"victory":false,"max_hp_per_floor":[80,80,80,80,80,80,80,80,80,80,80,80,80,80,80,80,80,80,80,80,80,80,80,80,80,80,80,80,80,80,80],"card_choices":[{"not_picked":["Warcry","Sever Soul"],"picked":"Rage","floor":1},{"not_picked":["Flex","Intimidate"],"picked":"Carnage","floor":5},{"not_picked":["True Grit","Heavy Blade"],"picked":"Battle Trance","floor":7},{"not_picked":["Whirlwind","Bloodletting"],"picked":"Perfected Strike","floor":8},{"not_picked":["Pummel","Sever Soul"],"picked":"Sword Boomerang","floor":11},{"not_picked":["Thunderclap","Sword Boomerang"],"picked":"True Grit","floor":13},{"not_picked":["Fire Breathing","Havoc"],"picked":"Twin Strike","floor":14},{"not_picked":["Corruption","Barricade"],"picked":"Demon Form","floor":16},{"not_picked":["Flex","Shrug It Off"],"picked":"Sword Boomerang+1","floor":18},{"not_picked":["Thunderclap","Headbutt+1"],"picked":"Cleave+1","floor":21},{"not_picked":["Reckless Charge","Blood for Blood"],"picked":"Evolve","floor":22},{"not_picked":["Combust","Dual Wield+1"],"picked":"Inflame+1","floor":23},{"not_picked":["Rupture+1","Wild Strike"],"picked":"Flame Barrier","floor":24},{"not_picked":["Cleave","Blood for Blood+1"],"picked":"Disarm+1","floor":25},{"not_picked":["Armaments","Inflame"],"picked":"Immolate","floor":29}],"player_experience":839813,"relics_obtained":[{"floor":7,"key":"Bag of Preparation"},{"floor":9,"key":"Blood Vial"},{"floor":11,"key":"Bottled Lightning"},{"floor":24,"key":"Vajra"},{"floor":26,"key":"Matryoshka"}],"event_choices":[{"cards_removed":["Strike_R"],"damage_healed":0,"gold_gain":0,"player_choice":"Offered Basic","damage_taken":0,"max_hp_gain":0,"max_hp_loss":0,"event_name":"Bonfire Elementals","floor":4,"gold_loss":0},{"damage_healed":0,"gold_gain":0,"player_choice":"Forge","damage_taken":0,"max_hp_gain":0,"max_hp_loss":0,"event_name":"Accursed Blacksmith","floor":20,"gold_loss":0,"cards_upgraded":["Perfected Strike"]},{"cards_removed":["Dropkick"],"damage_healed":0,"gold_gain":0,"player_choice":"Purged","damage_taken":0,"max_hp_gain":0,"max_hp_loss":0,"event_name":"Purifier","floor":28,"gold_loss":0}],"is_beta":false,"boss_relics":[{"not_picked":["SacredBark","Runic Dome"],"picked":"Runic Cube"}],"items_purged_floors":[2],"is_endless":false,"potions_floor_spawned":[5,13,16,21,22],"killed_by":"Slavers","ascension_level":1}}