{"host":"kh6fvhxn285ncg0o","time":1610844282,"event":{"mods":["Act Like it!","BaseMod","Colored Map","Friendly Minions","Keyboard Shortcuts","Minty Spire (QoL Compilation)","Quick Restart","Relic Stats","StSLib","SuperFastMode"],"gold_per_floor":[115,115,40,40,40,51,64,93,93,104,104,154,154,167,167,167,167],"floor_reached":16,"language":"KOR","playtime":411,"items_purged":["Strike_R"],"score":200,"play_id":"cad1a33e-2b3d-47b0-b6ed-02ed07c9539d","local_time":"20210117094442","is_ascension_mode":true,"campfire_choices":[{"data":"1","floor":11,"key":"LIFT"},{"data":"2","floor":13,"key":"LIFT"},{"data":"3","floor":15,"key":"LIFT"}],"circlet_count":0,"master_deck":["AscendersBane","Strike_R","Strike_R","Defend_R+1","Defend_R","Defend_R+1","Bash","Dropkick","Shrug It Off"],"relics":["Burning Blood","Ice Cream","Ginger","Girya"],"acts_visited":["Exordium"],"potions_floor_usage":[16],"damage_taken":[{"damage":13.0,"enemies":"Small Slimes","floor":1.0,"turns":7.0},{"damage":0,"enemies":"Jaw Worm","floor":6,"turns":3},{"damage":0,"enemies":"2 Louse","floor":7,"turns":3},{"damage":12,"enemies":"Lagavulin","floor":8,"turns":7},{"damage":0,"enemies":"Blue Slaver","floor":10,"turns":5},{"damage":10,"enemies":"Lots of Slimes","floor":14,"turns":4},{"damage":31,"enemies":"Slime Boss","floor":16,"turns":9}],"seed_played":"8489347013456120921","potions_obtained":[{"floor":7,"key":"Fruit Juice"}],"is_trial":false,"path_per_floor":["M","?","$","?","?","M","M","E","T","M","R","?","R","M","R","B"],"character_chosen":"IRONCLAD","items_purchased":[],"campfire_rested":0,"item_purchase_floors":[],"current_hp_per_floor":[61,43,43,23,23,29,35,29,29,35,35,35,35,31,31,5,5],"gold":167,"neow_bonus":"REMOVE_TWO","is_daily":false,"chose_seed":false,"campfire_upgraded":0,"win_rate":0.0,"timestamp":1610844282,"path_taken":["M","?","$","?","?","M","M","E","T","?","R","?","R","M","R","BOSS"],"items_purchased_type":[],"build_version":"2020-12-22","purchased_purges":1,"victory":false,"max_hp_per_floor":[68,68,68,68,68,68,68,68,68,68,68,68,68,68,68,73,73],"relic_stats":{"counters":[7,38],"Ginger":[8],"obtain_stats":[{"Ice Cream":2,"Girya":9,"Ginger":8,"Burning Blood":0},{"Ice Cream":1,"Girya":4,"Ginger":4,"Burning Blood":0},{"Ice Cream":7,"Girya":20,"Ginger":20,"Burning Blood":0}],"Burning Blood":36},"card_choices":[{"not_picked":["Flex","Armaments"],"picked":"Dropkick","floor":1},{"not_picked":["Armaments","Sword Boomerang"],"picked":"Shrug It Off","floor":6},{"not_picked":["Havoc","Sword Boomerang","Anger"],"picked":"SKIP","floor":7},{"not_picked":["Hemokinesis","Clothesline","True Grit"],"picked":"SKIP","floor":8},{"not_picked":["Thunderclap","Wild Strike","Power Through"],"picked":"SKIP","floor":10},{"not_picked":["Shrug It Off","Clothesline","Clash"],"picked":"SKIP","floor":14}],"player_experience":3473469,"relics_obtained":[{"floor":8,"key":"Ginger"},{"floor":9,"key":"Girya"}],"event_choices":[{"damage_healed":0,"gold_gain":0,"player_choice":"Success","damage_taken":18,"relics_obtained":["Ice Cream"],"max_hp_gain":0,"max_hp_loss":0,"event_name":"Scrap Ooze","floor":2,"gold_loss":0},{"damage_healed":0,"gold_gain":0,"player_choice":"Entered Light","damage_taken":20,"max_hp_gain":0,"max_hp_loss":0,"event_name":"Shining Light","floor":4,"gold_loss":0,"cards_upgraded":["Defend_R","Defend_R"]},{"cards_removed":["Defend_R"],"damage_healed":0,"gold_gain":0,"player_choice":"Forget","damage_taken":0,"max_hp_gain":0,"max_hp_loss":0,"event_name":"Living Wall","floor":5,"gold_loss":0},{"damage_healed":0,"gold_gain":50,"player_choice":"Pray","damage_taken":0,"max_hp_gain":0,"max_hp_loss":0,"event_name":"Golden Shrine","floor":12,"gold_loss":0}],"is_beta":false,"boss_relics":[],"items_purged_floors":[3],"is_endless":false,"potions_floor_spawned":[7],"killed_by":"Slime Boss","ascension_level":20}}