{"host":"9709z2dy8v1s63sm","time":1610891299,"event":{"mods":["AchievementEnabler","BaseMod","Minty Spire (QoL Compilation)","StSLib","SuperFastMode"],"gold_per_floor":[114,114,114,114,133,133,176,176,202,543,564,267,267,282,282,402,402,421,421,444,444,444],"floor_reached":21,"language":"KOR","playtime":1340,"items_purged":["Strike_R"],"score":297,"play_id":"893d24f4-5c26-44e6-9ece-b39e684c3de0","local_time":"20210117224819","is_ascension_mode":true,"campfire_choices":[{"data":"Body Slam","floor":6.0,"key":"SMITH"},{"data":"Bash","floor":8.0,"key":"SMITH"},{"data":"Corruption","floor":13.0,"key":"SMITH"},{"data":"Evolve","floor":15.0,"key":"SMITH"}],"circlet_count":0,"master_deck":["Strike_R","Strike_R","Strike_R","Defend_R","Defend_R","Defend_R","Defend_R","Bash+1","Evolve+1","Body Slam+1","Dual Wield","Power Through","Warcry","Corruption+1","Flame Barrier","Power Through","Entrench","Double Tap","True Grit"],"relics":["Burning Blood","NeowsBlessing","Golden Idol","Potion Belt","Art of War","Old Coin","Black Star","Nilry\u0027s Codex"],"acts_visited":["Exordium","TheCity"],"potions_floor_usage":[],"damage_taken":[{"damage":0.0,"enemies":"Small Slimes","floor":1.0,"turns":1.0},{"damage":0.0,"enemies":"Jaw Worm","floor":5.0,"turns":1.0},{"damage":0.0,"enemies":"Lagavulin","floor":7.0,"turns":1.0},{"damage":45.0,"enemies":"3 Sentries","floor":10.0,"turns":11.0},{"damage":4.0,"enemies":"2 Louse","floor":11.0,"turns":3.0},{"damage":1.0,"enemies":"Blue Slaver","floor":14.0,"turns":3.0},{"damage":30.0,"enemies":"The Guardian","floor":16.0,"turns":9.0},{"damage":45.0,"enemies":"2 Thieves","floor":18.0,"turns":5.0},{"damage":0,"enemies":"Spheric Guardian","floor":20,"turns":3},{"damage":14,"enemies":"Snake Plant","floor":21,"turns":2}],"seed_played":"5540654751728752660","potions_obtained":[{"floor":1.0,"key":"BlessingOfTheForge"},{"floor":5.0,"key":"LiquidBronze"},{"floor":10.0,"key":"Energy Potion"},{"floor":11.0,"key":"Explosive Potion"},{"floor":16.0,"key":"ElixirPotion"}],"is_trial":false,"path_per_floor":["M","?","?","?","M","R","E","R","T","E","M","$","R","M","R","B",null,"M","?","M","M"],"character_chosen":"IRONCLAD","items_purchased":["Corruption","Flame Barrier","Power Through"],"campfire_rested":0,"item_purchase_floors":[12,12,12],"current_hp_per_floor":[78,58,58,58,64,64,70,70,70,31,33,33,33,38,38,14,64,25,9,15,1,1],"gold":444,"neow_bonus":"THREE_ENEMY_KILL","is_daily":false,"chose_seed":false,"campfire_upgraded":4,"win_rate":0.0,"timestamp":1610891299,"path_taken":["M","?","?","?","M","R","E","R","T","E","M","?","R","M","R","BOSS","M","?","M","M"],"items_purchased_type":["Card","Card","Card"],"build_version":"2020-12-22","purchased_purges":1,"victory":false,"max_hp_per_floor":[80,80,80,80,80,80,80,80,80,80,80,80,80,80,80,80,80,80,80,80,80,80],"card_choices":[{"not_picked":["Combust","Sentinel"],"picked":"Evolve","floor":1.0},{"not_picked":["Clash","Sever Soul"],"picked":"Body Slam","floor":5.0},{"not_picked":["Battle Trance","Burning Pact"],"picked":"Dual Wield","floor":7.0},{"not_picked":["Reckless Charge","Heavy Blade"],"picked":"Power Through","floor":10.0},{"not_picked":["Clash","Anger"],"picked":"Warcry","floor":11.0},{"not_picked":["Spot Weakness","Intimidate"],"picked":"Entrench","floor":14.0},{"not_picked":["Brutality","Bludgeon"],"picked":"Double Tap","floor":16.0},{"not_picked":["Cleave","Headbutt+1","Clash"],"picked":"SKIP","floor":18.0},{"not_picked":["Armaments","Spot Weakness"],"picked":"True Grit","floor":20}],"player_experience":76683,"relics_obtained":[{"floor":7.0,"key":"Potion Belt"},{"floor":9.0,"key":"Art of War"},{"floor":10.0,"key":"Old Coin"},{"floor":19.0,"key":"Nilry\u0027s Codex"}],"event_choices":[{"damage_healed":0.0,"max_hp_gain":0.0,"max_hp_loss":0.0,"gold_gain":0.0,"event_name":"Golden Idol","player_choice":"Take Damage","floor":2.0,"gold_loss":0.0,"damage_taken":20.0,"relics_obtained":["Golden Idol"]},{"damage_healed":0.0,"max_hp_gain":0.0,"max_hp_loss":0.0,"gold_gain":0.0,"event_name":"Liars Game","player_choice":"Ignored","floor":3.0,"gold_loss":0.0,"damage_taken":0.0},{"cards_removed":["Strike_R"],"damage_healed":0.0,"max_hp_gain":0.0,"max_hp_loss":0.0,"gold_gain":0.0,"event_name":"Living Wall","player_choice":"Forget","floor":4.0,"gold_loss":0.0,"damage_taken":0.0},{"damage_healed":0.0,"max_hp_gain":0.0,"max_hp_loss":0.0,"gold_gain":0.0,"event_name":"Cursed Tome","player_choice":"Obtained Book","floor":19.0,"gold_loss":0.0,"damage_taken":16.0}],"is_beta":false,"boss_relics":[{"not_picked":["Snecko Eye","Calling Bell"],"picked":"Black Star"}],"items_purged_floors":[12],"is_endless":false,"potions_floor_spawned":[1,5,10,11,16],"killed_by":"Snake Plant","ascension_level":8}}