{"host":"tr12w2fixbnujl15","time":1610842113,"event":{"mods":["100% Spire Juice","2.2 Compatiblity","Arknights The Spire","BaseMod","Better Skull","BetterRewards","Clockwork Mod","Colored Powertips","Evolution","Hermit","Hubris","Infinite Spire","JesterMod","Koishi","Mad Scientist","Minty Spire (QoL Compilation)","Prisma Mod","Quick Restart","Replay The Spire","Shop Mod","StSLib","SuperFastMode","The Animator","The Bug Knight","The Construct","The Cursed","The Hierophant","The Mystic","The Necromancer","The Runesmith","The Sage","The Senshi","The Servant 0.9.4","The Spell Scribe","TheFirefly","WarShipGirlsR/????R mod","Yakumo Yukari mod"],"gold_per_floor":[111,51,68,81,81,99,99,120,147,147,164,182,45,55,55,158,158,148,165,165,165],"floor_reached":20,"language":"ENG","playtime":868,"items_purged":[],"score":168,"play_id":"a1af431c-cbc7-415f-885c-273f19708363","local_time":"20210116190833","is_ascension_mode":false,"campfire_choices":[{"floor":7,"key":"REST"},{"data":"ats:Wolf Pack","floor":10,"key":"SMITH"},{"floor":15,"key":"REST"}],"circlet_count":0,"master_deck":["ats:Strike C","ats:Strike G","ats:Strike S","ats:Strike V","ats:Armor Crushing Shot","ats:Defend","ats:Defend","ats:Defend","ats:Defend","ats:Emotion Absorption","ats:Counter Healing Mode+1","ats:Hammer On","ats:Hammer On","ats:Childhood Dance","ats:Thorns","ats:Thorns","ats:Sword Rain","ats:Wolf Pack+1","ats:Calcification","ats:Hook Shot","ats:Healing Drone","ats:Support Order","ats:Powerful Strike","ats:Disruption Kick","ats:Wolf Pack","ats:Ignite","ats:Apocalypse"],"relics":["ats:Sanity","EVO:Axolotl","MerchantsRug","construct:RocketBooster","Odd Mushroom","ReplayTheSpireMod:Lightbulb","SlaversCollar"],"acts_visited":["Exordium","TheCity"],"potions_floor_usage":[3,8,16,16,20],"damage_taken":[{"damage":5,"enemies":"Small Slimes","floor":1,"turns":3},{"damage":13,"enemies":"Cultist","floor":3,"turns":5},{"damage":6,"enemies":"2 Louse","floor":4,"turns":2},{"damage":19,"enemies":"Blue Slaver","floor":6,"turns":6},{"damage":9,"enemies":"The Mushroom Lair","floor":8,"turns":4},{"damage":16,"enemies":"Looter","floor":11,"turns":5},{"damage":11,"enemies":"3 Louse","floor":12,"turns":3},{"damage":7,"enemies":"2 Fungi Beasts","floor":14,"turns":3},{"damage":43,"enemies":"Hexaghost","floor":16,"turns":13},{"damage":24,"enemies":"2 Thieves","floor":18,"turns":6},{"damage":45,"enemies":"Snake Plant","floor":19,"turns":8},{"damage":26,"enemies":"3 Cultists","floor":20,"turns":5}],"seed_played":"590716419155230559","potions_obtained":[{"floor":1,"key":"Regen Potion"},{"floor":4,"key":"Adrenaline Potion"},{"floor":8,"key":"PowerPotion"},{"floor":12,"key":"BlessingOfTheForge"},{"floor":18,"key":"construct:ShiftPotion"},{"floor":19,"key":"Explosive Potion"}],"is_trial":false,"path_per_floor":["M","$","M","M","?","M","R","?","T","R","M","M","$","M","R","B",null,"M","M","M"],"character_chosen":"DOCTOR_CLASS","items_purchased":["MerchantsRug","ats:Counter Healing Mode+1","ats:Hammer On","ats:Hammer On","ats:Thorns","ats:Disruption Kick"],"campfire_rested":2,"item_purchase_floors":[0,0,0,0,2,13],"current_hp_per_floor":[67,67,59,53,53,35,56,48,48,48,33,28,28,21,42,18,72,57,18,0,0],"gold":165,"neow_bonus":"","is_daily":false,"chose_seed":false,"campfire_upgraded":1,"win_rate":0.0,"timestamp":1610842113,"path_taken":["M","$","M","M","?","?","R","?","T","R","M","M","$","M","R","BOSS","M","M","M"],"items_purchased_type":["Relic","Card","Card","Card","Card","Card"],"build_version":"2020-12-22","purchased_purges":0,"victory":false,"max_hp_per_floor":[72,72,72,72,72,72,72,72,72,72,72,72,72,72,72,72,72,72,72,72,72],"card_choices":[{"not_picked":["ats:Powerful Strike","ats:Shell Defense"],"picked":"ats:Childhood Dance","floor":1},{"not_picked":["ats:Curse Doll","ats:Encircling Forest"],"picked":"ats:Sword Rain","floor":3},{"not_picked":["ats:Revitalization","ats:Cat Scratch"],"picked":"ats:Wolf Pack","floor":4},{"not_picked":["ats:Blood Oath","ats:Powerful Strike"],"picked":"ats:Hook Shot","floor":6},{"not_picked":["ats:Cat Scratch","ats:Spore Proliferation"],"picked":"ats:Healing Drone","floor":8},{"not_picked":["ats:Cat Scratch","ats:Curse Doll"],"picked":"ats:Support Order","floor":11},{"not_picked":["ats:Childhood Dance","ats:Curse Doll"],"picked":"ats:Powerful Strike","floor":12},{"not_picked":["ats:Demon Strength","ats:Curse Doll","ats:Flame Of Heaven"],"picked":"SKIP","floor":14},{"not_picked":["ats:Fractured Body","ats:Dogmatic Field"],"picked":"ats:Wolf Pack","floor":16},{"not_picked":["ats:Consecutive Shot Auto","ats:Thorns+1"],"picked":"ats:Ignite","floor":18},{"not_picked":["ats:Defend Order","ats:Assault Order+1"],"picked":"ats:Apocalypse","floor":19}],"player_experience":61132,"relics_obtained":[{"floor":8,"key":"Odd Mushroom"},{"floor":9,"key":"ReplayTheSpireMod:Lightbulb"}],"event_choices":[{"damage_healed":0,"gold_gain":0,"player_choice":"1 cards matched","damage_taken":0,"max_hp_gain":0,"max_hp_loss":0,"event_name":"Match and Keep!","floor":5,"gold_loss":0,"cards_obtained":["ats:Calcification"]},{"damage_healed":0,"gold_gain":0,"player_choice":"Fought Mushrooms","damage_taken":0,"max_hp_gain":0,"max_hp_loss":0,"event_name":"Mushrooms","floor":8,"gold_loss":0}],"is_beta":false,"boss_relics":[{"not_picked":["Empty Cage","Replay:Ancient Bell"],"picked":"SlaversCollar"}],"items_purged_floors":[],"is_endless":false,"potions_floor_spawned":[1,4,8,12,18,19],"killed_by":"3 Cultists","ascension_level":0}}