{"host":"oehe2dxjvdgux73m","time":1610897407,"event":{"mods":["AchievementEnabler","BaseMod","Colored Map","Colored Powertips","DeckTracker","Keyboard Shortcuts","Minty Spire (QoL Compilation)","Permanent Neow","Quick Restart","StSLib","SuperFastMode"],"gold_per_floor":[118,136,136,149,149,149,162,162,189,189,222,222,236,256,256,332,332,344,201,221,221,235,235,235,235,235,252,263,293,303,318,318,389,389,399,446,446,522,532,532,18,31,57,57,72,105,121,141,141,141],"floor_reached":51,"language":"KOR","playtime":1676,"items_purged":[],"score":1152,"play_id":"2b02034b-2b0f-40cb-899c-6df7675a19e9","local_time":"20210118003007","is_ascension_mode":true,"campfire_choices":[{"data":"Clothesline","floor":6.0,"key":"SMITH"},{"floor":12.0,"key":"REST"},{"floor":15.0,"key":"REST"},{"data":"Perfected Strike","floor":23.0,"key":"SMITH"},{"data":"Blind","floor":25.0,"key":"SMITH"},{"data":"Double Tap","floor":32.0,"key":"SMITH"},{"data":"Brutality","floor":40.0,"key":"SMITH"},{"data":"Bludgeon","floor":44.0,"key":"SMITH"},{"data":"Offering","floor":49.0,"key":"SMITH"}],"circlet_count":0,"master_deck":["AscendersBane","Strike_R","Strike_R","Strike_R","Strike_R","Defend_R","Defend_R","Defend_R","Bash+1","Twin Strike+1","Shrug It Off+1","Clothesline+1","Second Wind+1","Seeing Red+1","Whirlwind","Reaper","Wild Strike","Perfected Strike+1","Blind+1","Double Tap+1","Pommel Strike","Brutality+1","Pommel Strike","Pommel Strike+1","Perfected Strike+1","Offering+1","Impervious","Bludgeon+1","Twin Strike","Perfected Strike","Perfected Strike"],"relics":["Burning Blood","Bird Faced Urn","Toy Ornithopter","Gambling Chip","Snecko Eye","Happy Flower","Kunai","Vajra","Philosopher\u0027s Stone","Ginger","Paper Frog","DollysMirror","Pen Nib","War Paint","Nunchaku"],"acts_visited":["Exordium","TheCity","TheBeyond"],"potions_floor_usage":[],"damage_taken":[{"damage":8.0,"enemies":"2 Louse","floor":1.0,"turns":4.0},{"damage":11.0,"enemies":"Cultist","floor":2.0,"turns":4.0},{"damage":14.0,"enemies":"Jaw Worm","floor":4.0,"turns":3.0},{"damage":6.0,"enemies":"Blue Slaver","floor":7.0,"turns":3.0},{"damage":24.0,"enemies":"Lagavulin","floor":11.0,"turns":7.0},{"damage":15.0,"enemies":"2 Fungi Beasts","floor":13.0,"turns":3.0},{"damage":17.0,"enemies":"Large Slime","floor":14.0,"turns":7.0},{"damage":35.0,"enemies":"Slime Boss","floor":16.0,"turns":7.0},{"damage":6.0,"enemies":"3 Byrds","floor":18.0,"turns":4.0},{"damage":20.0,"enemies":"Spheric Guardian","floor":20.0,"turns":4.0},{"damage":0.0,"enemies":"Centurion and Healer","floor":22.0,"turns":4.0},{"damage":0.0,"enemies":"Snecko","floor":27.0,"turns":3.0},{"damage":13.0,"enemies":"Sentry and Sphere","floor":28.0,"turns":4.0},{"damage":38.0,"enemies":"Gremlin Leader","floor":29.0,"turns":6.0},{"damage":8.0,"enemies":"Chosen and Byrds","floor":30.0,"turns":3.0},{"damage":0.0,"enemies":"Centurion and Healer","floor":31.0,"turns":3.0},{"damage":53.0,"enemies":"Collector","floor":33.0,"turns":5.0},{"damage":28.0,"enemies":"3 Shapes","floor":35.0,"turns":6.0},{"damage":13.0,"enemies":"2 Orb Walkers","floor":36.0,"turns":3.0},{"damage":2.0,"enemies":"3 Darklings","floor":39.0,"turns":3.0},{"damage":0.0,"enemies":"4 Shapes","floor":42.0,"turns":3.0},{"damage":0.0,"enemies":"Sphere and 2 Shapes","floor":45.0,"turns":1.0},{"damage":20.0,"enemies":"Giant Head","floor":46.0,"turns":5.0},{"damage":11.0,"enemies":"Writhing Mass","floor":47.0,"turns":2.0},{"damage":4.0,"enemies":"Transient","floor":48.0,"turns":5.0},{"damage":65,"enemies":"Donu and Deca","floor":50,"turns":7}],"seed_played":"980665114859117735","potions_obtained":[{"floor":2.0,"key":"PowerPotion"},{"floor":11.0,"key":"Strength Potion"},{"floor":13.0,"key":"Weak Potion"},{"floor":14.0,"key":"CultistPotion"},{"floor":18.0,"key":"PowerPotion"},{"floor":29.0,"key":"ColorlessPotion"},{"floor":30.0,"key":"EssenceOfSteel"},{"floor":35.0,"key":"Block Potion"},{"floor":36.0,"key":"LiquidMemories"},{"floor":39.0,"key":"AttackPotion"}],"is_trial":false,"path_per_floor":["M","M","?","M","?","R","M","T","T","?","E","R","M","M","R","B",null,"M","$","M","?","M","R","?","R","T","M","M","E","M","M","R","B",null,"M","?","?","T","M","R","$","M","T","R","M","E","M","M","R","B",null],"character_chosen":"IRONCLAD","items_purchased":["Happy Flower","DollysMirror","Pen Nib","Offering","Impervious"],"campfire_rested":2,"item_purchase_floors":[19,41,41,41,41],"current_hp_per_floor":[70,65,65,57,43,43,43,43,43,43,34,55,46,35,56,34,63,72,72,58,58,66,66,66,66,66,72,65,40,39,52,52,30,62,40,33,33,33,51,51,51,67,67,67,72,68,66,68,68,14],"gold":141,"neow_bonus":"TRANSFORM_TWO_CARDS","is_daily":false,"chose_seed":false,"campfire_upgraded":7,"win_rate":0.0,"timestamp":1610897407,"path_taken":["M","M","?","?","?","R","M","?","T","?","E","R","M","M","R","BOSS","M","$","M","?","M","R","?","R","T","M","?","E","M","M","R","BOSS","M","?","?","?","M","R","$","?","T","R","M","E","M","M","R","BOSS"],"items_purchased_type":["Relic","Relic","Relic","Card","Card"],"build_version":"2020-12-22","purchased_purges":0,"victory":true,"max_hp_per_floor":[72,72,72,72,72,72,72,72,72,72,72,72,72,72,72,72,72,72,72,72,72,72,72,72,72,72,72,72,72,72,72,72,72,72,72,72,72,72,72,72,72,72,72,72,72,72,72,72,72,72],"card_choices":[{"not_picked":["Anger","Burning Pact"],"picked":"Shrug It Off","floor":1.0},{"not_picked":["Blood for Blood","Sentinel","Clash"],"picked":"SKIP","floor":2.0},{"not_picked":["True Grit","Combust"],"picked":"Clothesline","floor":4.0},{"not_picked":["Bloodletting","Berserk"],"picked":"Second Wind","floor":7.0},{"not_picked":["Double Tap","Pommel Strike"],"picked":"Seeing Red","floor":11.0},{"not_picked":["Pummel","Pommel Strike"],"picked":"Whirlwind","floor":13.0},{"not_picked":["Intimidate","Thunderclap","Heavy Blade"],"picked":"SKIP","floor":14.0},{"not_picked":["Immolate","Fiend Fire"],"picked":"Reaper","floor":16.0},{"not_picked":["Bloodletting","Dropkick"],"picked":"Wild Strike","floor":18.0},{"not_picked":["Armaments","True Grit"],"picked":"Perfected Strike","floor":20.0},{"not_picked":["Anger+1","Warcry","Burning Pact"],"picked":"SKIP","floor":22.0},{"not_picked":["Pummel","Clash","Body Slam"],"picked":"SKIP","floor":27.0},{"not_picked":["Power Through","Intimidate","Rampage"],"picked":"SKIP","floor":28.0},{"not_picked":["Power Through","Intimidate","Rampage"],"picked":"SKIP","floor":28.0},{"not_picked":["Power Through","Intimidate","Rampage"],"picked":"SKIP","floor":28.0},{"not_picked":["Anger","Brutality"],"picked":"Double Tap","floor":29.0},{"not_picked":["Searing Blow","Heavy Blade","Fire Breathing"],"picked":"SKIP","floor":30.0},{"not_picked":["Power Through","Body Slam"],"picked":"Pommel Strike","floor":31.0},{"not_picked":["Fiend Fire","Limit Break"],"picked":"Brutality","floor":33.0},{"not_picked":["Warcry","Anger"],"picked":"Pommel Strike","floor":35.0},{"not_picked":["Sever Soul","Uppercut"],"picked":"Pommel Strike+1","floor":39.0},{"not_picked":["Body Slam+1","Iron Wave"],"picked":"Bludgeon","floor":42.0},{"not_picked":["Clash+1","Metallicize"],"picked":"Twin Strike","floor":45.0},{"not_picked":["Inflame+1","Disarm+1"],"picked":"Perfected Strike","floor":46.0},{"not_picked":["Armaments+1","Heavy Blade"],"picked":"Perfected Strike","floor":47.0},{"not_picked":["Body Slam","Hemokinesis+1","Iron Wave"],"picked":"SKIP","floor":48.0}],"player_experience":265750,"relics_obtained":[{"floor":8.0,"key":"Bird Faced Urn"},{"floor":9.0,"key":"Toy Ornithopter"},{"floor":11.0,"key":"Gambling Chip"},{"floor":26.0,"key":"Kunai"},{"floor":29.0,"key":"Vajra"},{"floor":36.0,"key":"Ginger"},{"floor":38.0,"key":"Paper Frog"},{"floor":43.0,"key":"War Paint"},{"floor":46.0,"key":"Nunchaku"}],"event_choices":[{"damage_healed":0.0,"max_hp_gain":0.0,"max_hp_loss":0.0,"gold_gain":0.0,"event_name":"Upgrade Shrine","player_choice":"Upgraded","floor":3.0,"gold_loss":0.0,"damage_taken":0.0,"cards_upgraded":["Dark Embrace"]},{"damage_healed":0.0,"max_hp_gain":0.0,"max_hp_loss":0.0,"gold_gain":0.0,"event_name":"Shining Light","player_choice":"Entered Light","floor":5.0,"gold_loss":0.0,"damage_taken":14.0,"cards_upgraded":["Twin Strike","Bash"]},{"damage_healed":0.0,"max_hp_gain":0.0,"max_hp_loss":0.0,"gold_gain":0.0,"event_name":"Living Wall","player_choice":"Grow","floor":10.0,"gold_loss":0.0,"damage_taken":0.0,"cards_upgraded":["Shrug It Off"]},{"damage_healed":0.0,"max_hp_gain":0.0,"max_hp_loss":0.0,"gold_gain":0.0,"event_name":"The Mausoleum","player_choice":"Ignored","floor":21.0,"gold_loss":0.0,"damage_taken":0.0},{"damage_healed":0.0,"max_hp_gain":0.0,"max_hp_loss":0.0,"gold_gain":0.0,"event_name":"Match and Keep!","player_choice":"1 cards matched","floor":24.0,"gold_loss":0.0,"damage_taken":0.0,"cards_obtained":["Blind"]},{"damage_healed":0.0,"max_hp_gain":0.0,"max_hp_loss":0.0,"gold_gain":0.0,"event_name":"Mysterious Sphere","player_choice":"Fight","floor":36.0,"gold_loss":0.0,"damage_taken":0.0},{"cards_removed":["Dark Embrace"],"damage_healed":0.0,"max_hp_gain":0.0,"max_hp_loss":0.0,"gold_gain":0.0,"event_name":"Falling","player_choice":"Removed Power","floor":37.0,"gold_loss":0.0,"damage_taken":0.0}],"is_beta":false,"boss_relics":[{"not_picked":["SacredBark","Cursed Key"],"picked":"Snecko Eye"},{"not_picked":["Black Star","Mark of Pain"],"picked":"Philosopher\u0027s Stone"}],"items_purged_floors":[],"is_endless":false,"potions_floor_spawned":[2,11,13,14,18,20,29,30,35,36,39,42],"ascension_level":13}}