{"host":"pfy6u49v5s5r680p","time":1610853660,"event":{"mods":["BaseMod","Colored Map","DeckTracker","Highlight Path","Keyboard Shortcuts","Minty Spire (QoL Compilation)","Permanent Neow","Quick Restart","StSLib","SuperFastMode","everything is the same but u backflip on backflip"],"gold_per_floor":[115,115,115,190,290,290,308,308,387,399,413,443,460,478,478,574,574,590,590,123,137,151,151,151,151,202,232,250,282,87,99,99,194,194,213,263,10,20,20,20,36,36,36,36,46,59,59,59,59,59,59],"floor_reached":50,"language":"KOR","playtime":2698,"items_purged":["Strike_G","Normality"],"score":482,"play_id":"f5d5ec0d-8d92-418c-8658-456b7a7db805","local_time":"20210117122100","is_ascension_mode":false,"campfire_choices":[{"data":"After Image","floor":6.0,"key":"SMITH"},{"data":"Acrobatics","floor":8.0,"key":"SMITH"},{"floor":15.0,"key":"REST"},{"data":"Noxious Fumes","floor":23,"key":"SMITH"},{"data":"After Image","floor":25,"key":"SMITH"},{"data":"Backflip","floor":32,"key":"SMITH"},{"data":"Backflip","floor":40,"key":"SMITH"},{"data":"Reflex","floor":42,"key":"SMITH"},{"data":"Backflip","floor":47,"key":"SMITH"},{"data":"Escape Plan","floor":49,"key":"SMITH"}],"circlet_count":0,"master_deck":["Strike_G","Strike_G","Strike_G","Defend_G","Defend_G","Defend_G","Defend_G","Defend_G","Survivor","Neutralize","After Image+1","Backflip+1","Acrobatics+1","Backflip+1","After Image+1","Backflip+1","Escape Plan+1","Noxious Fumes+1","Dagger Throw+1","Heel Hook","Noxious Fumes+1","Well Laid Plans+1","After Image+1","Escape Plan+1","Backstab+1","Reflex+1","Doubt","Mayhem+1","Sadistic Nature+1","Dramatic Entrance"],"relics":["Ring of the Snake","StrikeDummy","WingedGreaves","Cursed Key","Mummified Hand","Centennial Puzzle","Frozen Egg 2","Sundial","Lee\u0027s Waffle","Runic Pyramid","Tingsha","TwistedFunnel","Boot"],"acts_visited":["Exordium","TheCity","TheBeyond"],"potions_floor_usage":[16,16,29,29,35,50,50,50],"damage_taken":[{"damage":0.0,"enemies":"Cultist","floor":1.0,"turns":5.0},{"damage":2.0,"enemies":"Small Slimes","floor":7.0,"turns":5.0},{"damage":0.0,"enemies":"2 Louse","floor":10.0,"turns":2.0},{"damage":3.0,"enemies":"Exordium Thugs","floor":11.0,"turns":4.0},{"damage":12.0,"enemies":"Gremlin Nob","floor":12.0,"turns":5.0},{"damage":8.0,"enemies":"3 Louse","floor":13.0,"turns":5.0},{"damage":10.0,"enemies":"Blue Slaver","floor":14.0,"turns":3.0},{"damage":21,"enemies":"The Guardian","floor":16,"turns":23},{"damage":7,"enemies":"3 Byrds","floor":18,"turns":8},{"damage":0,"enemies":"Spheric Guardian","floor":21,"turns":9},{"damage":4,"enemies":"Snake Plant","floor":22,"turns":7},{"damage":20,"enemies":"Book of Stabbing","floor":27,"turns":10},{"damage":0,"enemies":"Snecko","floor":28,"turns":8},{"damage":17,"enemies":"Slavers","floor":29,"turns":6},{"damage":23,"enemies":"Cultist and Chosen","floor":31,"turns":7},{"damage":36,"enemies":"Collector","floor":33,"turns":11},{"damage":0,"enemies":"3 Shapes","floor":35,"turns":5},{"damage":0,"enemies":"Mind Bloom Boss Battle","floor":36,"turns":11},{"damage":0,"enemies":"Orb Walker","floor":38,"turns":4},{"damage":0,"enemies":"3 Darklings","floor":41,"turns":5},{"damage":9,"enemies":"Sphere and 2 Shapes","floor":45,"turns":5},{"damage":0,"enemies":"Jaw Worm Horde","floor":46,"turns":4},{"damage":97,"enemies":"Time Eater","floor":50,"turns":11}],"seed_played":"-4939700510091907353","potions_obtained":[{"floor":1.0,"key":"LiquidMemories"},{"floor":11.0,"key":"EssenceOfSteel"},{"floor":13.0,"key":"ColorlessPotion"},{"floor":14.0,"key":"LiquidBronze"},{"floor":16,"key":"Weak Potion"},{"floor":22,"key":"Fire Potion"},{"floor":29,"key":"Fire Potion"},{"floor":33,"key":"Strength Potion"},{"floor":36,"key":"Swift Potion"},{"floor":41,"key":"AttackPotion"},{"floor":46,"key":"SkillPotion"}],"is_trial":false,"path_per_floor":["M","$","?","?","?","R","M","R","T","M","M","E","M","M","R","B",null,"M","?","$","M","M","R","?","R","T","E","M","E","$","M","R","B",null,"M","?","$","M","$","R","M","R","T","?","M","M","R","?","R","B"],"character_chosen":"THE_SILENT","items_purchased":["Mummified Hand","Escape Plan","Noxious Fumes","Noxious Fumes+1","Lee\u0027s Waffle","TwistedFunnel"],"campfire_rested":1,"item_purchase_floors":[20,20,20,30,30,37],"current_hp_per_floor":[70,70,70,59,59,59,57,57,57,57,54,42,34,24,45,24,70,63,63,63,63,59,59,46,46,46,26,26,9,82,59,59,23,82,82,82,82,82,82,82,82,82,82,72,63,63,63,63,63,0,0],"gold":59,"neow_bonus":"ONE_RANDOM_RARE_CARD","is_daily":false,"chose_seed":false,"campfire_upgraded":9,"win_rate":0.0,"timestamp":1610853660,"path_taken":["M","$","?","?","?","R","?","R","T","M","M","E","M","M","R","BOSS","M","?","$","M","M","R","?","R","T","E","M","E","$","M","R","BOSS","M","?","$","M","$","R","M","R","T","?","M","M","R","?","R","BOSS"],"items_purchased_type":["Relic","Card","Card","Card","Relic","Relic"],"build_version":"2020-12-22","purchased_purges":2,"victory":false,"max_hp_per_floor":[70,70,70,70,70,70,70,70,70,70,70,70,70,70,70,70,70,70,70,70,70,70,70,75,75,75,75,75,75,82,82,82,82,82,82,82,82,82,82,82,82,82,82,82,82,82,82,78,78,78,78],"card_choices":[{"not_picked":["Tactician","Dagger Throw"],"picked":"Backflip","floor":1.0},{"not_picked":["PiercingWail","Distraction"],"picked":"Acrobatics","floor":7.0},{"not_picked":["Masterful Stab","Poisoned Stab"],"picked":"Backflip","floor":10.0},{"not_picked":["Deadly Poison","Glass Knife","Predator"],"picked":"SKIP","floor":11.0},{"not_picked":["Bouncing Flask","Caltrops","Tools of the Trade"],"picked":"SKIP","floor":12.0},{"not_picked":["Dodge and Roll","Outmaneuver","Infinite Blades"],"picked":"SKIP","floor":13.0},{"not_picked":["Caltrops","Blade Dance","Expertise"],"picked":"SKIP","floor":14.0},{"not_picked":["Phantasmal Killer","Unload"],"picked":"After Image","floor":16},{"not_picked":["Outmaneuver","Slice+1"],"picked":"Backflip","floor":18},{"not_picked":["Choke","Underhanded Strike+1","Backflip"],"picked":"SKIP","floor":21},{"not_picked":["Dodge and Roll","Blade Dance"],"picked":"Dagger Throw+1","floor":22},{"not_picked":["Backflip+1","Outmaneuver","Masterful Stab+1"],"picked":"SKIP","floor":27},{"not_picked":["Distraction","Flying Knee+1"],"picked":"Heel Hook","floor":28},{"not_picked":["All Out Attack","Escape Plan+1","Riddle With Holes+1"],"picked":"SKIP","floor":29},{"not_picked":["Outmaneuver","Caltrops+1"],"picked":"Well Laid Plans+1","floor":31},{"not_picked":["Tools of the Trade+1","Wraith Form v2+1"],"picked":"After Image+1","floor":33},{"not_picked":["Deadly Poison+1","Blur"],"picked":"Escape Plan+1","floor":35},{"not_picked":["Deflect+1","Dagger Spray+1"],"picked":"Backstab+1","floor":38},{"not_picked":["Dash+1","All Out Attack+1"],"picked":"Reflex","floor":41},{"not_picked":["Jack Of All Trades","Madness"],"picked":"Mayhem+1","floor":44},{"not_picked":["Panacea","Forethought"],"picked":"Sadistic Nature+1","floor":44},{"not_picked":["Mind Blast","Enlightenment"],"picked":"Dramatic Entrance","floor":44},{"not_picked":["Outmaneuver+1","Dagger Spray+1","Blade Dance+1"],"picked":"SKIP","floor":45},{"not_picked":["Outmaneuver","Deflect","Flying Knee+1"],"picked":"SKIP","floor":46},{"not_picked":["Outmaneuver","Deflect","Flying Knee+1"],"picked":"SKIP","floor":46}],"player_experience":141363,"relics_obtained":[{"floor":9.0,"key":"StrikeDummy"},{"floor":12.0,"key":"WingedGreaves"},{"floor":26,"key":"Centennial Puzzle"},{"floor":27,"key":"Frozen Egg 2"},{"floor":29,"key":"Sundial"},{"floor":36,"key":"Tingsha"},{"floor":43,"key":"Boot"}],"event_choices":[{"cards_removed":["Strike_G"],"damage_healed":0.0,"max_hp_gain":0.0,"max_hp_loss":0.0,"gold_gain":0.0,"event_name":"Living Wall","player_choice":"Forget","floor":3.0,"gold_loss":0.0,"damage_taken":0.0},{"damage_healed":0.0,"max_hp_gain":0.0,"max_hp_loss":0.0,"gold_gain":75.0,"event_name":"World of Goop","player_choice":"Gather Gold","floor":4.0,"gold_loss":0.0,"damage_taken":11.0},{"damage_healed":0.0,"max_hp_gain":0.0,"max_hp_loss":0.0,"gold_gain":100.0,"event_name":"Golden Shrine","player_choice":"Pray","floor":5.0,"gold_loss":0.0,"damage_taken":0.0},{"damage_healed":0,"gold_gain":0,"player_choice":"Ignored","damage_taken":0,"max_hp_gain":0,"max_hp_loss":0,"event_name":"Vampires","floor":19,"gold_loss":0},{"damage_healed":0,"gold_gain":0,"player_choice":"Shed Blood","damage_taken":18,"max_hp_gain":5,"max_hp_loss":0,"event_name":"Forgotten Altar","floor":24,"gold_loss":0},{"damage_healed":0,"gold_gain":0,"player_choice":"Fight","damage_taken":0,"max_hp_gain":0,"max_hp_loss":0,"event_name":"MindBloom","floor":36,"gold_loss":0},{"damage_healed":0,"gold_gain":0,"player_choice":"Memory 3","damage_taken":10,"max_hp_gain":0,"max_hp_loss":0,"event_name":"SensoryStone","floor":44,"gold_loss":0},{"damage_healed":0,"gold_gain":0,"player_choice":"Max HP","damage_taken":0,"max_hp_gain":0,"max_hp_loss":4,"event_name":"Winding Halls","floor":48,"gold_loss":0}],"is_beta":false,"boss_relics":[{"not_picked":["Runic Dome","Calling Bell"],"picked":"Cursed Key"},{"not_picked":["Velvet Choker","Fusion Hammer"],"picked":"Runic Pyramid"}],"items_purged_floors":[20,37],"is_endless":false,"potions_floor_spawned":[1,11,13,14,16,22,29,33,36,41,46],"killed_by":"Time Eater","ascension_level":0}}