{"host":"0fmi5fguj5lvt8pf","time":1610856178,"event":{"mods":["BaseMod","Colored Map","Curses Come First","Downfall","Minty Spire (QoL Compilation)","Permanent Neow","StSLib"],"gold_per_floor":[99,119,130,130,141,171,171,187,187,187,216,230,140,157,171,171,171],"floor_reached":16,"language":"ENG","playtime":1039,"items_purged":["bronze:Defend"],"score":104,"play_id":"3443f486-5f47-4830-b256-731cb5c41c70","local_time":"20210116200258","is_ascension_mode":false,"campfire_choices":[{"data":"bronze:Replicate","floor":1,"key":"SMITH"}],"circlet_count":0,"master_deck":["bronze:Strike","bronze:Strike","bronze:Strike","bronze:Defend","bronze:Defend","bronze:Defend","bronze:Replicate+1","bronze:Goto","bronze:Constructor","bronze:Frontload","bronze:TinkerersToolbox","bronze:Return","bronze:Return","bronze:Hardcode"],"relics":["bronze:BronzeCore","Bag of Marbles","Strawberry","Eternal Feather","downfall:BrokenWingStatue","Odd Mushroom"],"acts_visited":["Exordium"],"potions_floor_usage":[11,15,15],"damage_taken":[{"damage":3,"enemies":"Small Slimes","floor":2,"turns":3},{"damage":0,"enemies":"Cultist","floor":3,"turns":3},{"damage":4,"enemies":"Jaw Worm","floor":5,"turns":4},{"damage":21,"enemies":"Gremlin Nob","floor":6,"turns":5},{"damage":0,"enemies":"3 Louse","floor":8,"turns":4},{"damage":0,"enemies":"The Mushroom Lair","floor":11,"turns":7},{"damage":10,"enemies":"Exordium Thugs","floor":12,"turns":6},{"damage":0,"enemies":"downfall:FleeingMerchant","floor":13,"turns":4},{"damage":0,"enemies":"2 Fungi Beasts","floor":14,"turns":3},{"damage":11,"enemies":"Gremlin Gang","floor":15,"turns":4},{"damage":24,"enemies":"SI_SHIV_ARCHETYPE","floor":16,"turns":10}],"seed_played":"4499461861144085150","potions_obtained":[{"floor":3,"key":"Dexterity Potion"},{"floor":6,"key":"LiquidMemories"},{"floor":11,"key":"DuplicationPotion"},{"floor":14,"key":"bronze:BurnAndBuffPotion"}],"is_trial":false,"path_per_floor":["R","M","M","?","M","E","T","M","?","?","?","M","$","M","M","B"],"character_chosen":"THE_AUTOMATON","items_purchased":[],"campfire_rested":0,"item_purchase_floors":[],"current_hp_per_floor":[70,67,67,67,63,49,49,49,49,49,49,39,39,39,28,4,4],"gold":171,"neow_bonus":"RANDOM_COMMON_RELIC","is_daily":false,"chose_seed":false,"campfire_upgraded":1,"win_rate":0.0,"timestamp":1610856178,"path_taken":["R","M","M","?","M","E","T","?","?","?","?","M","$","?","M","BOSS"],"items_purchased_type":[],"build_version":"2020-12-22","purchased_purges":1,"victory":false,"max_hp_per_floor":[70,70,70,70,70,77,77,77,77,77,77,77,77,77,77,77,77],"card_choices":[{"not_picked":["bronze:DarkDash","bronze:DelayedSlice"],"picked":"bronze:Constructor","floor":2},{"not_picked":["bronze:DelayedSlice","bronze:Deprecate"],"picked":"bronze:Frontload","floor":3},{"not_picked":["bronze:FineTuning","bronze:ChildClass"],"picked":"bronze:TinkerersToolbox","floor":5},{"not_picked":["bronze:BronzeArmor","bronze:Separator","bronze:BuggyMess"],"picked":"SKIP","floor":6},{"not_picked":["bronze:CutThrough","bronze:BuggyMess","bronze:BugBarrage"],"picked":"SKIP","floor":8},{"not_picked":["bronze:OilSpill","bronze:Invalidate"],"picked":"bronze:Return","floor":12},{"not_picked":["bronze:Repair","bronze:ClassDefault"],"picked":"bronze:Return","floor":13},{"not_picked":["bronze:Branch","bronze:Shield"],"picked":"bronze:Hardcode","floor":14},{"not_picked":["bronze:Constructor","bronze:BitShift","bronze:DigitalCarnage"],"picked":"SKIP","floor":15}],"player_experience":1366280,"relics_obtained":[{"floor":6,"key":"Strawberry"},{"floor":7,"key":"Eternal Feather"},{"floor":11,"key":"Odd Mushroom"}],"event_choices":[{"damage_healed":0,"gold_gain":0,"player_choice":"Ignored","damage_taken":0,"max_hp_gain":0,"max_hp_loss":0,"event_name":"NoteForYourself","floor":4,"gold_loss":0},{"damage_healed":0,"gold_gain":0,"player_choice":"Fought Mushrooms","damage_taken":0,"max_hp_gain":0,"max_hp_loss":0,"event_name":"Mushrooms","floor":11,"gold_loss":0}],"is_beta":false,"boss_relics":[],"items_purged_floors":[13],"is_endless":false,"potions_floor_spawned":[3,6,11,14],"killed_by":"SI_SHIV_ARCHETYPE","ascension_level":0}}