{"host":"lnt5dzsuhru0aonl","time":1610883119,"event":{"mods":["2.2 Compatiblity","BaseMod","Colored Map","Colored Powertips","DeckTracker","Keyboard Shortcuts","Minty Spire (QoL Compilation)","Permanent Neow","StSLib","SuperFastMode","everything is the same but u backflip on backflip"],"gold_per_floor":[18,18,18,38,38,38,1,1,1,1,15,63,75,1,1,1,1],"floor_reached":16,"language":"KOR","playtime":313,"items_purged":[],"score":172,"play_id":"7378e17e-3f70-43de-946d-a1aba3de2440","local_time":"20210117203159","is_ascension_mode":true,"campfire_choices":[{"data":"Backflip","floor":6,"key":"SMITH"},{"data":"Tactician","floor":8,"key":"SMITH"},{"data":"Acrobatics","floor":13,"key":"SMITH"},{"data":"Reflex","floor":15,"key":"SMITH"}],"circlet_count":0,"master_deck":["AscendersBane","Strike_G","Strike_G","Strike_G","Strike_G","Defend_G","Defend_G","Defend_G","Defend_G","Defend_G","Survivor","Neutralize","Secret Technique","Backflip+1","Quick Slash","Tactician+1","Acrobatics+1","Reflex+1"],"relics":["Ring of the Snake","Matryoshka","Vajra","MawBank"],"acts_visited":["Exordium"],"potions_floor_usage":[16],"damage_taken":[{"damage":0,"enemies":"Jaw Worm","floor":1,"turns":6},{"damage":3,"enemies":"Cultist","floor":4,"turns":5},{"damage":7,"enemies":"Small Slimes","floor":11,"turns":4},{"damage":55,"enemies":"Slime Boss","floor":16,"turns":9}],"seed_played":"9181557477597846605","potions_obtained":[{"floor":4,"key":"Poison Potion"},{"floor":11,"key":"Dexterity Potion"}],"is_trial":false,"path_per_floor":["M","?","?","M","$","R","$","R","T","$","M","T","R","$","R","B"],"character_chosen":"THE_SILENT","items_purchased":["Tactician","Reflex"],"campfire_rested":0,"item_purchase_floors":[7,14],"current_hp_per_floor":[59,59,64,61,61,61,61,61,61,61,54,54,54,54,54,0,0],"gold":1,"neow_bonus":"RANDOM_COLORLESS_2","is_daily":false,"chose_seed":false,"campfire_upgraded":4,"win_rate":0.0,"timestamp":1610883119,"path_taken":["M","?","?","M","$","R","$","R","T","?","M","?","R","$","R","BOSS"],"items_purchased_type":["Card","Card"],"build_version":"2020-12-22","purchased_purges":0,"victory":false,"max_hp_per_floor":[66,66,71,71,71,71,71,71,71,71,71,71,71,71,71,71,71],"card_choices":[{"not_picked":["The Bomb","Mayhem"],"picked":"Secret Technique","floor":0},{"not_picked":["Flying Knee","Masterful Stab"],"picked":"Backflip","floor":1},{"not_picked":["Backflip","Bane"],"picked":"Quick Slash","floor":4},{"not_picked":["Dagger Spray","Terror"],"picked":"Acrobatics","floor":11}],"player_experience":688847,"relics_obtained":[{"floor":9,"key":"Matryoshka"},{"floor":12,"key":"Vajra"},{"floor":12,"key":"MawBank"}],"event_choices":[{"cards_removed":["Strike_G"],"damage_healed":0,"gold_gain":0,"player_choice":"Forget","damage_taken":0,"max_hp_gain":0,"max_hp_loss":0,"event_name":"Living Wall","floor":2,"gold_loss":0},{"damage_healed":0,"gold_gain":0,"player_choice":"Donut","damage_taken":0,"max_hp_gain":5,"max_hp_loss":0,"event_name":"Big Fish","floor":3,"gold_loss":0}],"is_beta":false,"boss_relics":[],"items_purged_floors":[],"is_endless":false,"potions_floor_spawned":[4,11],"killed_by":"Slime Boss","ascension_level":20}}