{"host":"h4qgcirtxz6qax9j","time":1610863288,"event":{"mods":["AchievementEnabler","Astrologer","BaseMod","Colored Powertips","Minty Spire (QoL Compilation)","StSLib","SuperFastMode","The Cursed"],"gold_per_floor":[111,124,144,144,157,157,185,185,211,211,225,242,293,304,304,401,401,414,424,444,444,444],"floor_reached":21,"language":"KOR","playtime":944,"items_purged":[],"score":185,"play_id":"3c246246-7d4f-47f8-aca5-b2ac370660da","local_time":"20210117150128","is_ascension_mode":false,"campfire_choices":[{"data":"astrologer:Alignment","floor":6.0,"key":"SMITH"},{"floor":8.0,"key":"REST"},{"data":"astrologer:Nova","floor":10.0,"key":"SMITH"},{"floor":15.0,"key":"REST"}],"circlet_count":0,"master_deck":["astrologer:Strike","astrologer:Strike","astrologer:Strike","astrologer:Strike","astrologer:Defend","astrologer:Defend","astrologer:Defend","astrologer:Defend","astrologer:NorthStar","astrologer:TheFool","astrologer:SpaceDust","astrologer:Stardust","astrologer:FrozenStar","astrologer:Alignment+1","astrologer:Nova+1","astrologer:Prismatic","astrologer:Prismatic","astrologer:SpaceDust","astrologer:Stardust+1","astrologer:TheMoon"],"relics":["astrologer:SkyMirror","NeowsBlessing","Bronze Scales","Regal Pillow","Oddly Smooth Stone","Black Star"],"acts_visited":["Exordium","TheCity"],"potions_floor_usage":[20,21],"damage_taken":[{"damage":0.0,"enemies":"Small Slimes","floor":1.0,"turns":1.0},{"damage":0.0,"enemies":"Cultist","floor":2.0,"turns":1.0},{"damage":0.0,"enemies":"2 Louse","floor":3.0,"turns":1.0},{"damage":4.0,"enemies":"2 Fungi Beasts","floor":5.0,"turns":4.0},{"damage":38.0,"enemies":"Lagavulin","floor":7.0,"turns":13.0},{"damage":0.0,"enemies":"3 Louse","floor":11.0,"turns":3.0},{"damage":4.0,"enemies":"Exordium Wildlife","floor":12.0,"turns":3.0},{"damage":2.0,"enemies":"Looter","floor":14.0,"turns":2.0},{"damage":52.0,"enemies":"Slime Boss","floor":16.0,"turns":20.0},{"damage":19,"enemies":"Chosen","floor":18,"turns":5},{"damage":2,"enemies":"3 Byrds","floor":19,"turns":2},{"damage":48,"enemies":"Snecko","floor":20,"turns":10},{"damage":4,"enemies":"Snake Plant","floor":21,"turns":2}],"seed_played":"7566603326457681169","potions_obtained":[{"floor":2.0,"key":"SneckoOil"},{"floor":3.0,"key":"BlessingOfTheForge"},{"floor":11.0,"key":"ColorlessPotion"},{"floor":16.0,"key":"Block Potion"},{"floor":20,"key":"PowerPotion"}],"is_trial":false,"path_per_floor":["M","M","M","?","M","R","E","R","T","R","M","M","T","M","R","B",null,"M","M","M","M"],"character_chosen":"ASTROLOGER","items_purchased":[],"campfire_rested":2,"item_purchase_floors":[],"current_hp_per_floor":[70,70,70,70,66,66,28,49,49,49,49,45,45,43,70,18,70,51,49,1,0,0],"gold":444,"neow_bonus":"THREE_ENEMY_KILL","is_daily":false,"chose_seed":false,"campfire_upgraded":2,"win_rate":0.0,"timestamp":1610863288,"path_taken":["M","M","M","?","M","R","E","R","T","R","M","?","?","M","R","BOSS","M","M","M","M"],"items_purchased_type":[],"build_version":"2020-12-22","purchased_purges":0,"victory":false,"max_hp_per_floor":[70,70,70,70,70,70,70,70,70,70,70,70,70,70,70,70,70,70,70,70,70,70],"card_choices":[{"not_picked":["astrologer:FrozenStar","astrologer:Eclipse"],"picked":"astrologer:SpaceDust","floor":1.0},{"not_picked":["astrologer:Quincunx","astrologer:Temperance"],"picked":"astrologer:Stardust","floor":2.0},{"not_picked":["astrologer:Cataclysm","astrologer:ReadTheStars"],"picked":"astrologer:FrozenStar","floor":3.0},{"not_picked":["astrologer:Shine","astrologer:Still"],"picked":"astrologer:Alignment","floor":5.0},{"not_picked":["astrologer:CometStrike","astrologer:Divination"],"picked":"astrologer:Nova","floor":7.0},{"not_picked":["astrologer:TheHierophant","astrologer:Stardust"],"picked":"astrologer:Prismatic","floor":11.0},{"not_picked":["astrologer:Opposition","astrologer:Radiance"],"picked":"astrologer:Prismatic","floor":12.0},{"not_picked":["astrologer:NeutronStar","astrologer:Conjunction","astrologer:Retelling"],"picked":"SKIP","floor":14.0},{"not_picked":["astrologer:CometStrike","astrologer:TheEmperor+1"],"picked":"astrologer:SpaceDust","floor":18},{"not_picked":["astrologer:Eclipse","astrologer:CometStrike"],"picked":"astrologer:Stardust+1","floor":19},{"not_picked":["astrologer:Retelling","astrologer:SpaceDust"],"picked":"astrologer:TheMoon","floor":20}],"player_experience":59220,"relics_obtained":[{"floor":7.0,"key":"Bronze Scales"},{"floor":9.0,"key":"Regal Pillow"},{"floor":13.0,"key":"Oddly Smooth Stone"}],"event_choices":[{"damage_healed":0.0,"max_hp_gain":0.0,"max_hp_loss":0.0,"gold_gain":0.0,"event_name":"The Woman in Blue","player_choice":"Bought 0 Potions","floor":4.0,"gold_loss":0.0,"damage_taken":0.0}],"is_beta":false,"boss_relics":[{"not_picked":["Sozu","Philosopher\u0027s Stone"],"picked":"Black Star"}],"items_purged_floors":[],"is_endless":false,"potions_floor_spawned":[2,3,11,12,16,20],"killed_by":"Snake Plant","ascension_level":0}}