{"host":"kw4o7b3ro2ktmmbe","time":1610889633,"event":{"mods":["BaseMod","Evolution","Minty Spire (QoL Compilation)","StSLib"],"gold_per_floor":[99,99,99,99,99,99,99,99,99,99,99,99,99,99,99,99,99,0,0,0,0,0,0],"floor_reached":22,"language":"ENG","playtime":1361,"items_purged":[],"score":329,"play_id":"91c8dacb-d23d-4b56-a539-230a9b41dbe4","local_time":"20210118022033","is_ascension_mode":true,"campfire_choices":[{"data":"ForeignInfluence","floor":10.0,"key":"SMITH"},{"data":"Eruption","floor":12.0,"key":"SMITH"},{"floor":15.0,"key":"REST"}],"circlet_count":0,"master_deck":["AscendersBane","SashWhip","SashWhip+1","Strike_P","Strike_P","Defend_P","Defend_P","Defend_P","Defend_P+1","Eruption+1","Vigilance","Consecrate","Nirvana","ForeignInfluence+1","Consecrate","DevaForm","SandsOfTime","Study+1"],"relics":["EVO:Axolotl","Ectoplasm","White Beast Statue","Odd Mushroom","SacredBark"],"acts_visited":["Exordium","TheCity"],"potions_floor_usage":[21,21],"damage_taken":[{"damage":0.0,"enemies":"Small Slimes","floor":1.0,"turns":2.0},{"damage":1.0,"enemies":"Jaw Worm","floor":5.0,"turns":3.0},{"damage":3.0,"enemies":"2 Louse","floor":6.0,"turns":3.0},{"damage":0.0,"enemies":"2 Fungi Beasts","floor":7.0,"turns":2.0},{"damage":0.0,"enemies":"3 Louse","floor":11.0,"turns":1.0},{"damage":12.0,"enemies":"Exordium Thugs","floor":13.0,"turns":4.0},{"damage":8.0,"enemies":"The Mushroom Lair","floor":14.0,"turns":4.0},{"damage":30.0,"enemies":"Hexaghost","floor":16.0,"turns":10.0},{"damage":23.0,"enemies":"2 Thieves","floor":18.0,"turns":5.0},{"damage":20.0,"enemies":"Chosen","floor":20.0,"turns":6.0},{"damage":18,"enemies":"Snake Plant","floor":21,"turns":6},{"damage":50,"enemies":"3 Cultists","floor":22,"turns":4}],"seed_played":"8403004397213953088","potions_obtained":[{"floor":7.0,"key":"DistilledChaos"},{"floor":11.0,"key":"Fruit Juice"},{"floor":13.0,"key":"Regen Potion"},{"floor":14.0,"key":"SkillPotion"},{"floor":16.0,"key":"Regen Potion"},{"floor":18.0,"key":"Dexterity Potion"},{"floor":21,"key":"LiquidBronze"}],"is_trial":false,"path_per_floor":["M","?","?","?","M","M","M","?","T","R","M","R","M","?","R","B",null,"M","?","M","M","M"],"character_chosen":"WATCHER","items_purchased":[],"campfire_rested":1,"item_purchase_floors":[],"current_hp_per_floor":[61,41,41,46,45,42,42,42,42,42,47,47,35,27,50,35,67,44,44,24,46,0,0],"gold":0,"neow_bonus":"BOSS_RELIC","is_daily":false,"chose_seed":false,"campfire_upgraded":2,"win_rate":0.0,"timestamp":1610889633,"path_taken":["M","?","?","?","?","M","M","?","T","R","M","R","M","?","R","BOSS","M","?","M","M","M"],"items_purchased_type":[],"build_version":"2020-12-22","purchased_purges":0,"victory":false,"max_hp_per_floor":[68,68,68,73,73,73,73,73,73,73,78,78,78,78,78,78,78,78,78,78,78,78,78],"card_choices":[{"not_picked":["ThirdEye","FlurryOfBlows"],"picked":"Consecrate","floor":1.0},{"not_picked":["FlurryOfBlows","EmptyFist"],"picked":"Nirvana","floor":5.0},{"not_picked":["FlyingSleeves","CrushJoints","Crescendo"],"picked":"SKIP","floor":6.0},{"not_picked":["Protect","Alpha"],"picked":"ForeignInfluence","floor":7.0},{"not_picked":["FlurryOfBlows","SignatureMove","Swivel"],"picked":"SKIP","floor":11.0},{"not_picked":["CarveReality","Pray","Evaluate"],"picked":"SKIP","floor":13.0},{"not_picked":["SashWhip","CrushJoints"],"picked":"Consecrate","floor":14.0},{"not_picked":["Scrawl","ConjureBlade"],"picked":"DevaForm","floor":16.0},{"not_picked":["Prostrate","CrushJoints+1"],"picked":"SandsOfTime","floor":18.0},{"not_picked":["SashWhip","MentalFortress"],"picked":"Study+1","floor":20.0},{"not_picked":["JustLucky","Pray","CrushJoints"],"picked":"SKIP","floor":21}],"player_experience":1807855,"relics_obtained":[{"floor":9.0,"key":"White Beast Statue"},{"floor":14.0,"key":"Odd Mushroom"}],"event_choices":[{"damage_healed":0.0,"max_hp_gain":0.0,"max_hp_loss":0.0,"gold_gain":0.0,"event_name":"Shining Light","player_choice":"Entered Light","floor":2.0,"gold_loss":0.0,"damage_taken":20.0,"cards_upgraded":["SashWhip","Defend_P"]},{"damage_healed":0.0,"max_hp_gain":0.0,"max_hp_loss":0.0,"gold_gain":0.0,"event_name":"Golden Idol","player_choice":"Ignored","floor":3.0,"gold_loss":0.0,"damage_taken":0.0},{"damage_healed":0.0,"max_hp_gain":5.0,"max_hp_loss":0.0,"gold_gain":0.0,"event_name":"Big Fish","player_choice":"Donut","floor":4.0,"gold_loss":0.0,"damage_taken":0.0},{"damage_healed":0.0,"max_hp_gain":0.0,"max_hp_loss":0.0,"gold_gain":64.0,"event_name":"Golden Wing","player_choice":"Gained Gold","floor":8.0,"gold_loss":0.0,"damage_taken":0.0},{"damage_healed":0.0,"max_hp_gain":0.0,"max_hp_loss":0.0,"gold_gain":0.0,"event_name":"Mushrooms","player_choice":"Fought Mushrooms","floor":14.0,"gold_loss":0.0,"damage_taken":0.0},{"damage_healed":0.0,"max_hp_gain":0.0,"max_hp_loss":0.0,"gold_gain":0.0,"event_name":"Ghosts","player_choice":"Ignored","floor":19.0,"gold_loss":0.0,"damage_taken":0.0}],"is_beta":false,"boss_relics":[{"not_picked":["Busted Crown","Philosopher\u0027s Stone"],"picked":"SacredBark"}],"items_purged_floors":[],"is_endless":false,"potions_floor_spawned":[7,11,13,14,16,18,20,21],"killed_by":"3 Cultists","ascension_level":17}}