{"host":"ktoxvvst1mwxww91","time":1610879560,"event":{"mods":["BaseMod","Hermit","Minty Spire (QoL Compilation)","StSLib","The Blackbeard","The Hierophant","The Mystic","The Necromancer"],"gold_per_floor":[106,31,50,25,100,100,100,133,133,153,153,153,153,173,173,219,219,213,64,47,82,90,119,119,134,183,183,177,177,177,190,190,166,166],"floor_reached":33,"language":"ENG","playtime":1034,"items_purged":["hierophant:Strike_Hierophant","Parasite"],"score":529,"play_id":"3608dee6-1b7c-4d1d-a87c-bcd769e01143","local_time":"20210117113240","is_ascension_mode":true,"campfire_choices":[{"data":"hierophant:Anathema","floor":6,"key":"SMITH"},{"floor":11,"key":"REST"},{"data":"hierophant:MorningPrayer","floor":13,"key":"SMITH"},{"data":"hierophant:Smite","floor":15,"key":"SMITH"},{"floor":24,"key":"REST"},{"floor":27,"key":"REST"},{"data":"hierophant:PristineSoul","floor":32,"key":"SMITH"}],"circlet_count":0,"master_deck":["AscendersBane","hierophant:Strike_Hierophant","hierophant:Punish","hierophant:Defend_Hierophant","hierophant:Defend_Hierophant","hierophant:Defend_Hierophant","hierophant:Defend_Hierophant","hierophant:ChurchCoffers","hierophant:Anathema+1","hierophant:ThreeLashes","hierophant:Flagellation","hierophant:Shelter","hierophant:MorningPrayer+1","hierophant:FieryStrike","hierophant:Smite+1","hierophant:DivineIntervention","hierophant:OrnateBuckler","hierophant:Smite","hierophant:Martyrdom","hierophant:FieryStrike","hierophant:Kindle","hierophant:Blessing","hierophant:PristineSoul+1","hierophant:Cornucopia","hierophant:PristineSoul"],"relics":["hierophant:PropheticMaskRelic","Thread and Needle","Matryoshka","Bottled Flame","Black Star","Red Mask","Gremlin Horn","Incense Burner","Bronze Scales","WingedGreaves","Toy Ornithopter","Nunchaku"],"acts_visited":["Exordium","TheCity"],"potions_floor_usage":[14,20,23],"damage_taken":[{"damage":3,"enemies":"Small Slimes","floor":1,"turns":5},{"damage":8,"enemies":"2 Louse","floor":3,"turns":2},{"damage":19,"enemies":"3 Sentries","floor":8,"turns":9},{"damage":3,"enemies":"Jaw Worm","floor":10,"turns":3},{"damage":0,"enemies":"Gremlin Nob","floor":14,"turns":3},{"damage":27,"enemies":"The Guardian","floor":16,"turns":9},{"damage":8,"enemies":"Shell Parasite","floor":18,"turns":5},{"damage":18,"enemies":"2 Thieves","floor":20,"turns":2},{"damage":12,"enemies":"Masked Bandits","floor":21,"turns":5},{"damage":0,"enemies":"Cultist and Chosen","floor":22,"turns":4},{"damage":22,"enemies":"Book of Stabbing","floor":23,"turns":4},{"damage":17,"enemies":"Slavers","floor":25,"turns":7},{"damage":1,"enemies":"Centurion and Healer","floor":28,"turns":5},{"damage":0,"enemies":"Sentry and Sphere","floor":31,"turns":2},{"damage":73,"enemies":"Collector","floor":33,"turns":7}],"seed_played":"-2402860006658844116","potions_obtained":[{"floor":8,"key":"DuplicationPotion"},{"floor":18,"key":"SkillPotion"},{"floor":22,"key":"SteroidPotion"},{"floor":28,"key":"GamblersBrew"}],"is_trial":false,"path_per_floor":["M","$","M","$","?","R","?","E","T","M","R","?","R","E","R","B",null,"M","$","M","?","M","E","R","E","T","R","M","?","?","M","R","B"],"character_chosen":"HIEROPHANT","items_purchased":["hierophant:Shelter","hierophant:Smite"],"campfire_rested":3,"item_purchase_floors":[4,19],"current_hp_per_floor":[65,65,57,57,46,46,51,32,32,29,53,73,73,73,73,46,72,64,64,46,34,34,12,35,18,18,41,40,40,40,47,47,0,0],"gold":166,"neow_bonus":"TRANSFORM_CARD","is_daily":false,"chose_seed":false,"campfire_upgraded":4,"win_rate":0.0,"timestamp":1610879560,"path_taken":["M","$","M","$","?","R","?","E","T","M","R","?","R","E","R","BOSS","M","$","M","?","M","E","R","E","T","R","M","?","?","?","R","BOSS"],"items_purchased_type":["Card","Card"],"build_version":"2020-12-22","purchased_purges":2,"victory":false,"max_hp_per_floor":[75,75,75,75,75,75,80,80,80,80,80,80,80,80,80,80,80,80,77,77,77,77,77,77,77,77,77,77,77,77,77,77,77,77],"card_choices":[{"not_picked":["hierophant:Remorse","hierophant:SealAway"],"picked":"hierophant:ThreeLashes","floor":1},{"not_picked":["hierophant:Sermon","hierophant:Remorse"],"picked":"hierophant:Flagellation","floor":3},{"not_picked":["hierophant:EyeForCoin","hierophant:DisplayOfPower"],"picked":"hierophant:MorningPrayer","floor":8},{"not_picked":["hierophant:FlamingChariot","hierophant:DisplayOfPower"],"picked":"hierophant:FieryStrike","floor":10},{"not_picked":["hierophant:AuricBeam","hierophant:HammerAndAnvil"],"picked":"hierophant:Smite","floor":14},{"not_picked":["hierophant:Generosity","hierophant:Batter"],"picked":"hierophant:DivineIntervention","floor":16},{"not_picked":["hierophant:FlamingChariot","hierophant:DisplayOfPower"],"picked":"hierophant:OrnateBuckler","floor":18},{"not_picked":["hierophant:MirrorShield","hierophant:ConvertCurrency","hierophant:Doomsaying"],"picked":"SKIP","floor":20},{"not_picked":["hierophant:Prophecy","hierophant:HammerAndAnvil"],"picked":"hierophant:Martyrdom","floor":21},{"not_picked":["hierophant:Generosity","hierophant:Sermon+1"],"picked":"hierophant:FieryStrike","floor":22},{"not_picked":["hierophant:Purify","hierophant:Embezzle","hierophant:Generosity"],"picked":"SKIP","floor":23},{"not_picked":["hierophant:Doomsaying","hierophant:DivineIntervention"],"picked":"hierophant:Kindle","floor":25},{"not_picked":["hierophant:DisplayOfPower+1","hierophant:Shelter"],"picked":"hierophant:Blessing","floor":28},{"not_picked":["hierophant:Bribe","hierophant:AuricBeam"],"picked":"hierophant:PristineSoul","floor":31}],"player_experience":1013001,"relics_obtained":[{"floor":8,"key":"Thread and Needle"},{"floor":9,"key":"Matryoshka"},{"floor":14,"key":"Bottled Flame"},{"floor":21,"key":"Red Mask"},{"floor":23,"key":"Gremlin Horn"},{"floor":23,"key":"Incense Burner"},{"floor":25,"key":"Bronze Scales"},{"floor":25,"key":"WingedGreaves"},{"floor":26,"key":"Toy Ornithopter"},{"floor":26,"key":"Nunchaku"}],"event_choices":[{"damage_healed":0,"gold_gain":75,"player_choice":"Gather Gold","damage_taken":11,"max_hp_gain":0,"max_hp_loss":0,"event_name":"World of Goop","floor":5,"gold_loss":0},{"damage_healed":0,"gold_gain":0,"player_choice":"Donut","damage_taken":0,"max_hp_gain":5,"max_hp_loss":0,"event_name":"Big Fish","floor":7,"gold_loss":0},{"damage_healed":20,"gold_gain":0,"player_choice":"Healed and dodged fight","damage_taken":0,"max_hp_gain":0,"max_hp_loss":0,"event_name":"Mushrooms","floor":12,"gold_loss":0,"cards_obtained":["Parasite"]},{"damage_healed":0,"gold_gain":0,"player_choice":"Fought Bandits","damage_taken":0,"max_hp_gain":0,"max_hp_loss":0,"event_name":"Masked Bandits","floor":21,"gold_loss":0},{"damage_healed":0,"gold_gain":0,"player_choice":"Read","damage_taken":0,"max_hp_gain":0,"max_hp_loss":0,"event_name":"The Library","floor":29,"gold_loss":0,"cards_obtained":["hierophant:PristineSoul"]},{"damage_healed":0,"gold_gain":0,"cards_transformed":["hierophant:Strike_Hierophant"],"player_choice":"Transformed","damage_taken":0,"max_hp_gain":0,"max_hp_loss":0,"event_name":"Transmorgrifier","floor":30,"gold_loss":0,"cards_obtained":["hierophant:Cornucopia"]}],"is_beta":false,"boss_relics":[{"not_picked":["Velvet Choker","SacredBark"],"picked":"Black Star"}],"items_purged_floors":[2,19],"is_endless":false,"potions_floor_spawned":[8,18,22,28],"killed_by":"Collector","ascension_level":11}}