{"host":"wad60ubd84l8p1x5","time":1610875507,"event":{"mods":["AchievementEnabler","BaseMod","Colored Map","Minty Spire (QoL Compilation)","StSLib","SuperFastMode"],"gold_per_floor":[115,133,133,133,143,175,350,228,228,228,228,246,246,263,263,367,367,382,9,9,19,29,29,29,29],"floor_reached":24,"language":"KOR","playtime":873,"items_purged":["Strike_B","Strike_B"],"score":271,"play_id":"c8bb68b4-f7c5-4d13-be53-18a3c9364c63","local_time":"20210117182507","is_ascension_mode":false,"campfire_choices":[{"data":"1","floor":11,"key":"LIFT"},{"data":"2","floor":13,"key":"LIFT"},{"data":"Reboot","floor":15,"key":"SMITH"},{"data":"Creative AI","floor":23,"key":"SMITH"}],"circlet_count":0,"master_deck":["Strike_B","Strike_B","Defend_B","Defend_B","Defend_B","Defend_B","Zap+1","Dualcast","Beam Cell","Cold Snap+1","Reboot+1","Compile Driver","Doubt","Streamline","Ball Lightning","Consume","Creative AI+1","Coolheaded","Conserve Battery","RitualDagger","Leap+1","Redo"],"relics":["Cracked Core","NeowsBlessing","Mango","Girya","Nuclear Battery","Kunai"],"acts_visited":["Exordium","TheCity"],"potions_floor_usage":[12,16],"damage_taken":[{"damage":0,"enemies":"Jaw Worm","floor":1,"turns":1},{"damage":0,"enemies":"2 Louse","floor":2,"turns":1},{"damage":0,"enemies":"Cultist","floor":5,"turns":1},{"damage":33,"enemies":"Lagavulin","floor":6,"turns":6},{"damage":6,"enemies":"3 Louse","floor":12,"turns":3},{"damage":5,"enemies":"Looter","floor":14,"turns":2},{"damage":0,"enemies":"Slime Boss","floor":16,"turns":4},{"damage":3,"enemies":"Chosen","floor":18,"turns":4},{"damage":6,"enemies":"3 Byrds","floor":21,"turns":6},{"damage":9,"enemies":"Snecko","floor":22,"turns":5},{"damage":81,"enemies":"Gremlin Leader","floor":24,"turns":8}],"seed_played":"5288723341836600880","potions_obtained":[{"floor":1,"key":"FocusPotion"},{"floor":4,"key":"Regen Potion"},{"floor":4,"key":"Strength Potion"},{"floor":12,"key":"ColorlessPotion"},{"floor":16,"key":"Energy Potion"}],"is_trial":false,"path_per_floor":["M","M","?","?","M","E","?","$","T","?","R","M","R","M","R","B",null,"M","$","?","M","M","R","E"],"character_chosen":"DEFECT","items_purchased":["Streamline","Conserve Battery","Kunai"],"campfire_rested":0,"item_purchase_floors":[8,19,19],"current_hp_per_floor":[75,75,80,80,80,61,61,61,61,42,42,45,45,40,40,40,94,91,91,85,79,70,70,0,0],"gold":29,"neow_bonus":"THREE_ENEMY_KILL","is_daily":false,"chose_seed":false,"campfire_upgraded":2,"win_rate":0.0,"timestamp":1610875507,"path_taken":["M","M","?","?","?","E","?","$","T","?","R","M","R","M","R","BOSS","M","$","?","M","M","R","E"],"items_purchased_type":["Card","Card","Relic"],"build_version":"2020-12-22","purchased_purges":2,"victory":false,"max_hp_per_floor":[75,75,80,80,80,94,94,94,94,94,94,94,94,94,94,94,94,94,94,94,94,94,94,94,94],"card_choices":[{"not_picked":["Rip and Tear","Rebound"],"picked":"Beam Cell","floor":1},{"not_picked":["Turbo","Chaos"],"picked":"Cold Snap","floor":2},{"not_picked":["Gash","Cold Snap"],"picked":"Reboot","floor":5},{"not_picked":["Barrage","Undo"],"picked":"Compile Driver","floor":6},{"not_picked":["Rebound","Barrage"],"picked":"Ball Lightning","floor":12},{"not_picked":["Heatsinks","Fusion"],"picked":"Consume","floor":14},{"not_picked":["Echo Form","Reboot"],"picked":"Creative AI","floor":16},{"not_picked":["Beam Cell","Reprogram"],"picked":"Coolheaded","floor":18},{"not_picked":["Barrage+1","Steam"],"picked":"Leap+1","floor":21},{"not_picked":["Hologram","FTL+1"],"picked":"Redo","floor":22}],"player_experience":86832,"relics_obtained":[{"floor":6,"key":"Mango"},{"floor":9,"key":"Girya"}],"event_choices":[{"damage_healed":0,"gold_gain":0,"player_choice":"Donut","damage_taken":0,"max_hp_gain":5,"max_hp_loss":0,"event_name":"Big Fish","floor":3,"gold_loss":0},{"damage_healed":0,"gold_gain":0,"player_choice":"Got Potions","damage_taken":0,"max_hp_gain":0,"max_hp_loss":0,"event_name":"Lab","floor":4,"gold_loss":0},{"damage_healed":0,"gold_gain":175,"player_choice":"AGREE","damage_taken":0,"max_hp_gain":0,"max_hp_loss":0,"event_name":"Liars Game","floor":7,"gold_loss":0,"cards_obtained":["Doubt"]},{"damage_healed":0,"gold_gain":0,"player_choice":"Entered Light","damage_taken":19,"max_hp_gain":0,"max_hp_loss":0,"event_name":"Shining Light","floor":10,"gold_loss":0,"cards_upgraded":["Zap","Cold Snap"]},{"damage_healed":0,"gold_gain":0,"player_choice":"Joined the Cult","damage_taken":6,"max_hp_gain":0,"max_hp_loss":0,"event_name":"Nest","floor":20,"gold_loss":0,"cards_obtained":["RitualDagger"]}],"is_beta":false,"boss_relics":[{"not_picked":["FrozenCore","Black Star"],"picked":"Nuclear Battery"}],"items_purged_floors":[8,19],"is_endless":false,"potions_floor_spawned":[1,12,14,16,21],"killed_by":"Gremlin Leader","ascension_level":0}}