{"host":"3oowddqpmj34xmzc","time":1610858930,"event":{"mods":["100% Spire Juice","2.2 Compatiblity","Act Like it!","Arknights The Spire","Aspiration","BaseMod","Better Third Choice","CapriCore","Conspire","Gensokyo","Gold Saver","Gremlin Mod","GungeonMod","Hallownest","Hermit","Koishi","Marisa£®ÏF”Í°°ƒß¿Ì…≥£©","Minty Spire (QoL Compilation)","Pale of the Ancients","Reimu£®≤©¿ˆ¡È√Œ£©","Relic Stats","Remilia£®¿Ÿ√◊¿Ú—«£©","Replay The Spire","Robot Space Explorer","Spicy Shops","StSLib","The Construct","The Gatherer","The Immortal","The Marked","The Poker Player","The Servant 0.9.4","The Vixen","WarShipGirlsR/’ΩΩ¢…Ÿ≈ÆR mod","Yakumo Yukari mod","Youmu£®ªÍ∆«—˝√Œ£©","Yuyuko","[GremlinLeader]The Maniac"],"gold_per_floor":[522,42,42,67,85,121,121,121,121,134,134,159,183,183,183,308,308,328,343,694,694,707,707,324,338,338,382,398,323,323,339,339,458,458,471,471,471,210,229,229,248,42,42,78,96,24,68,68,68,68,83,104,20,20,20,43,43,67,67,67],"floor_reached":61,"language":"ZHS","playtime":3478,"items_purged":["Moonworks:Strike","Moonworks:Strike","Moonworks:LongDistanceShot"],"score":1460,"play_id":"3fa0aef1-d6d1-4b35-b750-57a7cb7309da","local_time":"20210117124850","is_ascension_mode":false,"campfire_choices":[{"data":"Moonworks:IndiscriminateFireSupport","floor":8,"key":"SMITH"},{"data":"Moonworks:RagingMadness","floor":11,"key":"SMITH"},{"data":"Moonworks:Strike","floor":15,"key":"PURGE"},{"data":"Apotheosis","floor":23,"key":"SMITH"},{"data":"Moonworks:CrystalBarrier","floor":30,"key":"SMITH"},{"data":"Moonworks:NicePresent","floor":32,"key":"SMITH"},{"data":"Moonworks:StiffCrystal","floor":40,"key":"SMITH"},{"floor":49,"key":"REST"},{"data":"Moonworks:SinkOrSwim","floor":55,"key":"SMITH"},{"floor":57,"key":"REST"}],"circlet_count":0,"master_deck":["Moonworks:Defend","Moonworks:Defend","Moonworks:Defend","Moonworks:Defend","Moonworks:EvilSpyWorkPreparation","Moonworks:x16BigRocket","Moonworks:LulusLuckyEgg","Moonworks:SinkOrSwim+1","Moonworks:CrystalBarrier+1","Moonworks:Poppoformation","Moonworks:BindingChains","Apotheosis+1","Moonworks:x16BigRocket","Moonworks:StiffCrystal+1","Moonworks:NicePresent+1","Moonworks:SakisCookie+1","Moonworks:NicePresent","Moonworks:IndiscriminateFireSupport","Moonworks:NicePresent","Footwork","Envenom","Choke","Moonworks:CompletionReward","Moonworks:NicePresent","Parasite","Moonworks:SweetBattle+1","Moonworks:BindingChains+1","Moonworks:AngelHand","Moonworks:LulusLuckyEgg+1","Moonworks:LulusLuckyEgg+1"],"relics":["Moonworks:BrokenBomb","Moonworks:Homemark","NeowsBlessing","DemoMod:Metronome","TungstenRod","Golden Idol","DemoMod:Junk","ChewingGum","Bag of Preparation","conspire:TopHat","aspiration:RitualStick","SacredBark","aspiration:Nostalgia","construct:Cogwheel","Moonworks:GoldenDie","DemoMod:RingOfEthereal","paleoftheancients:Timepiece","Letter Opener","CultistMask","paleoftheancients:SoulOfTheShowman","paleoftheancients:SoulOfTheThorton","Pantograph","DemoMod:PoisonVial"],"acts_visited":["Exordium","TheCity","TheBeyond","paleoftheancients:PaleOfTheAncients"],"potions_floor_usage":[6,16,22,24,24,27,42,50,50],"damage_taken":[{"damage":0,"enemies":"Small Slimes","floor":1,"turns":1},{"damage":0,"enemies":"Jaw Worm","floor":4,"turns":1},{"damage":0,"enemies":"conspire:RoseBush","floor":5,"turns":1},{"damage":21,"enemies":"Gremlin Nob","floor":6,"turns":5},{"damage":0,"enemies":"Gremlin Gang","floor":10,"turns":1},{"damage":0,"enemies":"3 Louse","floor":12,"turns":2},{"damage":0,"enemies":"Exordium Thugs","floor":13,"turns":2},{"damage":30,"enemies":"Fading Forest","floor":16,"turns":11},{"damage":8,"enemies":"conspire:FuzzyDice","floor":18,"turns":11},{"damage":1,"enemies":"Chosen","floor":19,"turns":8},{"damage":0,"enemies":"Centurion and Healer","floor":22,"turns":8},{"damage":0,"enemies":"Cultist and Chosen","floor":25,"turns":9},{"damage":0,"enemies":"Gremlin Leader","floor":27,"turns":12},{"damage":0,"enemies":"Snake Plant","floor":28,"turns":6},{"damage":0,"enemies":"Chosen and Byrds","floor":31,"turns":7},{"damage":0,"enemies":"Automaton","floor":33,"turns":12},{"damage":0,"enemies":"Orb Walker","floor":35,"turns":5},{"damage":0,"enemies":"3 Shapes","floor":39,"turns":3},{"damage":0,"enemies":"Spire Growth","floor":41,"turns":5},{"damage":1,"enemies":"Reptomancer","floor":42,"turns":5},{"damage":28,"enemies":"Nemesis","floor":44,"turns":7},{"damage":1,"enemies":"Writhing Mass","floor":45,"turns":4},{"damage":0,"enemies":"R_Hoarder","floor":47,"turns":7},{"damage":4,"enemies":"Awakened One","floor":50,"turns":14},{"damage":50,"enemies":"Awakened One","floor":51,"turns":8},{"damage":0,"enemies":"Awakened One","floor":52,"turns":8},{"damage":0,"enemies":"paleoftheancients:Thorton3","floor":53,"turns":3},{"damage":46,"enemies":"paleoftheancients:Thorton3","floor":56,"turns":9},{"damage":169,"enemies":"paleoftheancients:N","floor":60,"turns":19}],"seed_played":"-3778858442198855514","potions_obtained":[{"floor":5,"key":"EssenceOfSteel"},{"floor":12,"key":"SteroidPotion"},{"floor":13,"key":"LifebloodPotion"},{"floor":19,"key":"Swift Potion"},{"floor":22,"key":"Elixir"},{"floor":25,"key":"Energy Potion"},{"floor":31,"key":"FearPotion"},{"floor":39,"key":"Energy Potion"},{"floor":47,"key":"Weak Potion"}],"is_trial":false,"path_per_floor":["M","$","?","M","M","E","?","R","T","M","R","M","M","?","R","B",null,"M","M","$","?","M","R","$","M","T","E","M","?","R","M","R","B",null,"M","?","?","$","M","R","M","E","T","E","M","$","E","?","R","B","M","M","M","T","R","M","R","T","?","B",null],"character_chosen":"THE_STARBREAKER","items_purchased":["DemoMod:Metronome","Moonworks:RagingMadness","TungstenRod","Apotheosis","Bag of Preparation","conspire:TopHat","Moonworks:FinalSurgery","Moonworks:x16BigRocket","Fruit Juice","Moonworks:NicePresent","Moonworks:CompletionReward","aspiration:Nostalgia","Moonworks:GoldenDie"],"campfire_rested":2,"item_purchase_floors":[2,2,2,20,20,20,20,20,24,24,38,38,46],"current_hp_per_floor":[60,60,46,46,46,25,25,25,25,25,25,25,25,25,25,25,60,52,51,51,40,40,40,50,50,50,53,56,56,56,59,59,62,70,70,70,70,70,70,70,70,69,69,42,44,44,53,53,70,70,47,65,70,70,70,53,70,70,70,70],"gold":67,"neow_bonus":"THREE_ENEMY_KILL","is_daily":false,"chose_seed":false,"campfire_upgraded":7,"win_rate":0.0,"timestamp":1610858930,"path_taken":["M","$","?","M","M","E","?","R","T","?","R","?","M","?","R","BOSS","M","M","$","?","M","R","$","M","T","E","M","?","R","M","R","BOSS","M","?","?","$","M","R","M","E","T","E","M","$","E","?","R","BOSS","M","M","?","T","R","M","R","T","?","BOSS"],"items_purchased_type":["Relic","Card","Relic","Card","Relic","Relic","Card","Card","Potion","Card","Card","Relic","Relic"],"build_version":"2020-12-22","purchased_purges":3,"victory":true,"max_hp_per_floor":[60,60,60,60,60,60,60,60,60,60,60,60,60,60,60,60,60,60,60,60,60,60,60,70,70,70,70,70,70,70,70,70,70,70,70,70,70,70,70,70,70,70,70,70,70,70,70,70,70,70,70,70,70,70,70,70,70,70,70,70],"relic_stats":{"counters":[29,194],"Golden Idol":215,"Pantograph":0,"Bag of Preparation":[38],"Letter Opener":[428],"obtain_stats":[{"DemoMod:PoisonVial":58,"Moonworks:GoldenDie":46,"SacredBark":34,"DemoMod:GlassGuonStoneRelic":4,"Bag of Preparation":20,"conspire:TopHat":20,"aspiration:RitualStick":21,"DemoMod:Metronome":2,"Pantograph":54,"DemoMod:Junk":9,"NeowsBlessing":0,"Golden Idol":3,"aspiration:Nostalgia":38,"Letter Opener":50,"paleoftheancients:Timepiece":50,"Moonworks:Homemark":0,"construct:Cogwheel":38,"ChewingGum":17,"DemoMod:SerJunkan":6,"CultistMask":50,"paleoftheancients:SoulOfTheThorton":53,"DemoMod:RingOfEthereal":47,"TungstenRod":2,"paleoftheancients:SoulOfTheShowman":51,"Moonworks:BrokenBomb":0},{"DemoMod:PoisonVial":28,"Moonworks:GoldenDie":22,"SacredBark":16,"DemoMod:GlassGuonStoneRelic":2,"Bag of Preparation":10,"conspire:TopHat":10,"aspiration:RitualStick":10,"DemoMod:Metronome":1,"Pantograph":27,"DemoMod:Junk":4,"NeowsBlessing":0,"Golden Idol":1,"aspiration:Nostalgia":17,"Letter Opener":24,"paleoftheancients:Timepiece":24,"Moonworks:Homemark":0,"construct:Cogwheel":17,"ChewingGum":8,"DemoMod:SerJunkan":4,"CultistMask":24,"paleoftheancients:SoulOfTheThorton":27,"DemoMod:RingOfEthereal":23,"TungstenRod":1,"paleoftheancients:SoulOfTheShowman":25,"Moonworks:BrokenBomb":0},{"DemoMod:PoisonVial":175,"Moonworks:GoldenDie":126,"SacredBark":97,"DemoMod:GlassGuonStoneRelic":2,"Bag of Preparation":43,"conspire:TopHat":43,"aspiration:RitualStick":43,"DemoMod:Metronome":1,"Pantograph":166,"DemoMod:Junk":8,"NeowsBlessing":0,"Golden Idol":1,"aspiration:Nostalgia":102,"Letter Opener":147,"paleoftheancients:Timepiece":147,"Moonworks:Homemark":0,"construct:Cogwheel":102,"ChewingGum":24,"DemoMod:SerJunkan":8,"CultistMask":147,"paleoftheancients:SoulOfTheThorton":166,"DemoMod:RingOfEthereal":133,"TungstenRod":1,"paleoftheancients:SoulOfTheShowman":155,"Moonworks:BrokenBomb":0}],"TungstenRod":44,"aspiration:RitualStick":[0]},"card_choices":[{"not_picked":["Moonworks:Flamethrower","Moonworks:BigMagnum"],"picked":"Moonworks:IndiscriminateFireSupport","floor":1},{"not_picked":["Moonworks:LulusLuckyEgg","Moonworks:NicePresent"],"picked":"Moonworks:EvilSpyWorkPreparation","floor":4},{"not_picked":["Moonworks:Dinner","Moonworks:BigMagnum"],"picked":"Moonworks:x16BigRocket","floor":5},{"not_picked":["Moonworks:StiffCrystal","Moonworks:MixPhenomenon","Moonworks:ReproductionOfRecords"],"picked":"SKIP","floor":6},{"not_picked":["Moonworks:LulusLuckyEgg","Moonworks:Heat300Percent"],"picked":"Moonworks:SinkOrSwim","floor":10},{"not_picked":["Moonworks:CloudOfSeagulls","Moonworks:JonathanRush","Moonworks:WindyEnchantment"],"picked":"SKIP","floor":12},{"not_picked":["Moonworks:EvilSpyWorkPreparation","Moonworks:ImOnFire","Moonworks:CastOff"],"picked":"SKIP","floor":13},{"not_picked":["Moonworks:AnotherUltimateWeapon","Moonworks:RocketCannon"],"picked":"Moonworks:CrystalBarrier","floor":16},{"not_picked":["Moonworks:IndiscriminateFireSupport","Moonworks:NicePresent"],"picked":"Moonworks:Poppoformation","floor":18},{"not_picked":["Moonworks:Assault","Moonworks:CloudOfSeagulls+1"],"picked":"Moonworks:BindingChains","floor":19},{"not_picked":["Moonworks:NicePresent+1","Moonworks:DeployBits+1"],"picked":"Moonworks:StiffCrystal","floor":22},{"not_picked":["Moonworks:SubspaceTunnel","Moonworks:Bloodlust+1"],"picked":"Moonworks:SakisCookie+1","floor":25},{"not_picked":["Moonworks:LulusLuckyEgg","Moonworks:JonathanRush+1"],"picked":"Moonworks:NicePresent","floor":27},{"not_picked":["Moonworks:SelfDestruct+1","Moonworks:DeployBits"],"picked":"Moonworks:IndiscriminateFireSupport","floor":28},{"not_picked":["Moonworks:Poppoformation","Moonworks:x16BigRocket"],"picked":"Moonworks:NicePresent","floor":31},{"not_picked":["Moonworks:SinkOrSwim","Moonworks:WeAreWaruda"],"picked":"Moonworks:Blazing","floor":33},{"not_picked":["Moonworks:UnluckyCharm","Moonworks:EvilSpyWorkPreparation","Moonworks:JonathanRush+1"],"picked":"SKIP","floor":35},{"not_picked":["Moonworks:Assault","Moonworks:EvilSpyWorkPreparation","Moonworks:CloudOfSeagulls+1"],"picked":"SKIP","floor":39},{"not_picked":["Moonworks:CloudOfSeagulls+1","Moonworks:ImOnFire+1"],"picked":"Moonworks:NicePresent","floor":41},{"not_picked":["Moonworks:SakisCookie","Moonworks:JonathanRush","Moonworks:BigMagnum"],"picked":"SKIP","floor":42},{"not_picked":["Moonworks:BigMagnum","Moonworks:EvilSpyWorkPreparation","Moonworks:ForcedRevival+1"],"picked":"SKIP","floor":44},{"not_picked":["Moonworks:BigBangBell","Moonworks:EvilSpyWorkPreparation"],"picked":"Moonworks:SweetBattle+1","floor":45},{"not_picked":["Moonworks:ForcedRevival+1","Moonworks:ExtendedPhotonRifle+1"],"picked":"Moonworks:BindingChains+1","floor":47},{"not_picked":["Moonworks:Dinner+1","Moonworks:DeployBits+1","Moonworks:JonathanRush+1"],"picked":"SKIP","floor":51},{"not_picked":["Moonworks:BigMagnum+1","Moonworks:DeployBits"],"picked":"Moonworks:LulusLuckyEgg+1","floor":52},{"not_picked":["Moonworks:SakisCookie","Moonworks:MiracleWalker","Moonworks:IndiscriminateFireSupport+1"],"picked":"SKIP","floor":53},{"not_picked":["Moonworks:Assault","Moonworks:JonathanRush+1"],"picked":"Moonworks:LulusLuckyEgg+1","floor":56}],"player_experience":237942,"relics_obtained":[{"floor":6,"key":"DemoMod:SerJunkan"},{"floor":9,"key":"DemoMod:Junk"},{"floor":26,"key":"DemoMod:Junk"},{"floor":27,"key":"DemoMod:Junk"},{"floor":42,"key":"DemoMod:Junk"},{"floor":43,"key":"DemoMod:Junk"},{"floor":44,"key":"DemoMod:Junk"},{"floor":47,"key":"DemoMod:RingOfEthereal"},{"floor":51,"key":"paleoftheancients:SoulOfTheShowman"},{"floor":53,"key":"paleoftheancients:SoulOfTheThorton"},{"floor":54,"key":"Pantograph"},{"floor":58,"key":"DemoMod:PoisonVial"}],"event_choices":[{"damage_healed":0,"gold_gain":0,"player_choice":"Take Damage","damage_taken":15,"relics_obtained":["Golden Idol"],"max_hp_gain":0,"max_hp_loss":0,"event_name":"Golden Idol","floor":3,"gold_loss":0},{"damage_healed":0,"gold_gain":0,"cards_transformed":["Moonworks:Strike"],"player_choice":"Transformed","damage_taken":0,"max_hp_gain":0,"max_hp_loss":0,"event_name":"Transmorgrifier","floor":7,"gold_loss":0,"cards_obtained":["Moonworks:LulusLuckyEgg"]},{"cards_removed":["Moonworks:SelfDestruct"],"damage_healed":0,"gold_gain":0,"player_choice":"Gave Gold","damage_taken":0,"max_hp_gain":0,"max_hp_loss":0,"event_name":"Beggar","floor":29,"gold_loss":75},{"damage_healed":0,"gold_gain":0,"cards_transformed":["Moonworks:Ambush"],"player_choice":"Transformed","damage_taken":0,"max_hp_gain":0,"max_hp_loss":0,"event_name":"Transmorgrifier","floor":48,"gold_loss":0,"cards_obtained":["Moonworks:AngelHand"]}],"is_beta":false,"boss_relics":[{"not_picked":["aspiration:SecretTechniqueScroll","Ectoplasm"],"picked":"ChewingGum"},{"not_picked":["Snecko Eye","Replay:Bronze Core"],"picked":"SacredBark"}],"items_purged_floors":[20,20,24],"is_endless":false,"potions_floor_spawned":[5,12,13,19,22,25,31,33,35,39,47],"ascension_level":0}}