{"host":"qljev0q3rb9h3k1a","time":1610915613,"event":{"mods":["AchievementEnabler","Ascension Unlocker","BaseMod","Colored Map","Minty Spire (QoL Compilation)","Permanent Neow","Quick Restart","Relic Filter","StSLib","SuperFastMode"],"gold_per_floor":[119,137,137,148,73,73,103,103,103,103,162,162,173,173,173,275,275,295,295,295,295,295,320,320,320,320,320,350,350,368,387,387,485,485,505,525,525,525,525,379,379,181,181,181,181,199,211,66,66,66],"floor_reached":51,"language":"ENG","playtime":1211,"items_purged":["Decay","Backflip+1"],"score":877,"play_id":"d07600b4-071d-429a-8a09-b98ff70a3911","local_time":"20210117153333","daily_mods":["SealedDeck","Heirloom"],"is_ascension_mode":false,"campfire_choices":[{"data":"Accuracy","floor":6.0,"key":"SMITH"},{"data":"Cloak And Dagger","floor":8.0,"key":"SMITH"},{"data":"Cloak And Dagger","floor":12.0,"key":"SMITH"},{"data":"Blade Dance","floor":15.0,"key":"SMITH"},{"data":"Phantasmal Killer","floor":25,"key":"SMITH"},{"data":"Blade Dance","floor":32,"key":"SMITH"},{"data":"Adrenaline","floor":41,"key":"SMITH"},{"data":"Madness","floor":45,"key":"SMITH"},{"data":"Madness","floor":49,"key":"SMITH"}],"circlet_count":0,"master_deck":["Cloak And Dagger+1","Accuracy+1","Cloak And Dagger+1","Infinite Blades","Blade Dance+1","Blade Dance+1","Blade Dance+1","Phantasmal Killer+1","CurseOfTheBell","Adrenaline+1","Cloak And Dagger+1","Madness+1","Madness+1","Footwork"],"relics":["Ring of the Snake","Gambling Chip","Eternal Feather","Molten Egg 2","Juzu Bracelet","Torii","Calling Bell","Blood Vial","Gremlin Horn","Unceasing Top","Letter Opener","Bottled Tornado","Blue Candle","Darkstone Periapt","WristBlade","Pear","Bag of Marbles","Membership Card","Toy Ornithopter","Mummified Hand"],"acts_visited":["Exordium","TheCity","TheBeyond"],"potions_floor_usage":[],"damage_taken":[{"damage":0.0,"enemies":"2 Louse","floor":1.0,"turns":2.0},{"damage":0.0,"enemies":"Cultist","floor":2.0,"turns":2.0},{"damage":0.0,"enemies":"Jaw Worm","floor":4.0,"turns":2.0},{"damage":0.0,"enemies":"3 Sentries","floor":7.0,"turns":3.0},{"damage":15.0,"enemies":"Lagavulin Event","floor":11.0,"turns":3.0},{"damage":0.0,"enemies":"Looter","floor":13.0,"turns":1.0},{"damage":2,"enemies":"Slime Boss","floor":16,"turns":3},{"damage":0,"enemies":"Chosen","floor":18,"turns":2},{"damage":10,"enemies":"Book of Stabbing","floor":23,"turns":3},{"damage":1,"enemies":"Gremlin Leader","floor":28,"turns":2},{"damage":0,"enemies":"3 Byrds","floor":30,"turns":1},{"damage":0,"enemies":"Centurion and Healer","floor":31,"turns":2},{"damage":3,"enemies":"Champ","floor":33,"turns":4},{"damage":1,"enemies":"3 Shapes","floor":35,"turns":2},{"damage":0,"enemies":"Orb Walker","floor":36,"turns":1},{"damage":0,"enemies":"Maw","floor":46,"turns":2},{"damage":0,"enemies":"3 Darklings","floor":47,"turns":1},{"damage":1,"enemies":"Awakened One","floor":50,"turns":2}],"seed_played":"-4104997987879023491","potions_obtained":[{"floor":1.0,"key":"Energy Potion"},{"floor":11.0,"key":"Strength Potion"},{"floor":19,"key":"LiquidMemories"},{"floor":28,"key":"FairyPotion"}],"is_trial":true,"path_per_floor":["M","M","?","M","$","R","E","R","T","?","?","R","M","?","R","B",null,"M","?","$","?","?","E","$","R","T","?","E","?","M","M","R","B",null,"M","M","T","?","?","$","R","$","T","?","R","M","M","$","R","B",null],"character_chosen":"THE_SILENT","items_purchased":["Bag of Marbles","Membership Card","Footwork","Mummified Hand"],"campfire_rested":0,"item_purchase_floors":[40,42,48,48],"current_hp_per_floor":[70,70,70,70,70,70,70,70,70,70,55,61,61,47,53,51,70,70,70,70,70,70,60,60,66,66,66,67,67,69,70,70,67,70,69,70,80,80,80,80,80,80,80,70,76,78,80,80,80,79],"gold":66,"neow_bonus":"","is_daily":false,"chose_seed":false,"campfire_upgraded":9,"win_rate":0.0,"timestamp":1610915613,"path_taken":["M","M","?","?","$","R","E","R","T","?","?","R","M","?","R","BOSS","M","?","$","?","?","E","?","R","T","?","E","?","M","M","R","BOSS","M","M","?","?","?","?","R","?","T","?","R","M","M","$","R","BOSS"],"items_purchased_type":["Relic","Relic","Card","Relic"],"build_version":"2020-12-22","purchased_purges":2,"victory":true,"max_hp_per_floor":[70,70,70,70,70,70,70,70,70,70,70,70,70,70,70,70,70,70,70,70,70,70,70,70,70,70,70,70,70,70,70,70,70,70,70,70,80,80,80,80,80,80,80,80,80,80,80,80,80,80],"card_choices":[{"not_picked":["Dagger Spray","Acrobatics","Flying Knee"],"picked":"SKIP","floor":1.0},{"not_picked":["Reflex","Deadly Poison","Endless Agony"],"picked":"SKIP","floor":2.0},{"not_picked":["PiercingWail","Cloak And Dagger","Sucker Punch"],"picked":"SKIP","floor":4.0},{"not_picked":["Outmaneuver","Acrobatics","Prepared"],"picked":"SKIP","floor":7.0},{"not_picked":["Deflect","Cloak And Dagger","Glass Knife+1"],"picked":"SKIP","floor":13.0},{"not_picked":["Grand Finale+1","Envenom"],"picked":"Phantasmal Killer","floor":16},{"not_picked":["Dodge and Roll","Deflect","Well Laid Plans"],"picked":"SKIP","floor":18},{"not_picked":["Dagger Throw+1","Slice+1","PiercingWail"],"picked":"SKIP","floor":23},{"not_picked":["Deadly Poison+1","Sucker Punch+1","Phantasmal Killer"],"picked":"SKIP","floor":28},{"not_picked":["PiercingWail+1","Infinite Blades","Poisoned Stab+1"],"picked":"SKIP","floor":30},{"not_picked":["Eviscerate+1","Quick Slash+1","Deadly Poison"],"picked":"SKIP","floor":31},{"not_picked":["Wraith Form v2","Tools of the Trade"],"picked":"Adrenaline","floor":33},{"not_picked":["Slice+1","Dagger Throw+1"],"picked":"Cloak And Dagger+1","floor":35},{"not_picked":["Slice+1","Quick Slash+1","Noxious Fumes+1"],"picked":"SKIP","floor":36},{"not_picked":["Dagger Spray+1","Prepared+1","Flying Knee+1"],"picked":"SKIP","floor":46},{"not_picked":["Predator+1","Flying Knee+1","Phantasmal Killer"],"picked":"SKIP","floor":47}],"player_experience":24757,"relics_obtained":[{"floor":7.0,"key":"Eternal Feather"},{"floor":9.0,"key":"Molten Egg 2"},{"floor":17,"key":"Blood Vial"},{"floor":17,"key":"Gremlin Horn"},{"floor":17,"key":"Unceasing Top"},{"floor":23,"key":"Letter Opener"},{"floor":26,"key":"Bottled Tornado"},{"floor":28,"key":"Darkstone Periapt"},{"floor":37,"key":"Pear"},{"floor":43,"key":"Toy Ornithopter"}],"event_choices":[{"damage_healed":0.0,"max_hp_gain":0.0,"max_hp_loss":0.0,"gold_gain":0.0,"event_name":"Wheel of Change","player_choice":"Cursed","floor":3.0,"gold_loss":0.0,"damage_taken":0.0,"cards_obtained":["Decay"]},{"damage_healed":0.0,"max_hp_gain":0.0,"max_hp_loss":0.0,"gold_gain":0.0,"event_name":"Big Fish","player_choice":"Box","floor":10.0,"gold_loss":0.0,"damage_taken":0.0,"relics_obtained":["Juzu Bracelet"],"cards_obtained":["Regret"]},{"damage_healed":0.0,"max_hp_gain":0.0,"max_hp_loss":0.0,"gold_gain":0.0,"event_name":"Dead Adventurer","player_choice":"Searched \u00273\u0027 times","floor":11.0,"gold_loss":0.0,"damage_taken":0.0,"relics_obtained":["Torii"]},{"damage_healed":0.0,"max_hp_gain":0.0,"max_hp_loss":0.0,"gold_gain":0.0,"event_name":"Shining Light","player_choice":"Entered Light","floor":14.0,"gold_loss":0.0,"damage_taken":14.0,"cards_upgraded":["Backflip","Blade Dance"]},{"damage_healed":0,"gold_gain":0,"player_choice":"Got Potions","damage_taken":0,"max_hp_gain":0,"max_hp_loss":0,"event_name":"Lab","floor":19,"gold_loss":0},{"cards_removed":["Regret"],"damage_healed":0,"gold_gain":0,"player_choice":"Removed Curses","damage_taken":0,"max_hp_gain":0,"max_hp_loss":0,"event_name":"Fountain of Cleansing","floor":21,"gold_loss":0},{"cards_removed":["Infinite Blades"],"damage_healed":0,"gold_gain":0,"player_choice":"Offered Uncommon","damage_taken":0,"max_hp_gain":0,"max_hp_loss":0,"event_name":"Bonfire Elementals","floor":22,"gold_loss":0},{"damage_healed":0,"gold_gain":0,"player_choice":"Opened","damage_taken":0,"relics_obtained":["Blue Candle"],"max_hp_gain":0,"max_hp_loss":0,"event_name":"The Mausoleum","floor":27,"gold_loss":0},{"cards_removed":["Infinite Blades"],"damage_healed":0,"gold_gain":0,"player_choice":"Purged","damage_taken":0,"max_hp_gain":0,"max_hp_loss":0,"event_name":"Purifier","floor":29,"gold_loss":0},{"damage_healed":0,"gold_gain":0,"player_choice":"Ignored","damage_taken":0,"max_hp_gain":0,"max_hp_loss":0,"event_name":"SecretPortal","floor":38,"gold_loss":0},{"damage_healed":0,"gold_gain":0,"player_choice":"Full Heal","damage_taken":0,"max_hp_gain":0,"max_hp_loss":0,"event_name":"Wheel of Change","floor":39,"gold_loss":0},{"damage_healed":0,"gold_gain":0,"player_choice":"Embrace Madness","damage_taken":10,"max_hp_gain":0,"max_hp_loss":0,"event_name":"Winding Halls","floor":44,"gold_loss":0,"cards_obtained":["Madness","Madness"]}],"is_beta":false,"boss_relics":[{"not_picked":["Tiny House","Snecko Eye"],"picked":"Calling Bell"},{"not_picked":["Black Star","Sozu"],"picked":"WristBlade"}],"items_purged_floors":[5,42],"is_endless":false,"potions_floor_spawned":[1,11,28,30,33,46,47],"ascension_level":0}}