{"host":"jscggscbx0p7706o","time":1610888283,"event":{"mods":["AchievementEnabler","BaseMod","Block Reminder","Colored Powertips","Filter the Spire","Minty Spire (QoL Compilation)","Permanent Neow","Quick Restart","StSLib"],"gold_per_floor":[118,118,128,128,128,143,157,157,157,157,169,187,31,31,31,130,130,149,149,248,76,176,176,187,207,207,224,240,240,17,32,32,137,137,156,156,170,184,184,184,184,184,184,184,200,200,214,226,226,226],"floor_reached":51,"language":"ENG","playtime":1453,"items_purged":["Strike_G","Strike_G","Strike_G"],"score":666,"play_id":"adfc91f7-7a78-4d57-8e09-fb4e4d47f89d","local_time":"20210117205803","is_ascension_mode":false,"campfire_choices":[{"data":"Catalyst","floor":8.0,"key":"SMITH"},{"data":"Neutralize","floor":10.0,"key":"SMITH"},{"data":"Noxious Fumes","floor":15.0,"key":"SMITH"},{"data":"Footwork","floor":23.0,"key":"SMITH"},{"data":"Noxious Fumes","floor":29.0,"key":"SMITH"},{"data":"Footwork","floor":32.0,"key":"SMITH"},{"data":"Acrobatics","floor":40,"key":"SMITH"},{"data":"Deadly Poison","floor":42,"key":"SMITH"},{"data":"Deadly Poison","floor":44,"key":"SMITH"},{"data":"Adrenaline","floor":46,"key":"SMITH"},{"data":"Dodge and Roll","floor":49,"key":"SMITH"}],"circlet_count":0,"master_deck":["Defend_G","Defend_G","Defend_G","Defend_G","Defend_G","Survivor","Neutralize+1","Dagger Throw","Deadly Poison+1","Catalyst+1","Backflip","Acrobatics+1","Noxious Fumes+1","Noxious Fumes+1","Deadly Poison+1","Corpse Explosion","Noxious Fumes+1","Footwork+1","Deadly Poison+1","Blur+1","Blur+1","Footwork+1","Backflip","Dodge and Roll+1","Adrenaline+1","Outmaneuver+1","Dodge and Roll+1"],"relics":["Cursed Key"],"acts_visited":["Exordium","TheCity","TheBeyond"],"potions_floor_usage":[48],"damage_taken":[{"damage":0.0,"enemies":"2 Louse","floor":1.0,"turns":2.0},{"damage":0.0,"enemies":"Jaw Worm","floor":3.0,"turns":3.0},{"damage":0.0,"enemies":"Small Slimes","floor":6.0,"turns":3.0},{"damage":2.0,"enemies":"Exordium Thugs","floor":7.0,"turns":5.0},{"damage":2.0,"enemies":"Gremlin Gang","floor":11.0,"turns":7.0},{"damage":2.0,"enemies":"Looter","floor":12.0,"turns":4.0},{"damage":23.0,"enemies":"The Guardian","floor":16.0,"turns":6.0},{"damage":5.0,"enemies":"Spheric Guardian","floor":18.0,"turns":4.0},{"damage":0.0,"enemies":"3 Byrds","floor":24.0,"turns":2.0},{"damage":1.0,"enemies":"3 Cultists","floor":25.0,"turns":3.0},{"damage":10.0,"enemies":"Snake Plant","floor":27.0,"turns":5.0},{"damage":0.0,"enemies":"Chosen and Byrds","floor":28.0,"turns":5.0},{"damage":0.0,"enemies":"Centurion and Healer","floor":31.0,"turns":6.0},{"damage":3.0,"enemies":"Automaton","floor":33.0,"turns":8.0},{"damage":2.0,"enemies":"3 Darklings","floor":35.0,"turns":4.0},{"damage":0.0,"enemies":"Orb Walker","floor":37.0,"turns":6.0},{"damage":6,"enemies":"3 Darklings","floor":38,"turns":2},{"damage":0,"enemies":"Sphere and 2 Shapes","floor":45,"turns":5},{"damage":6,"enemies":"Jaw Worm Horde","floor":47,"turns":4},{"damage":0,"enemies":"4 Shapes","floor":48,"turns":4},{"damage":11,"enemies":"Donu and Deca","floor":50,"turns":6}],"seed_played":"3870835911655570019","potions_obtained":[{"floor":1.0,"key":"Energy Potion"},{"floor":16.0,"key":"DuplicationPotion"},{"floor":18.0,"key":"LiquidBronze"}],"is_trial":false,"path_per_floor":["M","?","M","T","?","M","M","R","T","R","M","M","$","?","R","B",null,"M","?","?","$","?","R","M","M","T","M","M","R","$","M","R","B",null,"M","?","M","M","?","R","T","R","T","R","M","R","M","M","R","B",null],"character_chosen":"THE_SILENT","items_purchased":["Noxious Fumes","Deadly Poison","Footwork","Footwork","Backflip"],"campfire_rested":0,"item_purchase_floors":[13,13,21,30,30],"current_hp_per_floor":[70,70,70,70,70,70,68,68,68,68,66,64,64,70,70,47,70,65,65,65,65,65,65,65,64,64,54,54,54,54,54,54,51,70,68,68,68,62,62,62,62,62,62,62,62,62,56,56,56,45],"gold":226,"neow_bonus":"BOSS_RELIC","is_daily":false,"chose_seed":false,"campfire_upgraded":11,"win_rate":0.0,"timestamp":1610888283,"path_taken":["M","?","M","?","?","?","?","R","T","R","M","M","$","?","R","BOSS","M","?","?","$","?","R","M","M","T","M","?","R","$","M","R","BOSS","M","?","M","M","?","R","?","R","T","R","M","R","M","M","R","BOSS"],"items_purchased_type":["Card","Card","Card","Card","Card"],"build_version":"2020-12-22","purchased_purges":3,"victory":true,"max_hp_per_floor":[70,70,70,70,70,70,70,70,70,70,70,70,70,70,70,70,70,70,70,70,70,70,70,70,70,70,70,70,70,70,70,70,70,70,70,70,70,70,66,66,66,66,66,66,66,66,66,66,66,66],"card_choices":[{"not_picked":["Dash","Deadly Poison"],"picked":"Dagger Throw","floor":1.0},{"not_picked":["Quick Slash","Poisoned Stab"],"picked":"Deadly Poison","floor":3.0},{"not_picked":["Flechettes","Backstab"],"picked":"Backflip","floor":6.0},{"not_picked":["Poisoned Stab","Tactician"],"picked":"Acrobatics","floor":7.0},{"not_picked":["Finisher","Dodge and Roll","Poisoned Stab"],"picked":"SKIP","floor":11.0},{"not_picked":["Slice","Storm of Steel"],"picked":"Noxious Fumes","floor":12.0},{"not_picked":["Unload","Tools of the Trade"],"picked":"Corpse Explosion","floor":16.0},{"not_picked":["Predator+1","Dagger Throw+1"],"picked":"Noxious Fumes+1","floor":18.0},{"not_picked":["Eviscerate","Bane"],"picked":"Deadly Poison+1","floor":24.0},{"not_picked":["Predator","Backflip"],"picked":"Blur+1","floor":25.0},{"not_picked":["Outmaneuver+1","Blade Dance"],"picked":"Blur+1","floor":27.0},{"not_picked":["Heel Hook","Outmaneuver","Infinite Blades"],"picked":"SKIP","floor":28.0},{"not_picked":["Quick Slash+1","Deadly Poison+1"],"picked":"Dodge and Roll","floor":31.0},{"not_picked":["Flechettes","Deadly Poison+1","Cloak And Dagger"],"picked":"SKIP","floor":35.0},{"not_picked":["Flechettes+1","Cloak And Dagger","Dagger Spray"],"picked":"SKIP","floor":37.0},{"not_picked":["Cloak And Dagger+1","Accuracy+1","Sucker Punch+1"],"picked":"SKIP","floor":38},{"not_picked":["Quick Slash+1","Eviscerate"],"picked":"Adrenaline","floor":45},{"not_picked":["Dagger Throw","Heel Hook+1"],"picked":"Outmaneuver+1","floor":47},{"not_picked":["Sucker Punch","Endless Agony"],"picked":"Dodge and Roll+1","floor":48}],"player_experience":282937,"relics_obtained":[],"event_choices":[{"cards_removed":["Strike_G"],"damage_healed":0.0,"max_hp_gain":0.0,"max_hp_loss":0.0,"gold_gain":0.0,"event_name":"Living Wall","player_choice":"Forget","floor":2.0,"gold_loss":0.0,"damage_taken":0.0},{"damage_healed":0.0,"max_hp_gain":0.0,"max_hp_loss":0.0,"gold_gain":0.0,"cards_transformed":["Strike_G"],"event_name":"Transmorgrifier","player_choice":"Transformed","floor":5.0,"gold_loss":0.0,"damage_taken":0.0,"cards_obtained":["Catalyst"]},{"damage_healed":6.0,"max_hp_gain":0.0,"max_hp_loss":0.0,"gold_gain":0.0,"event_name":"Wheel of Change","player_choice":"Full Heal","floor":14.0,"gold_loss":0.0,"damage_taken":0.0},{"damage_healed":0.0,"max_hp_gain":0.0,"max_hp_loss":0.0,"gold_gain":0.0,"event_name":"The Mausoleum","player_choice":"Ignored","floor":19.0,"gold_loss":0.0,"damage_taken":0.0},{"damage_healed":0.0,"max_hp_gain":0.0,"max_hp_loss":0.0,"gold_gain":99.0,"event_name":"Nest","player_choice":"Stole From Cult","floor":20.0,"gold_loss":0.0,"damage_taken":0.0},{"damage_healed":0.0,"max_hp_gain":0.0,"max_hp_loss":0.0,"gold_gain":100.0,"event_name":"Golden Shrine","player_choice":"Pray","floor":22.0,"gold_loss":0.0,"damage_taken":0.0},{"damage_healed":0.0,"max_hp_gain":0.0,"max_hp_loss":0.0,"gold_gain":0.0,"event_name":"Mysterious Sphere","player_choice":"Ignored","floor":36.0,"gold_loss":0.0,"damage_taken":0.0},{"damage_healed":0,"gold_gain":0,"player_choice":"Max HP","damage_taken":0,"max_hp_gain":0,"max_hp_loss":4,"event_name":"Winding Halls","floor":39,"gold_loss":0}],"is_beta":false,"boss_relics":[{"not_picked":[]},{"not_picked":[]}],"items_purged_floors":[13,21,30],"is_endless":false,"potions_floor_spawned":[1,16,18,27,28,35,38,45,48],"ascension_level":0}}