{"host":"tmzq6unyecs2p367","time":1610907953,"event":{"mods":["BaseMod","Koishi","Minty Spire (QoL Compilation)","StSLib","The Bug Knight","The Dragon Tamer","The Juggle","The Senshi"],"gold_per_floor":[113,113,137,151,168,183,183,183,183,197,230,230,230,266,266,386,386,359,2,2,22,43,43,82,96,169,200,220,256,22,35,35,35,35,35],"floor_reached":33,"language":"ENG","playtime":1667,"items_purged":[],"score":434,"play_id":"daf2e436-08d7-4a97-acf3-4e668c7b2eeb","local_time":"20210117192553","is_ascension_mode":true,"metric_token":531,"campfire_choices":[{"data":"DTMod:WarmUp","floor":7.0,"key":"SMITH"},{"data":"DTMod:ShadowImage","floor":13.0,"key":"SMITH"},{"data":"DTMod:Training","floor":15.0,"key":"SMITH"},{"data":"DTMod:ShadowImage","floor":23.0,"key":"SMITH"},{"data":"DTMod:Harmonize","floor":32,"key":"SMITH"}],"dtmod_dragon_data":[28,56,0,-1,0,0],"circlet_count":0,"master_deck":["DTMod:Strike","DTMod:Strike","DTMod:Strike","DTMod:DoubleHit","DTMod:TargetDefense","DTMod:TargetDefense+1","DTMod:TargetDefense","DTMod:TargetDefense+1","DTMod:SwitchingTactic","DTMod:Dissolve","DTMod:WarmUp+1","DTMod:Overwhelm","DTMod:Dissolve","DTMod:SneakAttack","DTMod:ShadowImage+1","DTMod:Training+1","DTMod:ShadowImage+1","DTMod:TagTeam+1","DTMod:Harmonize+1","DTMod:BlueScale+1","DTMod:BalancedStrike","DTMod:ComboAttack","DTMod:RunningTactic+1","DTMod:CleansingStrike","DTMod:InvisibleFlame","DTMod:DarkBreath","DTMod:BreakAttack+1"],"relics":["SacredBark","Bag of Preparation","Golden Idol","HollowMod:StagPassRelic","HollowMod:PaleOreRelic","Bird Faced Urn","Coffee Dripper","Toxic Egg 2","DTMod:AncientBone","Kunai","HollowMod:LifeEnderRelic","Red Mask","Juzu Bracelet"],"acts_visited":["Exordium","TheCity"],"potions_floor_usage":[],"damage_taken":[{"damage":0.0,"enemies":"2 Louse","floor":1.0,"turns":3.0},{"damage":4.0,"enemies":"Jaw Worm","floor":4.0,"turns":3.0},{"damage":8.0,"enemies":"Cultist","floor":5.0,"turns":4.0},{"damage":0.0,"enemies":"Exordium Wildlife","floor":6.0,"turns":4.0},{"damage":2.0,"enemies":"2 Fungi Beasts","floor":10.0,"turns":5.0},{"damage":4.0,"enemies":"Gremlin Nob","floor":11.0,"turns":3.0},{"damage":0.0,"enemies":"Lagavulin","floor":14.0,"turns":6.0},{"damage":19.0,"enemies":"The Guardian","floor":16.0,"turns":10.0},{"damage":6.0,"enemies":"2 Thieves","floor":18.0,"turns":5.0},{"damage":17.0,"enemies":"Chosen","floor":21.0,"turns":5.0},{"damage":0.0,"enemies":"3 Cultists","floor":22.0,"turns":7.0},{"damage":0.0,"enemies":"Slavers","floor":24.0,"turns":6.0},{"damage":0.0,"enemies":"Centurion and Healer","floor":25.0,"turns":6.0},{"damage":3.0,"enemies":"HollowMod:Nosk","floor":27.0,"turns":8.0},{"damage":13.0,"enemies":"Shelled Parasite and Fungi","floor":28.0,"turns":6.0},{"damage":0.0,"enemies":"Masked Bandits","floor":29.0,"turns":4.0},{"damage":4,"enemies":"Sentry and Sphere","floor":31,"turns":4},{"damage":55,"enemies":"Champ","floor":33,"turns":9}],"seed_played":"6831560918391937274","potions_obtained":[{"floor":1.0,"key":"AttackPotion"},{"floor":5.0,"key":"DistilledChaos"},{"floor":6.0,"key":"GamblersBrew"},{"floor":11.0,"key":"SpeedPotion"},{"floor":12.0,"key":"Fruit Juice"},{"floor":12.0,"key":"EntropicBrew"},{"floor":12.0,"key":"Dexterity Potion"},{"floor":18.0,"key":"EntropicBrew"},{"floor":21.0,"key":"Energy Potion"},{"floor":25.0,"key":"LiquidMemories"},{"floor":28.0,"key":"SkillPotion"}],"is_trial":false,"path_per_floor":["M","?","T","M","M","M","R","?","T","M","E","?","R","E","R","B",null,"M","$","?","M","M","R","E","M","T","E","M","?","$","M","R","B"],"character_chosen":"THE_DT","items_purchased":["Toxic Egg 2","Regen Potion","DTMod:TagTeam+1","DTMod:DarkBreath","Juzu Bracelet"],"campfire_rested":0,"item_purchase_floors":[19,19,19,30,30],"current_hp_per_floor":[45,36,36,32,24,24,24,24,24,22,18,28,28,28,28,15,43,48,48,48,35,52,52,52,52,52,50,42,50,50,48,48,0,0,0],"gold":35,"neow_bonus":"BOSS_RELIC","is_daily":false,"chose_seed":false,"campfire_upgraded":5,"win_rate":0.0,"timestamp":1610907953,"path_taken":["M","?","?","M","?","M","R","?","T","M","E","?","R","E","R","BOSS","M","?","?","M","M","R","E","M","T","E","?","?","?","M","R","BOSS"],"items_purchased_type":["Relic","Potion","Card","Card","Relic"],"build_version":"2020-12-22","purchased_purges":0,"victory":false,"max_hp_per_floor":[45,45,45,45,45,45,45,42,42,42,42,52,52,52,52,52,52,52,52,52,52,52,52,52,52,52,52,52,52,52,52,52,52,52,52],"card_choices":[{"not_picked":["DTMod:Haste","DTMod:RunningTactic"],"picked":"DTMod:Dissolve","floor":1.0},{"not_picked":["DTMod:CleansingStrike","DTMod:BlueScale"],"picked":"DTMod:WarmUp","floor":4.0},{"not_picked":["DTMod:Shift","DTMod:BlazingStrike"],"picked":"DTMod:Overwhelm","floor":5.0},{"not_picked":["DTMod:TauntingStrike","DTMod:Threaten"],"picked":"DTMod:Dissolve","floor":6.0},{"not_picked":["DTMod:RecklessFlurry","DTMod:Threaten"],"picked":"DTMod:SneakAttack","floor":10.0},{"not_picked":["DTMod:Safeguard","DTMod:ComboAttack"],"picked":"DTMod:ShadowImage","floor":11.0},{"not_picked":["DTMod:MaximumCharge","DTMod:Adaptation"],"picked":"DTMod:Training","floor":14.0},{"not_picked":["DTMod:RepeatStrike","DTMod:Outburst"],"picked":"DTMod:ShadowImage","floor":16.0},{"not_picked":["DTMod:Weaken","DTMod:Conduct","DTMod:WarmUp"],"picked":"SKIP","floor":18.0},{"not_picked":["DTMod:HeatWave","DTMod:Cover+1"],"picked":"DTMod:BlueScale+1","floor":21.0},{"not_picked":["DTMod:Weaken+1","DTMod:StarRain"],"picked":"DTMod:BalancedStrike","floor":22.0},{"not_picked":["DTMod:PurifyingFlame","DTMod:Threaten+1","DTMod:Harmonize"],"picked":"SKIP","floor":24.0},{"not_picked":["DTMod:TagTeam+1","DTMod:DeepFocus+1"],"picked":"DTMod:ComboAttack","floor":25.0},{"not_picked":["DTMod:LightShield+1","DTMod:MasterPlan+1"],"picked":"DTMod:RunningTactic+1","floor":27.0},{"not_picked":["DTMod:Threaten+1","DTMod:Punisher"],"picked":"DTMod:CleansingStrike","floor":28.0},{"not_picked":["DTMod:BreakAttack","DTMod:TagTeam+1"],"picked":"DTMod:InvisibleFlame","floor":29.0},{"not_picked":["DTMod:CrossStep","DTMod:QuickFly+1"],"picked":"DTMod:BreakAttack+1","floor":31}],"player_experience":1849066,"relics_obtained":[{"floor":3.0,"key":"Bag of Preparation"},{"floor":9.0,"key":"HollowMod:StagPassRelic"},{"floor":11.0,"key":"HollowMod:PaleOreRelic"},{"floor":14.0,"key":"Bird Faced Urn"},{"floor":24.0,"key":"DTMod:AncientBone"},{"floor":26.0,"key":"Kunai"},{"floor":27.0,"key":"HollowMod:LifeEnderRelic"},{"floor":29.0,"key":"Red Mask"}],"event_choices":[{"damage_healed":0.0,"max_hp_gain":0.0,"max_hp_loss":0.0,"gold_gain":0.0,"event_name":"Shining Light","player_choice":"Entered Light","floor":2.0,"gold_loss":0.0,"damage_taken":9.0,"cards_upgraded":["DTMod:TargetDefense","DTMod:TargetDefense"]},{"damage_healed":0.0,"max_hp_gain":0.0,"max_hp_loss":3.0,"gold_gain":0.0,"event_name":"Golden Idol","player_choice":"Lose Max HP","floor":8.0,"gold_loss":0.0,"damage_taken":0.0,"relics_obtained":["Golden Idol"]},{"damage_healed":0.0,"max_hp_gain":0.0,"max_hp_loss":0.0,"gold_gain":0.0,"event_name":"Lab","player_choice":"Got Potions","floor":12.0,"gold_loss":0.0,"damage_taken":0.0},{"damage_healed":0.0,"max_hp_gain":0.0,"max_hp_loss":0.0,"gold_gain":0.0,"cards_transformed":["DTMod:Strike"],"event_name":"Transmorgrifier","player_choice":"Transformed","floor":20.0,"gold_loss":0.0,"damage_taken":0.0,"cards_obtained":["DTMod:Harmonize"]},{"damage_healed":0.0,"max_hp_gain":0.0,"max_hp_loss":0.0,"gold_gain":0.0,"event_name":"Masked Bandits","player_choice":"Fought Bandits","floor":29.0,"gold_loss":0.0,"damage_taken":0.0}],"is_beta":false,"boss_relics":[{"not_picked":["Black Star","Runic Dome"],"picked":"Coffee Dripper"}],"items_purged_floors":[],"is_endless":false,"potions_floor_spawned":[1,5,6,11,18,21,25,28],"killed_by":"Champ","ascension_level":5}}