{"host":"jyuuog6ydc2s7nd8","time":1610871474,"event":{"mods":["BaseMod","Better Vampires","Minty Spire (QoL Compilation)","Shop Mod","StSLib","The Hierophant","The Servant 0.9.4","TheBandit","[IsaacMod]ÒÔÈö¼âËþ"],"gold_per_floor":[116,116,41,56,72,100,100,117,169,169,169,193,93,93,93],"floor_reached":14,"language":"ZHS","playtime":414,"items_purged":["Strike_G","Strike_G"],"score":176,"play_id":"605f2a19-46d7-4e7d-873e-7f7803ae6540","local_time":"20210117161754","is_ascension_mode":true,"campfire_choices":[{"data":"Neutralize","floor":7,"key":"SMITH"},{"data":"Cloak And Dagger","floor":10,"key":"SMITH"}],"circlet_count":0,"master_deck":["AscendersBane","Strike_G","Strike_G","Strike_G","Defend_G","Defend_G","Defend_G","Defend_G","Survivor","Neutralize+1","BloodyBrimstone","Cloak And Dagger+1","Acrobatics","Infinite Blades"],"relics":["Ring of the Snake","HushsDoor","DeadEye","Mercury Hourglass","Vajra"],"acts_visited":["Exordium"],"potions_floor_usage":[6,6],"damage_taken":[{"damage":0.0,"enemies":"Jaw Worm","floor":1.0,"turns":6.0},{"damage":0.0,"enemies":"Cultist","floor":4.0,"turns":4.0},{"damage":0.0,"enemies":"Small Slimes","floor":5.0,"turns":5.0},{"damage":43,"enemies":"3 Sentries","floor":6,"turns":16},{"damage":9,"enemies":"Blue Slaver","floor":8,"turns":4},{"damage":24,"enemies":"Gremlin Nob","floor":14,"turns":3}],"seed_played":"-3497614523520505162","potions_obtained":[{"floor":1.0,"key":"Explosive Potion"},{"floor":4.0,"key":"SpeedPotion"},{"floor":5.0,"key":"Energy Potion"}],"is_trial":false,"path_per_floor":["M","?","$","M","M","E","R","M","T","R","?","T","$","E"],"character_chosen":"THE_SILENT","items_purchased":[],"campfire_rested":0,"item_purchase_floors":[],"current_hp_per_floor":[65,65,65,65,65,22,22,13,13,13,13,13,13,0,0],"gold":93,"neow_bonus":"TEN_PERCENT_HP_BONUS","is_daily":false,"chose_seed":false,"campfire_upgraded":2,"win_rate":0.0,"timestamp":1610871474,"path_taken":["M","?","$","M","M","E","R","?","T","R","?","?","$","E"],"items_purchased_type":[],"build_version":"2020-12-22","purchased_purges":2,"victory":false,"max_hp_per_floor":[72,72,72,72,72,72,72,72,72,72,72,72,72,69,69],"card_choices":[{"not_picked":[],"picked":"BloodyBrimstone","floor":0.0},{"not_picked":["PiercingWail","Prepared"],"picked":"Cloak And Dagger","floor":1.0},{"not_picked":["Quick Slash","All Out Attack"],"picked":"Acrobatics","floor":4.0},{"not_picked":["Crippling Poison","Dash","Catalyst"],"picked":"SKIP","floor":5.0},{"not_picked":["Cloak And Dagger","Bane","Die Die Die"],"picked":"SKIP","floor":6},{"not_picked":["Expertise","Setup"],"picked":"Infinite Blades","floor":8}],"player_experience":1824568,"relics_obtained":[{"floor":6,"key":"Mercury Hourglass"},{"floor":12,"key":"Vajra"}],"event_choices":[{"damage_healed":0.0,"max_hp_gain":0.0,"max_hp_loss":0.0,"gold_gain":0.0,"event_name":"Match and Keep!","player_choice":"0 cards matched","floor":2.0,"gold_loss":0.0,"damage_taken":0.0,"cards_obtained":[]},{"cards_removed":["Defend_G"],"damage_healed":0,"gold_gain":0,"player_choice":"Forget","damage_taken":0,"max_hp_gain":0,"max_hp_loss":0,"event_name":"Living Wall","floor":11,"gold_loss":0}],"is_beta":false,"boss_relics":[],"items_purged_floors":[3,13],"is_endless":false,"potions_floor_spawned":[1,4,5],"killed_by":"Gremlin Nob","ascension_level":20}}