{"host":"4evnc443c98ww2zl","time":1610924949,"event":{"mods":["BaseMod","Better Third Choice","Hermit","Koishi","Luminous","Minty Spire (QoL Compilation)","Remilia??????","Robot Space Explorer","StSLib","The Administrix","The Bug Knight","The Cursed","TheSwordswoman"],"gold_per_floor":[113,113,113,113,22,22,49,49,49,67,67,82,108,122,122,227,227,239,224,224,236,253,281,281,308,308,308,324,351,421,450,450,548,548,566,13,25,75,75,109,126,153,153,153,187,204,232,263,263,263,263,263,62,91,91],"floor_reached":56,"language":"ENG","playtime":5762,"items_purged":[],"score":1631,"play_id":"d22831b6-c266-413e-b780-7a2a49610dfa","local_time":"20210117170909","daily_mods":["SealedDeck","Diverse","Colorless Cards","Heirloom","DeadlyEvents","Elite Swarm"],"is_ascension_mode":false,"campfire_choices":[{"floor":6,"key":"RECALL"},{"data":"Genetic Algorithm","floor":8,"key":"SMITH"},{"data":"MastersStateliness","floor":11,"key":"SMITH"},{"data":"MastersStateliness","floor":15,"key":"SMITH"},{"data":"Luminous:Hero_Will_Luminous","floor":24,"key":"SMITH"},{"floor":27,"key":"REST"},{"floor":32,"key":"DIG"},{"floor":44,"key":"DIG"},{"floor":49,"key":"DIG"},{"floor":52,"key":"DIG"}],"circlet_count":0,"master_deck":["Flame Barrier+1","UnderTheZenith","Backflip","RobotSpaceExplorer:SwiftStep+1","Luminous:Light_Gather","MastersStateliness+1","Genetic Algorithm+1","Slice","HollowMod:DescendingDark","hermit:Quickdraw","RobotSpaceExplorer:MiniDrones","Bandage Up","TheCursedMod:Torture","Blur","Electrodynamics","MastersStateliness+1","Venomology","AdministrixMod:CrackingPangu","TheCursedMod:SurpriseAttack","RitualDagger","Luminous:Hero_Will_Luminous+1","Core Surge","Amplify","Koishi:PhantomStrike+1","Prepared","Halt","blazmod:InLoveAndWar","FTL+1","Luminous:Lania_Blessing_Luminous","HollowMod:LordofShades","HollowMod:ShadowDash","Limit Break","Metamorphosis","Cloak And Dagger+1","Luminous:Erosion_Luminous"],"relics":["HollowMod:VoidIdolRelic","FossilizedHelix","Torii","StrikeDummy","PreservedInsect","Du-Vu Doll","HollowMod:LumaflyLanternRelic","Art of War","HollowMod:StagPassRelic","HollowMod:DelicateFlower","Shovel","Bottled Flame","Fusion Hammer","Pantograph","Bird Faced Urn","Thread and Needle","White Beast Statue","Ice Cream","Lantern","Letter Opener","AntiCross","Anchor","Shuriken","Mummified Hand","Sundial","Bronze Scales","Dead Branch"],"acts_visited":["Exordium","TheCity","TheBeyond","TheEnding"],"potions_floor_usage":[12,16,19,23,28,29,31,33,35,35,38,41,41,42,42,45,45,46,47,50,55,55],"damage_taken":[{"damage":0,"enemies":"Small Slimes","floor":1,"turns":2},{"damage":0,"enemies":"3 Sentries","floor":7,"turns":7},{"damage":0,"enemies":"Jaw Worm","floor":10,"turns":4},{"damage":0,"enemies":"2 Louse","floor":12,"turns":2},{"damage":0,"enemies":"Lagavulin","floor":13,"turns":6},{"damage":0,"enemies":"Blue Slaver","floor":14,"turns":3},{"damage":0,"enemies":"Slime Boss","floor":16,"turns":7},{"damage":18,"enemies":"HollowMod:HuskSentry","floor":18,"turns":5},{"damage":0,"enemies":"2 Thieves","floor":19,"turns":4},{"damage":9,"enemies":"Centurion and Healer","floor":21,"turns":8},{"damage":0,"enemies":"Snecko","floor":22,"turns":5},{"damage":1,"enemies":"HollowMod:Nosk","floor":23,"turns":7},{"damage":20,"enemies":"Book of Stabbing","floor":25,"turns":4},{"damage":0,"enemies":"3 Cultists","floor":28,"turns":4},{"damage":0,"enemies":"HollowMod:Nosk","floor":29,"turns":6},{"damage":0,"enemies":"Book of Stabbing","floor":31,"turns":4},{"damage":24,"enemies":"Champ","floor":33,"turns":11},{"damage":0,"enemies":"3 Darklings","floor":35,"turns":5},{"damage":20,"enemies":"Orb Walker","floor":37,"turns":5},{"damage":0,"enemies":"Mind Bloom Boss Battle","floor":38,"turns":7},{"damage":0,"enemies":"Nemesis","floor":40,"turns":3},{"damage":9,"enemies":"4 Shapes","floor":41,"turns":3},{"damage":0,"enemies":"Giant Head","floor":42,"turns":6},{"damage":14,"enemies":"HollowMod:StalkingDevout","floor":45,"turns":6},{"damage":0,"enemies":"Sphere and 2 Shapes","floor":46,"turns":2},{"damage":0,"enemies":"Giant Head","floor":47,"turns":6},{"damage":14,"enemies":"Reptomancer","floor":48,"turns":3},{"damage":18,"enemies":"Donu and Deca","floor":50,"turns":5},{"damage":26,"enemies":"Shield and Spear","floor":54,"turns":4},{"damage":72,"enemies":"The Heart","floor":55,"turns":6}],"seed_played":"4655348690303003877","potions_obtained":[{"floor":12,"key":"Fruit Juice"},{"floor":14,"key":"SkillPotion"},{"floor":16,"key":"FairyPotion"},{"floor":19,"key":"GamblersBrew"},{"floor":25,"key":"DuplicationPotion"},{"floor":29,"key":"LiquidBronze"},{"floor":33,"key":"AttackPotion"},{"floor":35,"key":"Fruit Juice"},{"floor":42,"key":"Swift Potion"},{"floor":45,"key":"Fruit Juice"},{"floor":46,"key":"SteroidPotion"},{"floor":47,"key":"Energy Potion"}],"is_trial":true,"path_per_floor":["M","?","T","?","$","R","E","R","T","M","R","M","E","M","R","B",null,"M","M","?","M","M","E","R","E","T","R","M","E","T","E","R","B",null,"M","$","M","?","?","E","M","E","T","R","E","M","E","E","R","B",null,"R","$","E","B",null],"character_chosen":"THE_BUGKNIGHT","items_purchased":["Bandage Up","Pantograph","Bird Faced Urn","Bronze Scales","Cloak And Dagger"],"campfire_rested":1,"item_purchase_floors":[5,36,36,53,53],"current_hp_per_floor":[75,60,60,65,65,65,69,69,69,73,73,78,82,85,85,85,85,71,75,69,68,72,76,76,61,61,85,85,85,85,85,85,65,85,90,90,74,90,90,90,90,90,90,90,86,92,95,81,81,89,95,95,95,79,36],"gold":91,"neow_bonus":"","is_daily":false,"chose_seed":false,"campfire_upgraded":4,"win_rate":0.0,"timestamp":1610924949,"path_taken":["M","?","?","?","$","R","E","R","T","M","R","M","E","M","R","BOSS","M","M","?","?","M","E","R","E","T","R","M","E","?","E","R","BOSS","M","$","M","?","?","E","?","?","T","R","E","?","?","E","R","BOSS","R","$","E","BOSS"],"items_purchased_type":["Card","Relic","Relic","Relic","Card"],"build_version":"2020-12-22","purchased_purges":0,"victory":true,"max_hp_per_floor":[75,75,75,80,80,80,80,80,80,80,80,85,85,85,85,85,85,85,85,85,85,85,85,85,85,85,85,85,85,85,85,85,85,85,90,90,90,90,90,90,90,90,90,90,95,95,95,95,95,95,95,95,95,95,95],"card_choices":[{"not_picked":["FitfulNightmare","Luminous:Light_Sylvan_Lance"],"picked":"RobotSpaceExplorer:MiniDrones","floor":1},{"not_picked":["TheCursedMod:ForbiddenAlchemy","Luminous:Freud_Wisdom1_Luminous","blazmod:OneWithNature"],"picked":"SKIP","floor":7},{"not_picked":["hermit:FullyLoaded","FavorOfDestiny"],"picked":"TheCursedMod:Torture","floor":10},{"not_picked":["Rebound","RobotSpaceExplorer:Blitz"],"picked":"Blur","floor":12},{"not_picked":["HollowMod:SoulMaster","EquivalentExchange"],"picked":"Electrodynamics","floor":13},{"not_picked":["Luminous:Light_Wash_Luminous","Clash"],"picked":"MastersStateliness","floor":14},{"not_picked":["Secret Technique","RobotSpaceExplorer:BlastShield"],"picked":"Venomology","floor":16},{"not_picked":["HollowMod:NewJinnsSoul","Compile Driver+1"],"picked":"AdministrixMod:CrackingPangu","floor":18},{"not_picked":["RobotSpaceExplorer:DoubleBlock","hermit:Desperado"],"picked":"TheCursedMod:SurpriseAttack","floor":19},{"not_picked":["RobotSpaceExplorer:Scanner","AdministrixMod:XianArts","HollowMod:ChannelNail"],"picked":"SKIP","floor":21},{"not_picked":["PanicButton","Nirvana"],"picked":"Luminous:Hero_Will_Luminous","floor":22},{"not_picked":["Luminous:Mirror_Force_Luminous","Fiend Fire"],"picked":"Core Surge","floor":23},{"not_picked":["blazmod:CrescentMoon","Luminous:Date_of_Light_Luminous"],"picked":"Amplify","floor":25},{"not_picked":["hermit:Roulette","Accuracy+1"],"picked":"Koishi:PhantomStrike+1","floor":28},{"not_picked":["Luminous:Balance_Aether_Conduit","TheCursedMod:DemonSword","Electrodynamics"],"picked":"SKIP","floor":29},{"not_picked":["HollowMod:MidwifesHunger","RobotSpaceExplorer:Accelerator","blazmod:MindAtPeace"],"picked":"SKIP","floor":31},{"not_picked":["HollowMod:SoulSplash","Koishi:ReleaseOfTheId"],"picked":"Prepared","floor":35},{"not_picked":["hermit:Manifest+1","blazmod:MirrorImage","HollowMod:InfectionAssault"],"picked":"SKIP","floor":37},{"not_picked":["Swivel+1","Armaments"],"picked":"Halt","floor":38},{"not_picked":["HollowMod:ZotesMagnificence","Koishi:TerrifyingSpectre"],"picked":"blazmod:InLoveAndWar","floor":40},{"not_picked":["TheCursedMod:SmokeScreen+1","blazmod:TenThousand+1"],"picked":"FTL+1","floor":41},{"not_picked":["HollowMod:PaleKingsBlessing","Apotheosis"],"picked":"Luminous:Lania_Blessing_Luminous","floor":42},{"not_picked":["RobotSpaceExplorer:Comet","AdministrixMod:Mastermind"],"picked":"HollowMod:LordofShades","floor":45},{"not_picked":["AdministrixMod:LightOfYourLife","Acrobatics"],"picked":"HollowMod:ShadowDash","floor":46},{"not_picked":["hermit:DeadOrAlive","Unload"],"picked":"Limit Break","floor":47},{"not_picked":["Machine Learning","AdministrixMod:FearOfDeath"],"picked":"Metamorphosis","floor":48},{"not_picked":["QueenOfMidnight","hermit:Magnum"],"picked":"Luminous:Erosion_Luminous","floor":54}],"player_experience":1084599,"relics_obtained":[{"floor":7,"key":"Torii"},{"floor":9,"key":"StrikeDummy"},{"floor":13,"key":"PreservedInsect"},{"floor":23,"key":"Du-Vu Doll"},{"floor":25,"key":"HollowMod:LumaflyLanternRelic"},{"floor":26,"key":"Art of War"},{"floor":29,"key":"HollowMod:StagPassRelic"},{"floor":30,"key":"HollowMod:DelicateFlower"},{"floor":31,"key":"Shovel"},{"floor":32,"key":"Bottled Flame"},{"floor":38,"key":"Thread and Needle"},{"floor":40,"key":"White Beast Statue"},{"floor":42,"key":"Ice Cream"},{"floor":43,"key":"Lantern"},{"floor":44,"key":"Letter Opener"},{"floor":45,"key":"AntiCross"},{"floor":47,"key":"Anchor"},{"floor":48,"key":"Shuriken"},{"floor":49,"key":"Mummified Hand"},{"floor":52,"key":"Sundial"},{"floor":54,"key":"Dead Branch"}],"event_choices":[{"damage_healed":75,"gold_gain":0,"player_choice":"Upgrade","damage_taken":15,"max_hp_gain":0,"max_hp_loss":75,"event_name":"betterThird:BetterShining","floor":2,"gold_loss":0,"cards_upgraded":["Flame Barrier","RobotSpaceExplorer:SwiftStep"]},{"damage_healed":0,"gold_gain":0,"player_choice":"Donut","damage_taken":0,"max_hp_gain":5,"max_hp_loss":0,"event_name":"Big Fish","floor":4,"gold_loss":0},{"damage_healed":0,"gold_gain":0,"player_choice":"Dagger","damage_taken":6,"max_hp_gain":0,"max_hp_loss":0,"event_name":"betterThird:BetterNest","floor":20,"gold_loss":0,"cards_obtained":["RitualDagger"]},{"damage_healed":0,"gold_gain":0,"player_choice":"Fight","damage_taken":0,"max_hp_gain":0,"max_hp_loss":0,"event_name":"MindBloom","floor":38,"gold_loss":0}],"is_beta":false,"boss_relics":[{"not_picked":["Sozu","Cursed Key"],"picked":"HollowMod:VoidIdolRelic"},{"not_picked":["Black Star","Velvet Choker"],"picked":"Fusion Hammer"}],"items_purged_floors":[],"is_endless":false,"potions_floor_spawned":[12,14,16,19,21,25,29,33,35,37,41,42,45,46,47,48,54],"ascension_level":0}}