{"host":"fkig9nrckec4xsh0","time":1610869181,"event":{"mods":["BaseMod","Colored Map","Minty Spire (QoL Compilation)","Quick Restart","Replay The Spire","StSLib"],"gold_per_floor":[112,112,92,102,113,144,144,169,169,183,37,62,72,99,99,199,199,210,210,309,309,334,334,353,386,386,415,415,433,460,478,478,573,573,592,502,520,534,280,310,310,342,388,388,400,400,412,177,177,177],"floor_reached":51,"language":"ENG","playtime":2515,"items_purged":["Predator"],"score":1066,"play_id":"0e59e1d0-991e-4fb9-ac91-ce314f12b8d6","local_time":"20210117023941","is_ascension_mode":true,"campfire_choices":[{"data":"A Thousand Cuts","floor":7,"key":"SMITH"},{"data":"Wraith Form v2","floor":15,"key":"SMITH"},{"data":"Envenom","floor":23,"key":"SMITH"},{"data":"Acrobatics","floor":32,"key":"SMITH"},{"data":"Glass Knife","floor":44,"key":"SMITH"},{"data":"Accuracy","floor":46,"key":"SMITH"},{"data":"ReplayTheSpireMod:Scrap Shanks","floor":49,"key":"SMITH"}],"circlet_count":0,"master_deck":["Survivor","Neutralize","Die Die Die","A Thousand Cuts+1","Envenom+1","Cloak And Dagger","Unload","Crippling Poison","Malaise","Poisoned Stab","Blade Dance","Deadly Poison","Sucker Punch","Outmaneuver","Blade Dance","Infinite Blades","Acrobatics+1","Caltrops","Bouncing Flask","Wraith Form v2+1","Noxious Fumes","Noxious Fumes+1","ReplayTheSpireMod:From All Sides","AbeCurse","Dagger Spray+1","Poisoned Stab","Fluid Movement","ReplayTheSpireMod:From All Sides","ReplayTheSpireMod:The Works+1","Glass Knife+1","Replay:Poison Smokescreen+1","Blade Dance+1","A Thousand Cuts+1","Accuracy+1","Caltrops","Dagger Throw+1","Deadly Poison+1","Dodge and Roll+1","ReplayTheSpireMod:Scrap Shanks+1"],"relics":["Pandora\u0027s Box","Replay:Rubber Ducky","Pocketwatch","Meat on the Bone","Orrery","ReplayTheSpireMod:Shallot","Blood Vial","Abe\u0027s Treasure","Anchor","TungstenRod","Snack Pack","Pet Ghost","Singing Bowl","Replay:Bronze Core","DollysMirror","Dream Catcher","Orichalcum","Happy Flower","Omamori","Toolbox"],"acts_visited":["Exordium","TheCity","TheBeyond"],"potions_floor_usage":[12,16,16,25,30,33,45,47,47,50],"damage_taken":[{"damage":12,"enemies":"Jaw Worm","floor":1,"turns":3},{"damage":0,"enemies":"2 Louse","floor":4,"turns":1},{"damage":2,"enemies":"Cultist","floor":5,"turns":3},{"damage":16,"enemies":"Lagavulin","floor":6,"turns":7},{"damage":7,"enemies":"Gremlin Nob","floor":8,"turns":5},{"damage":8,"enemies":"Looter","floor":10,"turns":3},{"damage":29,"enemies":"3 Sentries","floor":12,"turns":4},{"damage":0,"enemies":"Blue Slaver","floor":13,"turns":4},{"damage":1,"enemies":"Gremlin Nob","floor":14,"turns":4},{"damage":6,"enemies":"The Guardian","floor":16,"turns":7},{"damage":5,"enemies":"3 Byrds","floor":18,"turns":3},{"damage":0,"enemies":"Chosen","floor":24,"turns":3},{"damage":0,"enemies":"Gremlin Leader","floor":25,"turns":4},{"damage":11,"enemies":"Slavers","floor":27,"turns":3},{"damage":1,"enemies":"Snecko","floor":29,"turns":4},{"damage":20,"enemies":"Gremlin Leader","floor":30,"turns":5},{"damage":0,"enemies":"Centurion and Healer","floor":31,"turns":3},{"damage":77,"enemies":"Champ","floor":33,"turns":10},{"damage":12,"enemies":"3 Shapes","floor":35,"turns":3},{"damage":0,"enemies":"Orb Walker","floor":37,"turns":3},{"damage":0,"enemies":"Sphere and 2 Shapes","floor":38,"turns":4},{"damage":0,"enemies":"Nemesis","floor":40,"turns":5},{"damage":27,"enemies":"Giant Head","floor":42,"turns":7},{"damage":0,"enemies":"3 Darklings","floor":45,"turns":3},{"damage":1,"enemies":"Maw","floor":47,"turns":5},{"damage":25,"enemies":"Donu and Deca","floor":50,"turns":8}],"seed_played":"9046929013276325779","potions_obtained":[{"floor":1,"key":"Strength Potion"},{"floor":3,"key":"FairyPotion"},{"floor":8,"key":"Venom Potion"},{"floor":12,"key":"AttackPotion"},{"floor":16,"key":"Energy Potion"},{"floor":18,"key":"FearPotion"},{"floor":27,"key":"LiquidBronze"},{"floor":30,"key":"Elixir"},{"floor":31,"key":"FearPotion"},{"floor":33,"key":"Milkshake"},{"floor":38,"key":"DistilledChaos"},{"floor":42,"key":"ColorlessPotion"},{"floor":45,"key":"ColorlessPotion"}],"is_trial":false,"path_per_floor":["M","?","?","M","M","E","R","E","T","M","$","E","M","E","R_BF","B",null,"M","?","?","?","T","R","M","E","T","E","?","M","E","M","R","B",null,"M","?","M","M","$","E","?","E","T","R","M","R","M","$","R","B",null],"character_chosen":"THE_SILENT","items_purchased":["Orrery","DollysMirror","Accuracy","ReplayTheSpireMod:Scrap Shanks","Toolbox"],"campfire_rested":0,"item_purchase_floors":[11,39,39,48,48],"current_hp_per_floor":[58,51,51,51,49,33,33,26,26,30,30,13,25,36,36,44,64,61,61,61,48,48,48,50,52,52,47,47,52,38,44,44,19,61,53,53,59,69,69,77,77,52,52,52,58,58,65,65,65,54],"gold":177,"neow_bonus":"BOSS_RELIC","is_daily":false,"chose_seed":false,"campfire_upgraded":7,"win_rate":0.0,"timestamp":1610869181,"path_taken":["M","?","?","?","M","E","R","E","T","M","$","E","M","E","R_BF","BOSS","M","?","?","?","?","R","?","E","T","E","?","M","E","M","R","BOSS","M","?","?","M","?","E","?","E","T","R","?","R","M","$","R","BOSS"],"items_purchased_type":["Relic","Relic","Card","Card","Relic"],"build_version":"2020-12-22","purchased_purges":1,"victory":true,"max_hp_per_floor":[70,70,70,70,70,70,70,70,70,70,70,70,70,70,70,70,70,70,70,70,75,75,75,75,75,75,75,75,75,75,75,75,75,75,75,75,75,77,77,77,77,77,77,77,77,77,77,77,77,77],"card_choices":[{"not_picked":["Catalyst","PiercingWail"],"picked":"Poisoned Stab","floor":1},{"not_picked":["Prepared","ReplayTheSpireMod:Exploit Weakness"],"picked":"Blade Dance","floor":4},{"not_picked":["Crippling Poison","Quick Slash"],"picked":"Deadly Poison","floor":5},{"not_picked":["Sneak Up","Expertise"],"picked":"Sucker Punch","floor":6},{"not_picked":["Slice","Storm of Steel"],"picked":"Outmaneuver","floor":8},{"not_picked":["PiercingWail","Leg Sweep","Skewer"],"picked":"SKIP","floor":10},{"not_picked":["ReplayTheSpireMod:Scrap Shanks","Dagger Spray"],"picked":"Blade Dance","floor":11},{"not_picked":["Deflect","Grand Finale"],"picked":"Infinite Blades","floor":11},{"not_picked":["Masterful Stab","Outmaneuver"],"picked":"Acrobatics","floor":11},{"not_picked":["Slice","Cloak And Dagger"],"picked":"Caltrops","floor":11},{"not_picked":["Dagger Throw","Deadly Poison"],"picked":"Bouncing Flask","floor":11},{"not_picked":["Choke","Sucker Punch"],"picked":"Wraith Form v2","floor":12},{"not_picked":["Endless Agony","Acrobatics"],"picked":"Noxious Fumes","floor":13},{"not_picked":["Concentrate","Dagger Spray"],"picked":"Noxious Fumes","floor":14},{"not_picked":["Night Terror","Bullet Time"],"picked":"ReplayTheSpireMod:From All Sides","floor":16},{"not_picked":["Crippling Poison","Poisoned Stab"],"picked":"Dagger Spray+1","floor":18},{"not_picked":["PiercingWail","Sucker Punch","Expertise"],"picked":"SKIP","floor":24},{"not_picked":["Grand Finale","Acrobatics"],"picked":"Poisoned Stab","floor":25},{"not_picked":["Dash","Tactician","Underhanded Strike"],"picked":"SKIP","floor":27},{"not_picked":["Poisoned Stab","Quick Slash","Acrobatics"],"picked":"SKIP","floor":29},{"not_picked":["Underhanded Strike","Outmaneuver"],"picked":"ReplayTheSpireMod:From All Sides","floor":30},{"not_picked":["PiercingWail+1","Dagger Throw"],"picked":"ReplayTheSpireMod:The Works+1","floor":31},{"not_picked":["Corpse Explosion","Die Die Die"],"picked":"Glass Knife","floor":33},{"not_picked":["Blade Dance+1","ReplayTheSpireMod:Speed Training"],"picked":"Replay:Poison Smokescreen+1","floor":35},{"not_picked":["Prepared","Sucker Punch+1"],"picked":"Blade Dance+1","floor":37},{"not_picked":["Riddle With Holes","Calculated Gamble","Backflip"],"picked":"Singing Bowl","floor":38},{"not_picked":["Outmaneuver","Bane"],"picked":"Caltrops","floor":40},{"not_picked":["Heel Hook+1","Endless Agony+1"],"picked":"Dagger Throw+1","floor":42},{"not_picked":["ReplayTheSpireMod:Tripwire","Deflect+1"],"picked":"Deadly Poison+1","floor":45},{"not_picked":["Flying Knee","Backflip"],"picked":"Dodge and Roll+1","floor":47}],"player_experience":329101,"relics_obtained":[{"floor":6,"key":"Replay:Rubber Ducky"},{"floor":8,"key":"Pocketwatch"},{"floor":9,"key":"Meat on the Bone"},{"floor":12,"key":"ReplayTheSpireMod:Shallot"},{"floor":14,"key":"Blood Vial"},{"floor":22,"key":"Anchor"},{"floor":25,"key":"TungstenRod"},{"floor":26,"key":"Snack Pack"},{"floor":27,"key":"Pet Ghost"},{"floor":30,"key":"Singing Bowl"},{"floor":40,"key":"Dream Catcher"},{"floor":42,"key":"Happy Flower"},{"floor":43,"key":"Omamori"}],"event_choices":[{"cards_removed":["ReplayTheSpireMod:Exploit Weakness"],"damage_healed":0,"gold_gain":0,"player_choice":"Card Removal","damage_taken":7,"max_hp_gain":0,"max_hp_loss":0,"event_name":"Golden Wing","floor":2,"gold_loss":0},{"damage_healed":0,"gold_gain":0,"player_choice":"Bought 1 Potion","damage_taken":0,"max_hp_gain":0,"max_hp_loss":0,"event_name":"The Woman in Blue","floor":3,"gold_loss":0},{"damage_healed":0,"gold_gain":0,"player_choice":"Ignored","damage_taken":0,"max_hp_gain":0,"max_hp_loss":0,"event_name":"Ghosts","floor":19,"gold_loss":0},{"damage_healed":0,"gold_gain":99,"player_choice":"Stole From Cult","damage_taken":0,"max_hp_gain":0,"max_hp_loss":0,"event_name":"Nest","floor":20,"gold_loss":0},{"damage_healed":0,"gold_gain":0,"player_choice":"Shed Blood","damage_taken":18,"max_hp_gain":5,"max_hp_loss":0,"event_name":"Forgotten Altar","floor":21,"gold_loss":0},{"damage_healed":0,"gold_gain":0,"player_choice":"Read","damage_taken":0,"max_hp_gain":0,"max_hp_loss":0,"event_name":"The Library","floor":28,"gold_loss":0,"cards_obtained":["Fluid Movement"]},{"cards_removed":["Flechettes"],"damage_healed":0,"gold_gain":0,"player_choice":"Upgrade and Remove","damage_taken":0,"max_hp_gain":0,"max_hp_loss":0,"event_name":"Designer","floor":36,"gold_loss":90,"cards_upgraded":["Noxious Fumes"]},{"damage_healed":0,"gold_gain":0,"player_choice":"Gave Potion","damage_taken":0,"relics_obtained":["Orichalcum"],"max_hp_gain":0,"max_hp_loss":0,"event_name":"WeMeetAgain","floor":41,"gold_loss":0}],"is_beta":false,"boss_relics":[{"not_picked":["Velvet Choker","ChewingGum"],"picked":"Abe\u0027s Treasure"},{"not_picked":["Painkiller Herb","Fusion Hammer"],"picked":"Replay:Bronze Core"}],"items_purged_floors":[39],"is_endless":false,"potions_floor_spawned":[1,8,12,14,16,18,27,30,31,33,38,40,42,45],"ascension_level":5}}