{"host":"h4qgcirtxz6qax9j","time":1610879926,"event":{"mods":["AchievementEnabler","Astrologer","BaseMod","Colored Powertips","Lobotomy","Minty Spire (QoL Compilation)","StSLib","SuperFastMode","The Cursed"],"gold_per_floor":[277,297,81,81,100,100,200,200,227,85,98,98,114,143,143,240,240,240,240],"floor_reached":18,"language":"KOR","playtime":358,"items_purged":[],"score":241,"play_id":"f0b18e6b-da48-4da9-b602-4b79f7d76d29","local_time":"20210117193846","is_ascension_mode":true,"campfire_choices":[{"floor":15,"key":"REST"}],"circlet_count":0,"master_deck":["SpecialBullet","SpecialBullet","SpecialBullet","SpecialBullet","SpecialBullet","SpecialBullet","SpecialBullet","SpecialBullet","ExtractionCode","SecurityCode","InformationCode","Writhe","Transmutation","WristCuter","Horn","Horn","Ecstasy","Wingbeat","Beak","Lantern","PunishingBird","WristCuter","CherryBlossom","Penitence","Pleasure","OldLady","Beak","LongBird","Beak+1","SomewhereSpear+1","VoidDream","RapturousDream+1","GoldRush+1","GreedKing","GoldRush+1"],"relics":["CogitoBucket","Akabeko","Bronze Scales"],"acts_visited":["Exordium","TheCity"],"potions_floor_usage":[14,14,14,16,16,16,16],"damage_taken":[{"damage":28,"enemies":"Jaw Worm","floor":1,"turns":4},{"damage":10,"enemies":"Small Slimes","floor":2,"turns":3},{"damage":0,"enemies":"Cultist","floor":5,"turns":2},{"damage":9,"enemies":"2 Fungi Beasts","floor":11,"turns":3},{"damage":14,"enemies":"Red Slaver","floor":13,"turns":2},{"damage":46,"enemies":"Lagavulin","floor":14,"turns":5},{"damage":16,"enemies":"Hexaghost","floor":16,"turns":6},{"damage":67,"enemies":"Shell Parasite","floor":18,"turns":3}],"seed_played":"-526543007569863095","potions_obtained":[{"floor":1,"key":"EntropicBrew"},{"floor":2,"key":"EntropicBrew"},{"floor":11,"key":"Ancient Potion"},{"floor":16,"key":"Block Potion"}],"is_trial":false,"path_per_floor":["M","M","$","?","M","R","?","R","T","$","M","R","M","E","R","B",null,"M"],"character_chosen":"Angela","items_purchased":["Ecstasy","Wingbeat","Beak","Lantern","CherryBlossom","Penitence","Pleasure"],"campfire_rested":1,"item_purchase_floors":[3,3,3,3,10,10,10],"current_hp_per_floor":[43,41,41,41,49,49,49,49,49,49,52,52,51,19,40,44,64,0,0],"gold":240,"neow_bonus":"RANDOM_COLORLESS_2","is_daily":false,"chose_seed":false,"campfire_upgraded":0,"win_rate":0.0,"timestamp":1610879926,"path_taken":["M","M","$","?","M","R","?","R","T","$","M","R","M","E","R","BOSS","M"],"items_purchased_type":["Card","Card","Card","Card","Card","Card","Card"],"build_version":"2020-12-22","purchased_purges":0,"victory":false,"max_hp_per_floor":[70,70,70,70,70,70,70,70,70,70,70,70,70,70,70,70,70,70,70],"card_choices":[{"not_picked":["HandOfGreed","Sadistic Nature"],"picked":"Transmutation","floor":0},{"not_picked":["Hypocrisy"],"picked":"WristCuter","floor":1},{"not_picked":["FeatherOfHonor"],"picked":"Horn","floor":1},{"not_picked":["Galaxy"],"picked":"Horn","floor":2},{"not_picked":["FourthMatchFlame","CENSORED_ego"],"picked":"SKIP","floor":2},{"not_picked":["OSAHOGD","Variant"],"picked":"PunishingBird","floor":5},{"not_picked":["SomewhereSpear"],"picked":"WristCuter","floor":5},{"not_picked":["Scorched","NakedNest","SpiderBud"],"picked":"Singing Bowl","floor":11},{"not_picked":["SpiderBud","UniverseFragment"],"picked":"OldLady","floor":11},{"not_picked":["Lantern","FourthMatchFlame"],"picked":"Beak","floor":11},{"not_picked":["SpiderBud","Scorched"],"picked":"LongBird","floor":13},{"not_picked":["Diffraction+1","FeatherOfHonor+1"],"picked":"Beak+1","floor":13},{"not_picked":["Noise+1","Reverberation+1"],"picked":"SomewhereSpear+1","floor":14},{"not_picked":["ShyLook","Wellcheers","QueenBee"],"picked":"Singing Bowl","floor":14},{"not_picked":["HeroicMonk","ShyLook"],"picked":"VoidDream","floor":14},{"not_picked":["Noise+1","GrinderMk4+1"],"picked":"RapturousDream+1","floor":14},{"not_picked":["DaCapo+1","Twilight+1"],"picked":"GoldRush+1","floor":16},{"not_picked":["OSAHOGD","GalaxyChild"],"picked":"GreedKing","floor":16},{"not_picked":["TheSmile+1","ParadiseLost+1"],"picked":"GoldRush+1","floor":16}],"player_experience":167163,"relics_obtained":[{"floor":9,"key":"Akabeko"},{"floor":14,"key":"Bronze Scales"}],"event_choices":[{"damage_healed":0,"gold_gain":0,"player_choice":"Ignored","damage_taken":0,"max_hp_gain":0,"max_hp_loss":0,"event_name":"Liars Game","floor":4,"gold_loss":0},{"damage_healed":0,"gold_gain":100,"player_choice":"Gold","damage_taken":0,"max_hp_gain":0,"max_hp_loss":0,"event_name":"Wheel of Change","floor":7,"gold_loss":0}],"is_beta":false,"boss_relics":[{"not_picked":["Busted Crown","Calling Bell","Velvet Choker"]}],"items_purged_floors":[],"is_endless":false,"potions_floor_spawned":[1,2,11,16],"killed_by":"Shell Parasite","ascension_level":7}}