{"host":"8oeebsytg2tzguhe","time":1610897122,"event":{"mods":["BaseMod","GungeonMod","Minty Spire (QoL Compilation)","Replay The Spire","StSLib","The Animator","The Bug Knight"],"gold_per_floor":[112,287,299,299,345,364,364,64,64,64,64,100,25,45,45,45,45],"floor_reached":16,"language":"ZHS","playtime":961,"items_purged":["Doubt"],"score":98,"play_id":"75b6355e-f18b-43b7-8dea-63fb09d2dce5","local_time":"20210117232522","is_ascension_mode":false,"campfire_choices":[{"data":"HollowMod:NewGlowingWomb","floor":7,"key":"SMITH"},{"data":"HollowMod:FocusHealStart","floor":11,"key":"SMITH"},{"floor":15,"key":"REST"}],"circlet_count":0,"master_deck":["HollowMod:NailStrikeStart","HollowMod:NailStrikeStart","HollowMod:NailStrikeStart","HollowMod:NailStrikeStart","HollowMod:QuickDashStart","HollowMod:QuickDashStart","HollowMod:QuickDashStart","HollowMod:QuickDashStart","HollowMod:FocusHealStart+1","HollowMod:PogoStrike","HollowMod:NewGlowingWomb+1","HollowMod:GoodIntentions","HollowMod:InfectedAttack","HollowMod:SoulSplash","HollowMod:NewLastStag","HollowMod:InfectedAttack","HollowMod:FastStrike"],"relics":["HollowMod:VesselMask","Golden Idol","DemoMod:NanoMachines","WingedGreaves","Juzu Bracelet"],"acts_visited":["Exordium"],"potions_floor_usage":[],"damage_taken":[{"damage":5,"enemies":"Jaw Worm","floor":1,"turns":4},{"damage":10,"enemies":"Small Slimes","floor":3,"turns":5},{"damage":0,"enemies":"Cultist","floor":6,"turns":4},{"damage":43,"enemies":"Lagavulin","floor":12,"turns":11},{"damage":28,"enemies":"Large Slime","floor":14,"turns":9},{"damage":37,"enemies":"Fading Forest","floor":16,"turns":7}],"seed_played":"1992476521267183001","potions_obtained":[{"floor":6,"key":"FearPotion"},{"floor":14,"key":"Strength Potion"}],"is_trial":false,"path_per_floor":["M","?","M","?","?","M","R","?","T","$","R","E","$","M","R","B"],"character_chosen":"THE_BUGKNIGHT","items_purchased":[],"campfire_rested":1,"item_purchase_floors":[],"current_hp_per_floor":[77,77,77,76,46,52,52,52,52,52,52,21,21,5,27,0,0],"gold":45,"neow_bonus":"TEN_PERCENT_HP_BONUS","is_daily":false,"chose_seed":false,"campfire_upgraded":2,"win_rate":0.0,"timestamp":1610897122,"path_taken":["M","?","M","?","?","?","R","?","T","?","R","E","$","M","R","BOSS"],"items_purchased_type":[],"build_version":"2020-12-22","purchased_purges":1,"victory":false,"max_hp_per_floor":[82,82,82,76,76,76,76,76,76,76,76,76,76,76,76,76,76],"card_choices":[{"not_picked":["HollowMod:CornifersMapStart","HollowMod:InfectionAssault"],"picked":"HollowMod:NewGlowingWomb","floor":1},{"not_picked":["HollowMod:TaintedHusks","HollowMod:FallenFury"],"picked":"HollowMod:GoodIntentions","floor":3},{"not_picked":["HollowMod:SharpenedShadows","HollowMod:ElderbugsWisdom"],"picked":"HollowMod:InfectedAttack","floor":5},{"not_picked":["HollowMod:SiblingsSouls","HollowMod:DoubleDash"],"picked":"HollowMod:SoulSplash","floor":6},{"not_picked":["HollowMod:FastStrike","HollowMod:WraithStrike"],"picked":"HollowMod:InfectedAttack","floor":12},{"not_picked":["HollowMod:DungDefenderAura","HollowMod:SharpenedNail"],"picked":"HollowMod:FastStrike","floor":14}],"player_experience":56806,"relics_obtained":[{"floor":5,"key":"DemoMod:NanoMachines"},{"floor":9,"key":"WingedGreaves"},{"floor":12,"key":"Juzu Bracelet"}],"event_choices":[{"damage_healed":0,"gold_gain":175,"player_choice":"AGREE","damage_taken":0,"max_hp_gain":0,"max_hp_loss":0,"event_name":"Liars Game","floor":2,"gold_loss":0,"cards_obtained":["Doubt"]},{"damage_healed":0,"gold_gain":0,"player_choice":"Lose Max HP","damage_taken":0,"relics_obtained":["Golden Idol"],"max_hp_gain":0,"max_hp_loss":6,"event_name":"Golden Idol","floor":4,"gold_loss":0}],"is_beta":false,"boss_relics":[],"items_purged_floors":[13],"is_endless":false,"potions_floor_spawned":[6,14],"killed_by":"Fading Forest","ascension_level":0}}