{"host":"dhlnk6yox2l1s6up","time":1610902319,"event":{"mods":["BaseMod","Colored Map","Highlight Path","Minty Spire (QoL Compilation)","Relic Stats","StSLib"],"gold_per_floor":[112,129,148,148,148,188,188,219,243,268,218,218,237,275,275,406,406,425,350,350,42,42,73,73,112,163,163,163,201,201,225,225,353,353,374,393,418,418,73,73,112,130,130,130,173,173,191,191,191,191,191,191,66,110,110,110],"floor_reached":55,"language":"ENG","playtime":4195,"items_purged":["Warcry","Thunderclap"],"score":1179,"play_id":"e2b7bd07-7153-4de7-80f8-70932fd0d3ef","local_time":"20210117105159","is_ascension_mode":true,"campfire_choices":[{"data":"Uppercut","floor":7.0,"key":"SMITH"},{"data":"Sword Boomerang","floor":12.0,"key":"SMITH"},{"data":"Sword Boomerang","floor":15.0,"key":"SMITH"},{"data":"Immolate","floor":24.0,"key":"SMITH"},{"data":"Bash","floor":27.0,"key":"SMITH"},{"data":"Shrug It Off","floor":30.0,"key":"SMITH"},{"data":"Shrug It Off","floor":32.0,"key":"SMITH"},{"floor":40,"key":"RECALL"},{"floor":44,"key":"REST"},{"floor":49,"key":"REST"},{"data":"Dual Wield","floor":52,"key":"SMITH"}],"circlet_count":0,"master_deck":["Bash+1","Sword Boomerang+1","Uppercut+1","Shrug It Off+1","Shrug It Off+1","Battle Trance","Headbutt","Sword Boomerang+1","Immolate+1","Shrug It Off","RitualDagger","Double Tap","Shrug It Off","Impervious","Flame Barrier","Power Through","Dual Wield+1","Brutality","Metallicize","Inflame+1","Battle Trance+1","Rupture","Feed","Shrug It Off","Corruption"],"relics":["Burning Blood","Golden Idol","Omamori","Anchor","Juzu Bracelet","InkBottle","Mark of Pain","ClockworkSouvenir","PreservedInsect","Lantern","Tiny Chest","Pen Nib","Smiling Mask","Pandora\u0027s Box","Happy Flower","Bag of Marbles","Letter Opener","StrikeDummy","Champion Belt"],"acts_visited":["Exordium","TheCity","TheBeyond","TheEnding"],"potions_floor_usage":[41,50,54,55,55],"damage_taken":[{"damage":9.0,"enemies":"Jaw Worm","floor":1.0,"turns":5.0},{"damage":0.0,"enemies":"Small Slimes","floor":2.0,"turns":4.0},{"damage":1.0,"enemies":"Cultist","floor":3.0,"turns":4.0},{"damage":0.0,"enemies":"Gremlin Nob","floor":6.0,"turns":3.0},{"damage":26.0,"enemies":"3 Sentries","floor":8.0,"turns":11.0},{"damage":2.0,"enemies":"3 Louse","floor":10.0,"turns":6.0},{"damage":9.0,"enemies":"Blue Slaver","floor":13.0,"turns":3.0},{"damage":19.0,"enemies":"Gremlin Nob","floor":14.0,"turns":4.0},{"damage":20.0,"enemies":"Hexaghost","floor":16.0,"turns":8.0},{"damage":0.0,"enemies":"Spheric Guardian","floor":18.0,"turns":3.0},{"damage":33.0,"enemies":"Book of Stabbing","floor":23.0,"turns":5.0},{"damage":2.0,"enemies":"Slavers","floor":25.0,"turns":2.0},{"damage":0.0,"enemies":"Gremlin Leader","floor":29.0,"turns":3.0},{"damage":0.0,"enemies":"2 Thieves","floor":31.0,"turns":1.0},{"damage":51.0,"enemies":"Automaton","floor":33.0,"turns":8.0},{"damage":5.0,"enemies":"3 Darklings","floor":35.0,"turns":3.0},{"damage":5.0,"enemies":"Orb Walker","floor":36.0,"turns":3.0},{"damage":17.0,"enemies":"4 Shapes","floor":37.0,"turns":12.0},{"damage":11,"enemies":"Reptomancer","floor":41,"turns":5},{"damage":24,"enemies":"Maw","floor":42,"turns":6},{"damage":38,"enemies":"Nemesis","floor":45,"turns":9},{"damage":18,"enemies":"Transient","floor":47,"turns":5},{"damage":20,"enemies":"Time Eater","floor":50,"turns":9},{"damage":27,"enemies":"Shield and Spear","floor":54,"turns":6},{"damage":48,"enemies":"The Heart","floor":55,"turns":8}],"seed_played":"-6248621885442194217","potions_obtained":[{"floor":0.0,"key":"PowerPotion"},{"floor":0.0,"key":"BlessingOfTheForge"},{"floor":0.0,"key":"Ancient Potion"},{"floor":2.0,"key":"AttackPotion"},{"floor":6.0,"key":"SteroidPotion"},{"floor":14.0,"key":"Swift Potion"},{"floor":18.0,"key":"LiquidMemories"},{"floor":31.0,"key":"SmokeBomb"},{"floor":33.0,"key":"LiquidBronze"},{"floor":41,"key":"SpeedPotion"}],"is_trial":false,"path_per_floor":["M","M","M","?","?","E","R","E","T","M","?","R","M","E","R","B",null,"M","?","?","$","?","E","R","E","T","R","?","E","R","M","R","B",null,"M","M","M","?","$","R","E","M","T","R","E","?","M","T","R","B",null,"R","$","E","B"],"character_chosen":"IRONCLAD","items_purchased":["ClockworkSouvenir","PreservedInsect","Rupture","Happy Flower","Ancient Potion","Shrug It Off","SkillPotion"],"campfire_rested":2,"item_purchase_floors":[21,21,39,39,39,53,53],"current_hp_per_floor":[69,75,80,60,60,66,66,46,46,50,50,50,47,34,34,20,65,71,71,71,71,65,38,38,42,42,42,42,48,48,54,54,9,62,63,64,53,53,53,53,48,30,30,54,22,22,10,10,34,20,65,65,65,47,0,0],"gold":110,"neow_bonus":"THREE_SMALL_POTIONS","is_daily":false,"chose_seed":false,"campfire_upgraded":8,"win_rate":0.0,"timestamp":1610902319,"path_taken":["M","M","M","?","?","E","R","E","T","M","?","R","M","E","R","BOSS","M","?","?","$","?","E","R","E","T","R","?","E","R","M","R","BOSS","M","M","M","?","$","R","E","M","T","R","E","?","M","?","R","BOSS","R","$","E","BOSS"],"items_purchased_type":["Relic","Relic","Card","Relic","Potion","Card","Potion"],"build_version":"2020-12-22","purchased_purges":2,"victory":false,"max_hp_per_floor":[80,80,80,80,80,80,80,80,80,80,80,80,80,80,80,80,80,80,80,80,80,80,80,80,80,80,80,80,80,80,80,80,80,80,80,80,80,80,80,80,80,80,80,80,80,80,80,80,80,80,80,80,80,83,83,83],"relic_stats":{"Happy Flower":[16],"counters":[25,136],"Golden Idol":187,"PreservedInsect":316,"Pen Nib":[10],"Juzu Bracelet":2,"Letter Opener":[55],"Smiling Mask":75,"Burning Blood":144,"Tiny Chest":1,"Pandora\u0027s Box":["Flame Barrier","Power Through","Dual Wield","Warcry","Brutality","Metallicize"],"Champion Belt":[4],"obtain_stats":[{"Lantern":23,"Happy Flower":39,"Golden Idol":4,"PreservedInsect":21,"Pen Nib":26,"Omamori":6,"Juzu Bracelet":9,"Letter Opener":45,"Smiling Mask":29,"Burning Blood":0,"ClockworkSouvenir":21,"Anchor":8,"Tiny Chest":25,"Pandora\u0027s Box":34,"Mark of Pain":17,"Bag of Marbles":41,"Champion Belt":54,"StrikeDummy":48,"InkBottle":14},{"Lantern":11,"Happy Flower":18,"Golden Idol":3,"PreservedInsect":10,"Pen Nib":12,"Omamori":4,"Juzu Bracelet":5,"Letter Opener":21,"Smiling Mask":13,"Burning Blood":0,"ClockworkSouvenir":10,"Anchor":5,"Tiny Chest":12,"Pandora\u0027s Box":15,"Mark of Pain":9,"Bag of Marbles":19,"Champion Belt":24,"StrikeDummy":22,"InkBottle":8},{"Lantern":56,"Happy Flower":88,"Golden Idol":13,"PreservedInsect":51,"Pen Nib":58,"Omamori":16,"Juzu Bracelet":27,"Letter Opener":108,"Smiling Mask":61,"Burning Blood":0,"ClockworkSouvenir":51,"Anchor":27,"Tiny Chest":58,"Pandora\u0027s Box":70,"Mark of Pain":48,"Bag of Marbles":93,"Champion Belt":128,"StrikeDummy":113,"InkBottle":40}],"InkBottle":[23]},"card_choices":[{"not_picked":["Armaments","Seeing Red"],"picked":"Sword Boomerang","floor":1.0},{"not_picked":["Ghostly Armor","Wild Strike"],"picked":"Uppercut","floor":2.0},{"not_picked":["Sentinel","Clothesline"],"picked":"Shrug It Off","floor":3.0},{"not_picked":["Shockwave","Carnage"],"picked":"Shrug It Off","floor":6.0},{"not_picked":["Searing Blow","Carnage"],"picked":"Thunderclap","floor":8.0},{"not_picked":["Immolate","Wild Strike"],"picked":"Battle Trance","floor":10.0},{"not_picked":["Body Slam","Clothesline"],"picked":"Headbutt","floor":13.0},{"not_picked":["Seeing Red","Immolate"],"picked":"Sword Boomerang","floor":14.0},{"not_picked":["Exhume","Fiend Fire"],"picked":"Immolate","floor":16.0},{"not_picked":["Clash+1","Thunderclap"],"picked":"Shrug It Off","floor":18.0},{"not_picked":["Clothesline","Sword Boomerang","Thunderclap"],"picked":"SKIP","floor":23.0},{"not_picked":["Reckless Charge","Pummel","Whirlwind"],"picked":"SKIP","floor":25.0},{"not_picked":["Rampage+1","Sword Boomerang+1"],"picked":"Shrug It Off","floor":29.0},{"not_picked":["Cleave+1","Feel No Pain","Pommel Strike"],"picked":"SKIP","floor":31.0},{"not_picked":["Juggernaut","Berserk"],"picked":"Impervious","floor":33.0},{"not_picked":["Pummel+1","Body Slam+1"],"picked":"Inflame+1","floor":35.0},{"not_picked":["Dark Embrace","Sentinel+1"],"picked":"Battle Trance+1","floor":36.0},{"not_picked":["Seeing Red","Warcry","Sever Soul"],"picked":"SKIP","floor":37.0},{"not_picked":["Flex","Searing Blow+1"],"picked":"Feed","floor":41},{"not_picked":["Flex+1","Blood for Blood","Bloodletting"],"picked":"SKIP","floor":42},{"not_picked":["Seeing Red+1","Immolate","Whirlwind+1"],"picked":"SKIP","floor":45},{"not_picked":["Battle Trance","Iron Wave+1","Havoc"],"picked":"SKIP","floor":47},{"not_picked":["Pommel Strike","Dual Wield"],"picked":"Corruption","floor":54}],"player_experience":5857301,"relics_obtained":[{"floor":6.0,"key":"Omamori"},{"floor":8.0,"key":"Anchor"},{"floor":9.0,"key":"Juzu Bracelet"},{"floor":14.0,"key":"InkBottle"},{"floor":23.0,"key":"Lantern"},{"floor":25.0,"key":"Tiny Chest"},{"floor":26.0,"key":"Pen Nib"},{"floor":29.0,"key":"Smiling Mask"},{"floor":41,"key":"Bag of Marbles"},{"floor":45,"key":"Letter Opener"},{"floor":48,"key":"StrikeDummy"},{"floor":54,"key":"Champion Belt"}],"event_choices":[{"damage_healed":0.0,"max_hp_gain":0.0,"max_hp_loss":0.0,"gold_gain":0.0,"event_name":"Golden Idol","player_choice":"Take Damage","floor":4.0,"gold_loss":0.0,"damage_taken":20.0,"relics_obtained":["Golden Idol"]},{"cards_removed":["Strike_R"],"damage_healed":0.0,"max_hp_gain":0.0,"max_hp_loss":0.0,"gold_gain":0.0,"event_name":"Purifier","player_choice":"Purged","floor":5.0,"gold_loss":0.0,"damage_taken":0.0},{"cards_removed":["Defend_R"],"damage_healed":0.0,"max_hp_gain":0.0,"max_hp_loss":0.0,"gold_gain":0.0,"event_name":"The Cleric","player_choice":"Card Removal","floor":11.0,"gold_loss":50.0,"damage_taken":0.0},{"cards_removed":["Strike_R"],"damage_healed":0.0,"max_hp_gain":0.0,"max_hp_loss":0.0,"gold_gain":0.0,"event_name":"Beggar","player_choice":"Gave Gold","floor":19.0,"gold_loss":75.0,"damage_taken":0.0},{"damage_healed":0.0,"max_hp_gain":0.0,"max_hp_loss":0.0,"gold_gain":0.0,"event_name":"Ghosts","player_choice":"Ignored","floor":20.0,"gold_loss":0.0,"damage_taken":0.0},{"damage_healed":0.0,"max_hp_gain":0.0,"max_hp_loss":0.0,"gold_gain":0.0,"event_name":"Nest","player_choice":"Joined the Cult","floor":22.0,"gold_loss":0.0,"damage_taken":6.0,"cards_obtained":["RitualDagger"]},{"damage_healed":0.0,"max_hp_gain":0.0,"max_hp_loss":0.0,"gold_gain":0.0,"event_name":"The Library","player_choice":"Read","floor":28.0,"gold_loss":0.0,"damage_taken":0.0,"cards_obtained":["Double Tap"]},{"damage_healed":0.0,"max_hp_gain":0.0,"max_hp_loss":0.0,"gold_gain":0.0,"event_name":"Tomb of Lord Red Mask","player_choice":"Ignored","floor":38.0,"gold_loss":0.0,"damage_taken":0.0},{"damage_healed":0,"gold_gain":0,"player_choice":"Ignored","damage_taken":0,"max_hp_gain":0,"max_hp_loss":0,"event_name":"Mysterious Sphere","floor":46,"gold_loss":0}],"is_beta":false,"boss_relics":[{"not_picked":["Tiny House","Black Star"],"picked":"Mark of Pain"},{"not_picked":["Runic Cube","Sozu"],"picked":"Pandora\u0027s Box"}],"items_purged_floors":[39,53],"is_endless":false,"potions_floor_spawned":[2,6,14,18,23,31,33,41,45,47],"killed_by":"The Heart","ascension_level":8}}