{"host":"sa4ahr18fk2zb79f","time":1610888664,"event":{"mods":["AchievementEnabler","BaseMod","Colored Map","Colored Powertips","Highlight Path","Minty Spire (QoL Compilation)","Permanent Neow","Quick Restart","Rare Cards Sparkle","Relic Sorter"],"gold_per_floor":[109,126,140,167,137,137,162,173,241,261,261,272,122,72,72,177,177,188,204,204,204,90,121,121,150,150,160,13,13,26,26,26,121,121,131,131,149,162,162,197,197,231,282,29,29,45,65,83,83,83,83,83,8,33,33],"floor_reached":56,"language":"ENG","playtime":12217,"items_purged":["Parasite"],"score":1247,"play_id":"ccdb02fe-ce5c-4000-a98b-0bcc0aeae025","local_time":"20210117140424","is_ascension_mode":false,"campfire_choices":[{"data":"Doppelganger","floor":6.0,"key":"SMITH"},{"data":"Blur","floor":11.0,"key":"SMITH"},{"data":"Well Laid Plans","floor":15.0,"key":"SMITH"},{"data":"Footwork","floor":24.0,"key":"SMITH"},{"data":"Tools of the Trade","floor":29.0,"key":"SMITH"},{"data":"After Image","floor":32.0,"key":"SMITH"},{"floor":41,"key":"RECALL"},{"data":"Apotheosis","floor":45,"key":"SMITH"},{"data":"After Image","floor":49,"key":"SMITH"},{"data":"Mayhem","floor":52,"key":"SMITH"}],"circlet_count":0,"master_deck":["Defend_G+1","Defend_G+1","Defend_G+1","Defend_G+1","Defend_G+1","Survivor","Neutralize","Predator","Caltrops","Doppelganger+1","Bouncing Flask","Blur","Blur+1","PiercingWail","Well Laid Plans+1","After Image+1","Calculated Gamble","PiercingWail","Bite","Bite","Bite","Bite","Footwork+1","Catalyst","Acrobatics","Tools of the Trade+1","Prepared","Footwork+1","After Image+1","Eviscerate+1","Apotheosis+1","Mayhem+1","Concentrate","Tactician","Crippling Poison+1","Acrobatics+1","Phantasmal Killer","Well Laid Plans+1"],"relics":["Ring of the Snake","Torii","Anchor","Lantern","Eternal Feather","HoveringKite","Mango","Shuriken","Art of War","Centennial Puzzle","Du-Vu Doll","Philosopher\u0027s Stone","Pen Nib","StrikeDummy","Calipers","Letter Opener","HornCleat"],"acts_visited":["Exordium","TheCity","TheBeyond","TheEnding"],"potions_floor_usage":[40,50,55,55,55],"damage_taken":[{"damage":0.0,"enemies":"Cultist","floor":1.0,"turns":6.0},{"damage":0.0,"enemies":"2 Louse","floor":2.0,"turns":3.0},{"damage":1.0,"enemies":"Small Slimes","floor":3.0,"turns":4.0},{"damage":24.0,"enemies":"Gremlin Nob","floor":7.0,"turns":4.0},{"damage":0.0,"enemies":"2 Fungi Beasts","floor":8.0,"turns":3.0},{"damage":17.0,"enemies":"Exordium Thugs","floor":10.0,"turns":7.0},{"damage":0.0,"enemies":"Blue Slaver","floor":12.0,"turns":4.0},{"damage":6.0,"enemies":"The Guardian","floor":16.0,"turns":15.0},{"damage":14.0,"enemies":"2 Thieves","floor":18.0,"turns":5.0},{"damage":0.0,"enemies":"Chosen","floor":19.0,"turns":5.0},{"damage":20.0,"enemies":"Book of Stabbing","floor":23.0,"turns":9.0},{"damage":25.0,"enemies":"Gremlin Leader","floor":25.0,"turns":13.0},{"damage":1.0,"enemies":"Snake Plant","floor":27.0,"turns":5.0},{"damage":2.0,"enemies":"Cultist and Chosen","floor":30.0,"turns":6.0},{"damage":22.0,"enemies":"Automaton","floor":33.0,"turns":13.0},{"damage":0.0,"enemies":"3 Darklings","floor":35.0,"turns":8.0},{"damage":0,"enemies":"Orb Walker","floor":37,"turns":4},{"damage":17,"enemies":"Writhing Mass","floor":38,"turns":8},{"damage":0,"enemies":"Reptomancer","floor":40,"turns":7},{"damage":2,"enemies":"Nemesis","floor":42,"turns":7},{"damage":6,"enemies":"3 Darklings","floor":46,"turns":3},{"damage":0,"enemies":"Spire Growth","floor":47,"turns":6},{"damage":0,"enemies":"Maw","floor":48,"turns":5},{"damage":8,"enemies":"Time Eater","floor":50,"turns":13},{"damage":10,"enemies":"Shield and Spear","floor":54,"turns":7},{"damage":10,"enemies":"The Heart","floor":55,"turns":9}],"seed_played":"5863792479265304691","potions_obtained":[{"floor":2.0,"key":"FearPotion"},{"floor":5.0,"key":"Swift Potion"},{"floor":5.0,"key":"Poison Potion"},{"floor":10.0,"key":"SpeedPotion"},{"floor":16.0,"key":"Weak Potion"},{"floor":18.0,"key":"ColorlessPotion"},{"floor":23.0,"key":"Fire Potion"},{"floor":25.0,"key":"Poison Potion"},{"floor":37,"key":"GamblersBrew"},{"floor":38,"key":"AttackPotion"},{"floor":42,"key":"Poison Potion"},{"floor":48,"key":"Dexterity Potion"},{"floor":54,"key":"DistilledChaos"}],"is_trial":false,"path_per_floor":["M","M","M","T","?","R","E","M","T","M","R","M","$","?","R","B",null,"M","M","?","?","$","E","R","E","T","M","$","R","M","?","R","B",null,"M","?","M","M","?","E","R","E","T","$","R","M","M","M","R","B",null,"R","$","E","B",null],"character_chosen":"THE_SILENT","items_purchased":["Well Laid Plans","Footwork","Catalyst","Centennial Puzzle","Letter Opener","LiquidBronze"],"campfire_rested":0,"item_purchase_floors":[13,22,22,28,44,53],"current_hp_per_floor":[70,70,69,69,69,69,45,45,45,28,37,37,37,37,46,40,67,53,53,46,46,46,52,60,60,60,60,60,60,60,60,60,59,60,60,50,59,60,60,60,60,60,60,60,60,54,60,60,60,60,60,60,60,59,60],"gold":33,"neow_bonus":"ONE_RARE_RELIC","is_daily":false,"chose_seed":false,"campfire_upgraded":9,"win_rate":0.0,"timestamp":1610888664,"path_taken":["M","M","M","?","?","R","E","M","T","M","R","?","$","?","R","BOSS","M","M","?","?","$","E","R","E","T","M","$","R","M","?","R","BOSS","M","?","M","M","?","E","R","E","T","$","R","M","?","?","R","BOSS","R","$","E","BOSS"],"items_purchased_type":["Card","Card","Card","Relic","Relic","Potion"],"build_version":"2020-12-22","purchased_purges":1,"victory":true,"max_hp_per_floor":[70,70,70,70,70,70,70,70,70,70,70,70,67,67,67,67,67,67,67,46,46,46,60,60,60,60,60,60,60,60,60,60,60,60,60,60,60,60,60,60,60,60,60,60,60,60,60,60,60,60,60,60,60,60,60],"card_choices":[{"not_picked":["Dodge and Roll","Sucker Punch"],"picked":"Predator","floor":1.0},{"not_picked":["Outmaneuver","Dagger Throw"],"picked":"Caltrops","floor":2.0},{"not_picked":["Tactician","Riddle With Holes"],"picked":"Doppelganger","floor":3.0},{"not_picked":["Eviscerate","Skewer"],"picked":"Bouncing Flask","floor":7.0},{"not_picked":["Accuracy","Escape Plan"],"picked":"Blur","floor":8.0},{"not_picked":["Slice","Footwork"],"picked":"Blur","floor":10.0},{"not_picked":["Acrobatics","Expertise"],"picked":"PiercingWail","floor":12.0},{"not_picked":["Tools of the Trade","Unload"],"picked":"After Image","floor":16.0},{"not_picked":["Quick Slash","Slice"],"picked":"Calculated Gamble","floor":18.0},{"not_picked":["Endless Agony","Cloak And Dagger"],"picked":"PiercingWail","floor":19.0},{"not_picked":["Eviscerate","Skewer"],"picked":"Acrobatics","floor":23.0},{"not_picked":["Sucker Punch","Blade Dance"],"picked":"Tools of the Trade","floor":25.0},{"not_picked":["Outmaneuver","Flechettes"],"picked":"Prepared","floor":27.0},{"not_picked":["Caltrops","Dash+1"],"picked":"Footwork+1","floor":30.0},{"not_picked":["Burst","Bullet Time"],"picked":"After Image","floor":33.0},{"not_picked":["Sucker Punch+1","Cloak And Dagger"],"picked":"Eviscerate+1","floor":35},{"not_picked":["Bandage Up","Impatience"],"picked":"Apotheosis","floor":36},{"not_picked":["PanicButton","Bandage Up"],"picked":"Mayhem","floor":36},{"not_picked":["Deadly Poison+1","Cloak And Dagger"],"picked":"Concentrate","floor":37},{"not_picked":["Concentrate+1","Endless Agony","Backstab+1"],"picked":"SKIP","floor":38},{"not_picked":["Expertise+1","Leg Sweep+1"],"picked":"Tactician","floor":40},{"not_picked":["Terror+1","Die Die Die"],"picked":"Crippling Poison+1","floor":42},{"not_picked":["Distraction","Leg Sweep+1"],"picked":"Acrobatics+1","floor":46},{"not_picked":["Acrobatics+1","Poisoned Stab+1","Quick Slash+1"],"picked":"SKIP","floor":47},{"not_picked":["Quick Slash+1","Cloak And Dagger+1"],"picked":"Phantasmal Killer","floor":48},{"not_picked":["Choke","Cloak And Dagger+1"],"picked":"Well Laid Plans+1","floor":54}],"player_experience":408759,"relics_obtained":[{"floor":4.0,"key":"Anchor"},{"floor":7.0,"key":"Lantern"},{"floor":9.0,"key":"Eternal Feather"},{"floor":23.0,"key":"Mango"},{"floor":25.0,"key":"Shuriken"},{"floor":26.0,"key":"Art of War"},{"floor":40,"key":"StrikeDummy"},{"floor":42,"key":"Calipers"},{"floor":54,"key":"HornCleat"}],"event_choices":[{"damage_healed":0.0,"max_hp_gain":0.0,"max_hp_loss":0.0,"gold_gain":0.0,"event_name":"The Woman in Blue","player_choice":"Bought 2 Potions","floor":5.0,"gold_loss":0.0,"damage_taken":0.0},{"cards_removed":["Strike_G"],"damage_healed":0.0,"max_hp_gain":0.0,"max_hp_loss":0.0,"gold_gain":0.0,"event_name":"The Cleric","player_choice":"Card Removal","floor":14.0,"gold_loss":50.0,"damage_taken":0.0},{"damage_healed":0.0,"max_hp_gain":0.0,"max_hp_loss":21.0,"gold_gain":0.0,"event_name":"Vampires","player_choice":"Became a vampire","floor":20.0,"gold_loss":0.0,"damage_taken":0.0,"cards_obtained":["Bite","Bite","Bite","Bite","Bite"]},{"damage_healed":0.0,"max_hp_gain":0.0,"max_hp_loss":0.0,"gold_gain":0.0,"event_name":"Back to Basics","player_choice":"Simplicity","floor":21.0,"gold_loss":0.0,"damage_taken":0.0,"cards_upgraded":["Defend_G","Defend_G","Defend_G","Defend_G","Defend_G"]},{"damage_healed":0.0,"max_hp_gain":0.0,"max_hp_loss":0.0,"gold_gain":0.0,"event_name":"The Mausoleum","player_choice":"Opened","floor":31.0,"gold_loss":0.0,"damage_taken":0.0,"relics_obtained":["Du-Vu Doll"]},{"damage_healed":0,"gold_gain":0,"player_choice":"Memory 3","damage_taken":10,"max_hp_gain":0,"max_hp_loss":0,"event_name":"SensoryStone","floor":36,"gold_loss":0},{"cards_removed":["Bite"],"damage_healed":0,"gold_gain":0,"player_choice":"Gave Card","damage_taken":0,"relics_obtained":["Pen Nib"],"max_hp_gain":0,"max_hp_loss":0,"event_name":"WeMeetAgain","floor":39,"gold_loss":0}],"is_beta":false,"boss_relics":[{"not_picked":["Busted Crown","Runic Dome"],"picked":"HoveringKite"},{"not_picked":["Runic Pyramid","Pandora\u0027s Box"],"picked":"Philosopher\u0027s Stone"}],"items_purged_floors":[13],"is_endless":false,"potions_floor_spawned":[2,10,16,18,23,25,37,38,42,48,54],"ascension_level":0}}