{"host":"Zandorum","time":1610853781,"event":{"mods":["100% Spire Juice","2.2 Compatiblity","Act Like it!","Bard","BaseMod","Better Note","Hermit","Hubris","Jorbs\u0027s Wanderer Trilogy","Mimic Mod","Minty Spire (QoL Compilation)","Quick Restart","Rare Cards Sparkle","Reorder Act Four","Somnambulant","StSLib","The Blue Laboratory","The Cursed","The Disciple","The Hierophant","The Jungle","The Runesmith","TheVacant","Wandering Minibosses"],"gold_per_floor":[119,134,134,134,134,164,182,257,257,287,287,287,322,341,341,438,438,458,120,120,67,1,33,33,48,48,48,63,63,63],"floor_reached":29,"language":"ENG","playtime":2040,"items_purged":[],"score":284,"play_id":"df40e05c-8648-4105-9921-c9719512ddad","local_time":"20210116192301","is_ascension_mode":false,"campfire_choices":[{"floor":12.0,"key":"REST"},{"data":"hermit:FullyLoaded","floor":15.0,"key":"SMITH"},{"data":"hermit:Determination","floor":24.0,"key":"SMITH"},{"data":"hermit:HighNoon","floor":27.0,"key":"SMITH"}],"circlet_count":0,"master_deck":["hermit:Strike_Hermit+1","hermit:Strike_Hermit","hermit:Strike_Hermit","hermit:Strike_Hermit","hermit:Defend_Hermit","hermit:Defend_Hermit","hermit:Defend_Hermit","hermit:Defend_Hermit","hermit:Snapshot","hermit:Covet","hermit:Glare+1","hermit:Roulette","hermit:Quickdraw","hermit:Dive","hermit:FullyLoaded+1","hermit:HighNoon+1","hermit:Snipe","hermit:Ricochet","hermit:TrackingShot","hermit:Determination+1","Secret Technique","hermit:Snipe","hermit:Headshot+1","hermit:GoldenBullet+1","hermit:Roulette+1"],"relics":["hermit:Momento","NeowsBlessing","hubris:Icosahedron","hubris:Towel","hubris:MysteriousPyramids","hubris:Metronome","hubris:PeanutButter","Eternal Feather","Empty Cage","Tiny Chest","hubris:AstralHammer","hermit:Spyglass"],"acts_visited":["Exordium","TheCity"],"potions_floor_usage":[29,29],"damage_taken":[{"damage":0.0,"enemies":"Jaw Worm","floor":1.0,"turns":1.0},{"damage":0.0,"enemies":"2 Louse","floor":2.0,"turns":1.0},{"damage":0.0,"enemies":"3 Sentries","floor":6.0,"turns":2.0},{"damage":0.0,"enemies":"Small Slimes","floor":7.0,"turns":2.0},{"damage":21.0,"enemies":"Lagavulin","floor":10.0,"turns":4.0},{"damage":16.0,"enemies":"3 Sentries","floor":13.0,"turns":5.0},{"damage":5.0,"enemies":"3 Louse","floor":14.0,"turns":3.0},{"damage":37.0,"enemies":"Hexaghost","floor":16.0,"turns":10.0},{"damage":39.0,"enemies":"Shell Parasite","floor":18.0,"turns":8.0},{"damage":12.0,"enemies":"Book of Stabbing","floor":23.0,"turns":4.0},{"damage":18.0,"enemies":"3 Byrds","floor":25.0,"turns":5.0},{"damage":19.0,"enemies":"Centurion and Healer","floor":28.0,"turns":4.0},{"damage":32,"enemies":"Gremlin Leader","floor":29,"turns":7}],"seed_played":"5329152378389407893","potions_obtained":[{"floor":1.0,"key":"blueLaboratory:FruitPunch"},{"floor":2.0,"key":"blueLaboratory:SavagePotion"},{"floor":7.0,"key":"blueLaboratory:ImpenetrablePotion"},{"floor":10.0,"key":"blueLaboratory:CorrosionFlask"},{"floor":16.0,"key":"blueLaboratory:PyrophylliteBrew"},{"floor":20.0,"key":"blueLaboratory:FruitPunch"},{"floor":20.0,"key":"Fruit Juice"},{"floor":20.0,"key":"blueLaboratory:ImpenetrablePotion"},{"floor":25.0,"key":"Explosive Potion"},{"floor":28.0,"key":"EssenceOfSteel"}],"is_trial":false,"path_per_floor":["M","M","?","?","?","E","M","?","T","E","?","R","E","M","R","B",null,"M","$","?","$","?","E","R","M","T","R","M","E"],"character_chosen":"HERMIT","items_purchased":["hermit:Ricochet","hermit:TrackingShot","hermit:Determination","Secret Technique","hermit:Snipe"],"campfire_rested":1,"item_purchase_floors":[19,19,19,19,21],"current_hp_per_floor":[75,75,75,60,60,60,60,49,49,30,35,59,43,38,47,10,82,43,43,43,43,43,38,50,32,32,44,25,0,0],"gold":63,"neow_bonus":"THREE_ENEMY_KILL","is_daily":false,"chose_seed":false,"campfire_upgraded":3,"win_rate":0.0,"timestamp":1610853781,"path_taken":["M","M","?","?","?","E","?","?","T","E","?","R","E","M","R","BOSS","M","$","?","$","?","E","R","M","T","R","?","E"],"items_purchased_type":["Card","Card","Card","Card","Card"],"build_version":"2020-12-18","purchased_purges":0,"victory":false,"max_hp_per_floor":[75,75,75,75,75,75,75,75,75,77,82,82,82,82,82,82,82,82,82,82,82,82,89,89,89,89,89,89,89,89],"card_choices":[{"not_picked":["hermit:Showdown","hermit:Enervate"],"picked":"hermit:Glare","floor":1.0},{"not_picked":["hermit:Grudge","hermit:LowProfile"],"picked":"hermit:Roulette","floor":2.0},{"not_picked":["hermit:Maintenance","hermit:Enervate"],"picked":"hermit:Quickdraw","floor":6.0},{"not_picked":["hermit:Enervate","hermit:Desperado"],"picked":"hermit:LoneWolf","floor":7.0},{"not_picked":["hermit:Ricochet","hermit:Virtue"],"picked":"hermit:Brawl","floor":10.0},{"not_picked":["hermit:FatalDesire","hermit:Brawl"],"picked":"hermit:Dive","floor":13.0},{"not_picked":["hermit:Roulette","hermit:Cheat"],"picked":"hermit:FullyLoaded","floor":14.0},{"not_picked":["hermit:Magnum","hermit:Roughhouse"],"picked":"hermit:HighNoon","floor":16.0},{"not_picked":["hermit:Horror","hermit:Dive+1"],"picked":"hermit:Snipe","floor":18.0},{"not_picked":["hermit:Horror","hermit:DeadMansHand"],"picked":"hermit:Headshot+1","floor":23.0},{"not_picked":["hermit:Roulette","hermit:Vantage"],"picked":"hermit:GoldenBullet+1","floor":25.0},{"not_picked":["hermit:Coalescence","hermit:Misfire"],"picked":"hermit:Roulette+1","floor":28.0}],"player_experience":141553,"relics_obtained":[{"floor":6.0,"key":"hubris:MysteriousPyramids"},{"floor":9.0,"key":"hubris:Metronome"},{"floor":10.0,"key":"hubris:PeanutButter"},{"floor":13.0,"key":"Eternal Feather"},{"floor":23.0,"key":"hubris:AstralHammer"},{"floor":26.0,"key":"hermit:Spyglass"}],"event_choices":[{"damage_healed":0.0,"max_hp_gain":0.0,"max_hp_loss":0.0,"gold_gain":0.0,"event_name":"Shining Light","player_choice":"Entered Light","floor":4.0,"gold_loss":0.0,"damage_taken":15.0,"cards_upgraded":["hermit:Glare","hermit:Strike_Hermit"]},{"damage_healed":0.0,"max_hp_gain":0.0,"max_hp_loss":0.0,"gold_gain":75.0,"event_name":"World of Goop","player_choice":"Gather Gold","floor":8.0,"gold_loss":0.0,"damage_taken":11.0},{"damage_healed":0.0,"max_hp_gain":5.0,"max_hp_loss":0.0,"gold_gain":0.0,"event_name":"Big Fish","player_choice":"Donut","floor":11.0,"gold_loss":0.0,"damage_taken":0.0},{"damage_healed":0.0,"max_hp_gain":0.0,"max_hp_loss":0.0,"gold_gain":0.0,"event_name":"Lab","player_choice":"Got Potions","floor":20.0,"gold_loss":0.0,"damage_taken":0.0},{"damage_healed":0.0,"max_hp_gain":0.0,"max_hp_loss":0.0,"gold_gain":0.0,"event_name":"WeMeetAgain","player_choice":"Paid Gold","floor":22.0,"gold_loss":66.0,"damage_taken":0.0,"relics_obtained":["Tiny Chest"]}],"is_beta":true,"boss_relics":[{"not_picked":["Ectoplasm","Fusion Hammer"],"picked":"Empty Cage"}],"items_purged_floors":[],"is_endless":false,"potions_floor_spawned":[1,2,7,10,16,25,28],"killed_by":"Gremlin Leader","ascension_level":0}}