{"host":"mai03x2ekbjy4059","time":1610844597,"event":{"mods":["2.2 Compatiblity","BaseMod","DeckTracker","Keyboard Shortcuts","Minty Spire (QoL Compilation)","Permanent Neow","Quick Restart","SuperFastMode","everything is the same but u backflip on backflip"],"gold_per_floor":[19,19,30,41,61,93,93,105,105,105,131,142,159,184,184,287,287,300,319,87,101,117,149,74,74,119,149,165,193,207,241,241,345,345,357,370,417,436,436,454,454,374,374,390,415,426,426,460,460,460,460,460,2,35,35],"floor_reached":56,"language":"KOR","playtime":1964,"items_purged":["Strike_R"],"score":1544,"play_id":"8ffccbec-9764-484d-a9cb-19fa54a75eff","local_time":"20210117094957","is_ascension_mode":true,"campfire_choices":[{"data":"True Grit","floor":7.0,"key":"SMITH"},{"data":"Body Slam","floor":10.0,"key":"SMITH"},{"data":"Infernal Blade","floor":15.0,"key":"SMITH"},{"data":"Armaments","floor":25.0,"key":"SMITH"},{"data":"Barricade","floor":32.0,"key":"SMITH"},{"data":"Body Slam","floor":41,"key":"SMITH"},{"data":"Body Slam","floor":47,"key":"SMITH"},{"floor":49,"key":"RECALL"},{"data":"Entrench","floor":52,"key":"SMITH"}],"circlet_count":0,"master_deck":["Strike_R","Strike_R","Strike_R","Defend_R","Defend_R","Defend_R","Defend_R","Havoc+1","Evolve","Infernal Blade+1","True Grit+1","Feel No Pain","Body Slam+1","Shockwave","Sentinel","Impervious","Armaments+1","Feel No Pain","Shrug It Off","Sentinel","Burning Pact","Body Slam+1","Barricade+1","Body Slam+1","Impervious","Body Slam+1","Seeing Red+1","Infernal Blade+1","Disarm+1","Feel No Pain+1","Injury","Evolve+1","Intimidate+1","Entrench+1","Feel No Pain+1","Seeing Red"],"relics":["Burning Blood","Charon\u0027s Ashes","MealTicket","Thread and Needle","Darkstone Periapt","Lizard Tail","Sozu","Dream Catcher","Meat on the Bone","Frozen Egg 2","Strawberry","Cursed Key","Bird Faced Urn","Bronze Scales","TungstenRod","Happy Flower","Medical Kit","Red Skull","Anchor"],"acts_visited":["Exordium","TheCity","TheBeyond","TheEnding"],"potions_floor_usage":[55],"damage_taken":[{"damage":6.0,"enemies":"Jaw Worm","floor":1.0,"turns":3.0},{"damage":0.0,"enemies":"2 Louse","floor":3.0,"turns":2.0},{"damage":1.0,"enemies":"Cultist","floor":4.0,"turns":3.0},{"damage":8.0,"enemies":"Large Slime","floor":5.0,"turns":4.0},{"damage":42.0,"enemies":"Lagavulin","floor":6.0,"turns":7.0},{"damage":16.0,"enemies":"Exordium Wildlife","floor":8.0,"turns":5.0},{"damage":7.0,"enemies":"Gremlin Nob","floor":11.0,"turns":4.0},{"damage":1.0,"enemies":"Looter","floor":12.0,"turns":4.0},{"damage":0.0,"enemies":"3 Louse","floor":13.0,"turns":4.0},{"damage":0.0,"enemies":"Lagavulin","floor":14.0,"turns":5.0},{"damage":3.0,"enemies":"The Guardian","floor":16.0,"turns":9.0},{"damage":22.0,"enemies":"Spheric Guardian","floor":18.0,"turns":7.0},{"damage":0.0,"enemies":"3 Byrds","floor":19.0,"turns":5.0},{"damage":26.0,"enemies":"Snake Plant","floor":21.0,"turns":8.0},{"damage":0.0,"enemies":"Cultist and Chosen","floor":22.0,"turns":5.0},{"damage":5.0,"enemies":"Book of Stabbing","floor":23.0,"turns":8.0},{"damage":34.0,"enemies":"Slavers","floor":27.0,"turns":5.0},{"damage":6.0,"enemies":"Snecko","floor":28.0,"turns":7.0},{"damage":2.0,"enemies":"Book of Stabbing","floor":29.0,"turns":8.0},{"damage":0.0,"enemies":"Centurion and Healer","floor":30.0,"turns":5.0},{"damage":4.0,"enemies":"Gremlin Leader","floor":31.0,"turns":8.0},{"damage":0.0,"enemies":"Automaton","floor":33.0,"turns":7.0},{"damage":0.0,"enemies":"3 Shapes","floor":35.0,"turns":4.0},{"damage":0.0,"enemies":"Orb Walker","floor":36.0,"turns":3.0},{"damage":49.0,"enemies":"2 Orb Walkers","floor":37.0,"turns":6.0},{"damage":43.0,"enemies":"Spire Growth","floor":38.0,"turns":6.0},{"damage":12,"enemies":"Maw","floor":40,"turns":8},{"damage":2,"enemies":"3 Darklings","floor":44,"turns":5},{"damage":0,"enemies":"Giant Head","floor":45,"turns":5},{"damage":0,"enemies":"Sphere and 2 Shapes","floor":46,"turns":3},{"damage":48,"enemies":"Reptomancer","floor":48,"turns":6},{"damage":24,"enemies":"Time Eater","floor":50,"turns":9},{"damage":75,"enemies":"Shield and Spear","floor":54,"turns":8},{"damage":47,"enemies":"The Heart","floor":55,"turns":9}],"seed_played":"302390703201321299","potions_obtained":[{"floor":4.0,"key":"SkillPotion"},{"floor":8.0,"key":"BlessingOfTheForge"},{"floor":11.0,"key":"DistilledChaos"},{"floor":12.0,"key":"DistilledChaos"},{"floor":13.0,"key":"PowerPotion"}],"is_trial":false,"path_per_floor":["M","?","M","M","M","E","R","M","T","R","E","M","M","E","R","B",null,"M","M","$","M","M","E","?","R","T","E","M","E","M","E","R","B",null,"M","M","?","M","?","M","R","$","T","M","E","M","R","E","R","B",null,"R","$","E","B",null],"character_chosen":"IRONCLAD","items_purchased":["Feel No Pain","Shrug It Off","Sentinel","Feel No Pain+1","Medical Kit","Feel No Pain+1","Red Skull","Seeing Red"],"campfire_rested":0,"item_purchase_floors":[20,20,20,42,53,53,53,53],"current_hp_per_floor":[80,80,80,80,78,42,42,32,32,32,31,36,42,48,48,51,80,64,70,80,60,66,67,67,67,67,39,51,55,61,70,70,76,87,87,87,56,39,39,53,53,68,74,88,93,93,93,57,57,61,93,93,93,50,37],"gold":35,"neow_bonus":"ONE_RARE_RELIC","is_daily":false,"chose_seed":false,"campfire_upgraded":8,"win_rate":0.0,"timestamp":1610844597,"path_taken":["M","?","M","M","M","E","R","M","T","R","E","M","M","E","R","BOSS","M","M","$","M","M","E","?","R","T","E","M","E","M","E","R","BOSS","M","M","?","M","?","?","R","$","T","M","E","M","R","E","R","BOSS","R","$","E","BOSS"],"items_purchased_type":["Card","Card","Card","Card","Relic","Card","Relic","Card"],"build_version":"2020-12-22","purchased_purges":1,"victory":true,"max_hp_per_floor":[80,80,80,80,80,80,80,80,80,80,80,80,80,80,80,80,80,80,80,80,80,80,80,80,80,80,80,80,80,80,87,87,87,87,87,87,87,87,87,87,87,87,93,93,93,93,93,93,93,93,93,93,93,93,93],"card_choices":[{"not_picked":["Pommel Strike","Warcry"],"picked":"Havoc","floor":1.0},{"not_picked":["Warcry","Whirlwind"],"picked":"Evolve","floor":3.0},{"not_picked":["Warcry","Armaments"],"picked":"Infernal Blade","floor":4.0},{"not_picked":["Clothesline","Rage"],"picked":"True Grit","floor":5.0},{"not_picked":["Perfected Strike","Fiend Fire"],"picked":"Feel No Pain","floor":6.0},{"not_picked":["Reckless Charge","Perfected Strike"],"picked":"Body Slam","floor":8.0},{"not_picked":["Dual Wield","Shrug It Off"],"picked":"Shockwave","floor":11.0},{"not_picked":["Body Slam","Flex","Rupture"],"picked":"SKIP","floor":12.0},{"not_picked":["Pommel Strike","Reaper","Clash"],"picked":"SKIP","floor":13.0},{"not_picked":["Iron Wave","Clash"],"picked":"Sentinel","floor":14.0},{"not_picked":["Fiend Fire","Brutality"],"picked":"Impervious","floor":16.0},{"not_picked":["Body Slam","Headbutt"],"picked":"Armaments","floor":18.0},{"not_picked":["Rampage","Dual Wield","Thunderclap"],"picked":"SKIP","floor":19.0},{"not_picked":["True Grit","Cleave"],"picked":"Burning Pact","floor":21.0},{"not_picked":["Armaments","Havoc"],"picked":"Body Slam","floor":22.0},{"not_picked":["Berserk","Clash","Sword Boomerang+1"],"picked":"SKIP","floor":23.0},{"not_picked":["Sword Boomerang+1","Twin Strike","Metallicize"],"picked":"SKIP","floor":27.0},{"not_picked":["Rupture","Warcry+1"],"picked":"Barricade","floor":28.0},{"not_picked":["True Grit+1","Spot Weakness"],"picked":"Body Slam","floor":29.0},{"not_picked":["Pummel","Iron Wave","Spot Weakness"],"picked":"SKIP","floor":30.0},{"not_picked":["Pommel Strike","Barricade+1","Thunderclap+1"],"picked":"SKIP","floor":31.0},{"not_picked":["Bludgeon","Demon Form+1"],"picked":"Impervious","floor":33.0},{"not_picked":["Heavy Blade","Dropkick","Thunderclap+1"],"picked":"SKIP","floor":35.0},{"not_picked":["Rupture+1","Twin Strike"],"picked":"Body Slam+1","floor":36.0},{"not_picked":["Infernal Blade","Searing Blow+1"],"picked":"Seeing Red+1","floor":37.0},{"not_picked":["Clash+1","Shrug It Off"],"picked":"Infernal Blade+1","floor":38},{"not_picked":["Pommel Strike","Flex"],"picked":"Disarm+1","floor":40},{"not_picked":["Sword Boomerang+1","Warcry"],"picked":"Evolve+1","floor":44},{"not_picked":["Dual Wield","Battle Trance+1"],"picked":"Intimidate+1","floor":45},{"not_picked":["Power Through+1","Ghostly Armor"],"picked":"Entrench","floor":46},{"not_picked":["Dual Wield+1","Evolve+1","Pommel Strike"],"picked":"SKIP","floor":48},{"not_picked":["Blood for Blood","True Grit","Anger+1"],"picked":"SKIP","floor":54}],"player_experience":1061860,"relics_obtained":[{"floor":6.0,"key":"MealTicket"},{"floor":9.0,"key":"Thread and Needle"},{"floor":11.0,"key":"Darkstone Periapt"},{"floor":14.0,"key":"Lizard Tail"},{"floor":23.0,"key":"Dream Catcher"},{"floor":27.0,"key":"Meat on the Bone"},{"floor":29.0,"key":"Frozen Egg 2"},{"floor":31.0,"key":"Strawberry"},{"floor":37.0,"key":"Bird Faced Urn"},{"floor":43,"key":"Bronze Scales"},{"floor":45,"key":"TungstenRod"},{"floor":48,"key":"Happy Flower"},{"floor":54,"key":"Anchor"}],"event_choices":[{"damage_healed":0.0,"max_hp_gain":0.0,"max_hp_loss":0.0,"gold_gain":0.0,"event_name":"Living Wall","player_choice":"Grow","floor":2.0,"gold_loss":0.0,"damage_taken":0.0,"cards_upgraded":["Havoc"]},{"cards_removed":["Strike_R"],"damage_healed":0.0,"max_hp_gain":0.0,"max_hp_loss":0.0,"gold_gain":0.0,"event_name":"Beggar","player_choice":"Gave Gold","floor":24.0,"gold_loss":75.0,"damage_taken":0.0},{"damage_healed":0.0,"max_hp_gain":0.0,"max_hp_loss":0.0,"gold_gain":0.0,"event_name":"Mysterious Sphere","player_choice":"Fight","floor":37.0,"gold_loss":0.0,"damage_taken":0.0},{"cards_removed":["Bash"],"damage_healed":0,"gold_gain":0,"player_choice":"Purged","damage_taken":0,"max_hp_gain":0,"max_hp_loss":0,"event_name":"Purifier","floor":39,"gold_loss":0}],"is_beta":false,"boss_relics":[{"not_picked":["Black Blood","Velvet Choker"],"picked":"Sozu"},{"not_picked":["Empty Cage","Pandora\u0027s Box"],"picked":"Cursed Key"}],"items_purged_floors":[20],"is_endless":false,"potions_floor_spawned":[4,8,11,12,13,18,21,22,23,31,37,44,45,46,48],"ascension_level":1}}