{"host":"s0rqbuvjzggdtc2s","time":1610881186,"event":{"mods":["ATMod(°¢èªMod)","BaseMod","Minty Spire (QoL Compilation)","StSLib","¡¾ÒÅÎï¿¨ÅÆ¡¿REMEMod"],"gold_per_floor":[118,137,27,27,40,71,71,71,124,159,159,174,29,42,42,147,147,158,8,18,18,18,38,64,64,88,88,102,112,127,146,146,251,251,261,116,127,180,142,142,154,204,204,204,304,304,323,338,338,338],"floor_reached":51,"language":"ZHS","playtime":1558,"items_purged":["Strike_B","Strike_B"],"score":704,"play_id":"10fa6813-bc89-4475-87e7-de11aa793d2e","local_time":"20210117185946","is_ascension_mode":false,"campfire_choices":[{"data":"AT_RightCognition","floor":8,"key":"SMITH"},{"data":"Loop","floor":11,"key":"SMITH"},{"floor":15,"key":"REST"},{"floor":27,"key":"REST"},{"floor":32,"key":"REST"},{"data":"AT_RightCognition","floor":40,"key":"SMITH"},{"floor":44,"key":"REST"},{"data":"AT_ThunderBolt","floor":46,"key":"SMITH"},{"floor":49,"key":"REST"}],"circlet_count":0,"master_deck":["Strike_B","Defend_B","Defend_B","Defend_B","Defend_B","Zap","Dualcast","AT_RightCognition+1","Sucker Punch","Loop+1","Ball Lightning","AT_ThunderBolt+1","Leap","Amplify","Hologram","Amplify","BootSequence+1","Tempest","Writhe","Force Field+1","Auto Shields","Cold Snap","AT_RobotInSpace","Capacitor","AT_RightCognition+1","Loop","Redo","Coolheaded","Conserve Battery+1"],"relics":["Cracked Core","AT_ATBox","REME_ComplimentaryCards","NeowsBlessing","Oddly Smooth Stone","AT_BellowingDragoncrestRing","Smiling Mask","AT_SunfireAegis","ClockworkSouvenir","SacredBark","Lee\u0027s Waffle","Tiny Chest","Torii","Centennial Puzzle","Runic Pyramid","HandDrill","MawBank","CaptainsWheel","Molten Egg 2"],"acts_visited":["Exordium","TheCity","TheBeyond"],"potions_floor_usage":[24,33,33,50,50,50],"damage_taken":[{"damage":5,"enemies":"2 Louse","floor":1,"turns":2},{"damage":0,"enemies":"Cultist","floor":2,"turns":2},{"damage":0,"enemies":"Jaw Worm","floor":5,"turns":1},{"damage":7,"enemies":"Lagavulin","floor":6,"turns":6},{"damage":8,"enemies":"Gremlin Nob","floor":10,"turns":4},{"damage":9,"enemies":"Large Slime","floor":12,"turns":4},{"damage":0,"enemies":"3 Louse","floor":14,"turns":3},{"damage":31,"enemies":"Hexaghost","floor":16,"turns":5},{"damage":37,"enemies":"2 Thieves","floor":18,"turns":3},{"damage":19,"enemies":"Shell Parasite","floor":20,"turns":6},{"damage":28,"enemies":"Sentry and Sphere","floor":23,"turns":5},{"damage":7,"enemies":"Book of Stabbing","floor":24,"turns":5},{"damage":1,"enemies":"Chosen and Byrds","floor":28,"turns":6},{"damage":0,"enemies":"Cultist and Chosen","floor":29,"turns":5},{"damage":16,"enemies":"3 Cultists","floor":30,"turns":4},{"damage":7,"enemies":"Snake Plant","floor":31,"turns":4},{"damage":24,"enemies":"Collector","floor":33,"turns":6},{"damage":19,"enemies":"3 Shapes","floor":35,"turns":5},{"damage":2,"enemies":"Orb Walker","floor":37,"turns":5},{"damage":18,"enemies":"3 Darklings","floor":41,"turns":5},{"damage":0,"enemies":"Mind Bloom Boss Battle","floor":42,"turns":4},{"damage":0,"enemies":"Writhing Mass","floor":47,"turns":6},{"damage":30,"enemies":"Sphere and 2 Shapes","floor":48,"turns":4},{"damage":2,"enemies":"Awakened One","floor":50,"turns":7}],"seed_played":"4887059970114175489","potions_obtained":[{"floor":1,"key":"Dexterity Potion"},{"floor":6,"key":"Strength Potion"},{"floor":14,"key":"SteroidPotion"},{"floor":23,"key":"EssenceOfDarkness"},{"floor":28,"key":"SkillPotion"},{"floor":30,"key":"Dexterity Potion"},{"floor":33,"key":"AttackPotion"},{"floor":35,"key":"CultistPotion"},{"floor":42,"key":"EssenceOfSteel"}],"is_trial":false,"path_per_floor":["M","M","$","?","M","E","?","R","T","E","R","M","$","M","R","B",null,"M","$","M","?","?","M","E","?","T","R","M","M","M","M","R","B",null,"M","$","M","T","$","R","M","?","T","R","?","R","M","M","R","B",null],"character_chosen":"DEFECT","items_purchased":["AT_ThunderBolt","ClockworkSouvenir","Lee\u0027s Waffle","HandDrill"],"campfire_rested":5,"item_purchase_floors":[3,13,19,36],"current_hp_per_floor":[70,70,70,70,70,63,63,63,63,55,55,46,46,46,68,37,75,38,82,63,63,47,19,12,12,12,38,37,37,21,14,40,16,87,68,68,66,66,66,66,48,48,48,74,74,74,74,44,70,68],"gold":338,"neow_bonus":"THREE_ENEMY_KILL","is_daily":false,"chose_seed":false,"campfire_upgraded":4,"win_rate":0.0,"timestamp":1610881186,"path_taken":["M","M","$","?","?","E","?","R","T","E","R","?","$","M","R","BOSS","M","$","M","?","?","M","E","?","T","R","M","?","M","M","R","BOSS","M","$","M","?","$","R","?","?","T","R","?","R","M","M","R","BOSS"],"items_purchased_type":["Card","Relic","Relic","Relic"],"build_version":"2020-12-22","purchased_purges":2,"victory":true,"max_hp_per_floor":[75,75,75,75,75,75,75,75,75,75,75,75,75,75,75,75,75,75,82,82,82,87,87,87,87,87,87,87,87,87,87,87,87,87,87,87,87,87,87,87,87,87,87,87,87,87,87,87,87,87],"card_choices":[{"not_picked":["Stack","Hologram"],"picked":"Loop","floor":1},{"not_picked":["Lockon","Heatsinks"],"picked":"Ball Lightning","floor":2},{"not_picked":["Compile Driver","Go for the Eyes"],"picked":"Leap","floor":5},{"not_picked":["Sweeping Beam","Stack"],"picked":"Amplify","floor":6},{"not_picked":["REME_ForAll","Meteor Strike","Go for the Eyes"],"picked":"SKIP","floor":10},{"not_picked":["Gash","Glacier","AT_WarpDrive"],"picked":"SKIP","floor":12},{"not_picked":["Barrage","Self Repair"],"picked":"Hologram","floor":14},{"not_picked":["Hyperbeam","Creative AI"],"picked":"Amplify","floor":16},{"not_picked":["Undo+1","Steam"],"picked":"BootSequence+1","floor":18},{"not_picked":["Gash","Leap"],"picked":"Tempest","floor":20},{"not_picked":["Turbo","Gash+1"],"picked":"Force Field+1","floor":23},{"not_picked":["Capacitor","Streamline+1"],"picked":"Auto Shields","floor":24},{"not_picked":["Sweeping Beam","AT_HeatAcrobatics"],"picked":"Cold Snap","floor":28},{"not_picked":["Barrage+1","REME_ForAll"],"picked":"AT_RobotInSpace","floor":29},{"not_picked":["REME_DataAnalysis","Hologram","Steam Power+1"],"picked":"SKIP","floor":30},{"not_picked":["Stack","Hologram"],"picked":"Capacitor","floor":31},{"not_picked":["Echo Form","REME_Shoggoth"],"picked":"AT_RightCognition","floor":33},{"not_picked":["Hologram+1","Gash"],"picked":"Loop","floor":35},{"not_picked":["Consume+1","Go for the Eyes"],"picked":"Redo","floor":37},{"not_picked":["Hyperbeam","Genetic Algorithm"],"picked":"Coolheaded","floor":41},{"not_picked":["Reinforced Body","Cold Snap"],"picked":"Conserve Battery+1","floor":42},{"not_picked":["Beam Cell+1","Redo","Rebound+1"],"picked":"SKIP","floor":47},{"not_picked":["Doom and Gloom+1","Reinforced Body+1","Go for the Eyes+1"],"picked":"SKIP","floor":48}],"player_experience":184810,"relics_obtained":[{"floor":6,"key":"AT_BellowingDragoncrestRing"},{"floor":9,"key":"Smiling Mask"},{"floor":10,"key":"AT_SunfireAegis"},{"floor":24,"key":"Torii"},{"floor":26,"key":"Centennial Puzzle"},{"floor":38,"key":"MawBank"},{"floor":42,"key":"CaptainsWheel"},{"floor":43,"key":"Molten Egg 2"}],"event_choices":[{"damage_healed":0,"gold_gain":0,"player_choice":"Gave Potion","damage_taken":0,"relics_obtained":["Oddly Smooth Stone"],"max_hp_gain":0,"max_hp_loss":0,"event_name":"WeMeetAgain","floor":4,"gold_loss":0},{"cards_removed":["Strike_B"],"damage_healed":0,"gold_gain":0,"player_choice":"Purged","damage_taken":0,"max_hp_gain":0,"max_hp_loss":0,"event_name":"Purifier","floor":7,"gold_loss":0},{"damage_healed":0,"gold_gain":0,"player_choice":"Opened","damage_taken":0,"relics_obtained":["Tiny Chest"],"max_hp_gain":0,"max_hp_loss":0,"event_name":"The Mausoleum","floor":21,"gold_loss":0,"cards_obtained":["Writhe"]},{"damage_healed":0,"gold_gain":0,"player_choice":"Shed Blood","damage_taken":21,"max_hp_gain":5,"max_hp_loss":0,"event_name":"Forgotten Altar","floor":22,"gold_loss":0},{"damage_healed":0,"gold_gain":0,"player_choice":"Fight","damage_taken":0,"max_hp_gain":0,"max_hp_loss":0,"event_name":"MindBloom","floor":42,"gold_loss":0},{"damage_healed":0,"gold_gain":100,"player_choice":"Pray","damage_taken":0,"max_hp_gain":0,"max_hp_loss":0,"event_name":"Golden Shrine","floor":45,"gold_loss":0}],"is_beta":false,"boss_relics":[{"not_picked":["REME_DemonsWealth","Cursed Key"],"picked":"SacredBark"},{"not_picked":["Coffee Dripper","Sozu"],"picked":"Runic Pyramid"}],"items_purged_floors":[3,39],"is_endless":false,"potions_floor_spawned":[1,6,14,23,28,29,30,33,35,41,42],"ascension_level":0}}