{"host":"ml2ro5l6hu6y0pll","time":1610927721,"event":{"mods":["AchievementEnabler","BaseMod","Colored Map","Colored Powertips","Custom Start","Googly Eyes","Minty Spire (QoL Compilation)","Quick Restart","Rare Cards Sparkle","Relic Stats","StSLib","everything is the same but u backflip on backflip"],"gold_per_floor":[119,129,145,29,47,82,111,136,136,168,201,230,253,285,297,383,395,426,328,14,29,41,41,41,41],"floor_reached":24,"language":"ENG","playtime":1151,"items_purged":["Strike_G+1"],"score":676,"play_id":"cbb0af2a-4fff-4959-b3fe-7858baadc6b3","local_time":"20210117235521","daily_mods":["Flight","DeadlyEvents"],"is_ascension_mode":true,"campfire_choices":[{"data":"After Image","floor":15,"key":"SMITH"},{"data":"Wraith Form v2","floor":23,"key":"SMITH"}],"circlet_count":0,"master_deck":["DevaForm+1","Defend_G+1","Defend_G+1","Defend_G+1","Defend_G+1","Survivor+1","Strike_G+1","Strike_G+1","Neutralize+1","Wraith Form v2+1","Demon Form+1","Echo Form+1","Well Laid Plans","Backflip","Crippling Poison","Eviscerate","After Image+1","Choke","Wraith Form v2+1","Skewer+1","Eviscerate"],"relics":["Ring of the Snake","Snecko Eye","Pen Nib","Oddly Smooth Stone","Prayer Wheel","Du-Vu Doll","MawBank","Odd Mushroom","Philosopher\u0027s Stone","FossilizedHelix"],"acts_visited":["Exordium","TheCity"],"potions_floor_usage":[16],"damage_taken":[{"damage":0.0,"enemies":"Cultist","floor":1.0,"turns":4.0},{"damage":1.0,"enemies":"Small Slimes","floor":2.0,"turns":3.0},{"damage":0.0,"enemies":"Jaw Worm","floor":3.0,"turns":3.0},{"damage":10.0,"enemies":"Lots of Slimes","floor":5.0,"turns":5.0},{"damage":5.0,"enemies":"3 Sentries","floor":6.0,"turns":7.0},{"damage":8.0,"enemies":"Gremlin Nob","floor":7.0,"turns":4.0},{"damage":0.0,"enemies":"Lagavulin","floor":8.0,"turns":5.0},{"damage":11,"enemies":"3 Sentries","floor":10,"turns":7},{"damage":0,"enemies":"Lagavulin","floor":11,"turns":5},{"damage":8,"enemies":"Looter","floor":12,"turns":3},{"damage":4,"enemies":"3 Louse","floor":13,"turns":2},{"damage":1,"enemies":"The Mushroom Lair","floor":14,"turns":3},{"damage":0,"enemies":"Hexaghost","floor":16,"turns":6},{"damage":0,"enemies":"Shell Parasite","floor":18,"turns":5},{"damage":0,"enemies":"Chosen","floor":21,"turns":4},{"damage":9,"enemies":"Snake Plant","floor":22,"turns":4},{"damage":0,"enemies":"Slavers","floor":24,"turns":8}],"seed_played":"-4656809902023068458","potions_obtained":[{"floor":2.0,"key":"FairyPotion"},{"floor":5.0,"key":"LiquidMemories"},{"floor":14,"key":"PowerPotion"},{"floor":16,"key":"Strength Potion"}],"is_trial":true,"path_per_floor":["M","M","M","$","M","E","E","E","T","E","E","M","M","?","R","B",null,"M","?","$","M","M","R","E"],"character_chosen":"THE_SILENT","items_purchased":["Well Laid Plans","FossilizedHelix"],"campfire_rested":0,"item_purchase_floors":[4,20],"current_hp_per_floor":[59,58,58,58,48,43,35,35,35,24,24,16,12,11,11,11,52,52,52,52,52,43,43,43,43],"gold":41,"neow_bonus":"","is_daily":false,"chose_seed":false,"campfire_upgraded":2,"win_rate":0.0,"timestamp":1610927721,"path_taken":["M","M","M","?","M","E","E","E","T","E","E","M","M","?","R","BOSS","M","?","$","M","M","R","E"],"items_purchased_type":["Card","Relic"],"build_version":"2020-12-22","purchased_purges":1,"victory":false,"max_hp_per_floor":[66,66,66,66,66,66,66,66,66,66,66,66,66,66,66,66,66,66,66,66,66,66,66,66,66],"relic_stats":{"counters":[17,78],"Snecko Eye":[137,138,122,133],"Prayer Wheel":5,"Pen Nib":[6],"MawBank":108,"obtain_stats":[{"Du-Vu Doll":10,"Snecko Eye":0,"Oddly Smooth Stone":7,"Prayer Wheel":8,"Philosopher\u0027s Stone":17,"Pen Nib":6,"Odd Mushroom":14,"MawBank":11,"FossilizedHelix":20,"Ring of the Snake":0},{"Du-Vu Doll":8,"Snecko Eye":0,"Oddly Smooth Stone":6,"Prayer Wheel":7,"Philosopher\u0027s Stone":13,"Pen Nib":5,"Odd Mushroom":12,"MawBank":9,"FossilizedHelix":14,"Ring of the Snake":0},{"Du-Vu Doll":38,"Snecko Eye":0,"Oddly Smooth Stone":26,"Prayer Wheel":31,"Philosopher\u0027s Stone":57,"Pen Nib":22,"Odd Mushroom":51,"MawBank":43,"FossilizedHelix":62,"Ring of the Snake":0}],"Ring of the Snake":[34]},"card_choices":[{"not_picked":["Quick Slash","Acrobatics","Flying Knee"],"picked":"SKIP","floor":1.0},{"not_picked":["Phantasmal Killer","Underhanded Strike","Terror"],"picked":"SKIP","floor":2.0},{"not_picked":["Slice","Heel Hook","Dagger Throw"],"picked":"SKIP","floor":3.0},{"not_picked":["Blade Dance","Underhanded Strike","Sucker Punch"],"picked":"SKIP","floor":5.0},{"not_picked":["Backflip","Setup","Poisoned Stab"],"picked":"SKIP","floor":6.0},{"not_picked":["Blade Dance","Deflect"],"picked":"Backflip","floor":7.0},{"not_picked":["Blade Dance","Dodge and Roll"],"picked":"Crippling Poison","floor":8.0},{"not_picked":["Deflect","Well Laid Plans"],"picked":"Eviscerate","floor":10},{"not_picked":["PiercingWail","Sucker Punch"],"picked":"After Image","floor":11},{"not_picked":["PiercingWail","Slice","Acrobatics"],"picked":"SKIP","floor":12},{"not_picked":["Bane","Quick Slash","Choke"],"picked":"SKIP","floor":12},{"not_picked":["Bane","Quick Slash"],"picked":"Choke","floor":12},{"not_picked":["PiercingWail","Slice","Acrobatics"],"picked":"SKIP","floor":12},{"not_picked":["Concentrate","Masterful Stab","Die Die Die"],"picked":"SKIP","floor":13},{"not_picked":["Escape Plan","Choke","Dagger Spray"],"picked":"SKIP","floor":13},{"not_picked":["Storm of Steel","Envenom"],"picked":"Wraith Form v2","floor":16},{"not_picked":["Quick Slash","Outmaneuver"],"picked":"Skewer","floor":18},{"not_picked":["All Out Attack","Slice","Bane"],"picked":"SKIP","floor":18},{"not_picked":["Dodge and Roll","Choke","Bane"],"picked":"SKIP","floor":21},{"not_picked":["Choke","Tactician+1","Backstab+1"],"picked":"SKIP","floor":21},{"not_picked":["Underhanded Strike","Choke"],"picked":"Eviscerate","floor":22},{"not_picked":["Poisoned Stab","Blur","Choke"],"picked":"SKIP","floor":22}],"player_experience":822882,"relics_obtained":[{"floor":6.0,"key":"Pen Nib"},{"floor":7.0,"key":"Oddly Smooth Stone"},{"floor":8.0,"key":"Prayer Wheel"},{"floor":10,"key":"Du-Vu Doll"},{"floor":11,"key":"MawBank"},{"floor":14,"key":"Odd Mushroom"}],"event_choices":[{"damage_healed":0,"gold_gain":0,"player_choice":"Fought Mushrooms","damage_taken":0,"max_hp_gain":0,"max_hp_loss":0,"event_name":"Mushrooms","floor":14,"gold_loss":0},{"cards_removed":["Strike_G"],"damage_healed":0,"gold_gain":0,"player_choice":"Upgrade and Remove","damage_taken":0,"max_hp_gain":0,"max_hp_loss":0,"event_name":"Designer","floor":19,"gold_loss":110,"cards_upgraded":["Skewer"]}],"is_beta":false,"boss_relics":[{"not_picked":["Empty Cage","Ring of the Serpent"],"picked":"Philosopher\u0027s Stone"}],"items_purged_floors":[4],"is_endless":false,"potions_floor_spawned":[2,5,6,8,14,16,18],"killed_by":"Slavers","ascension_level":20}}