{"host":"sc0o2qwpf9j16a4i","time":1610886132,"event":{"mods":["AchievementEnabler","BaseMod","BetterRewards","Block Reminder","Colored Map","Colored Powertips","Custom Start","Highlight Path","Minty Spire (QoL Compilation)","Relic Stats"],"gold_per_floor":[113,113,132,132,132,132,173,55,55,68,108,122,161,182,182,271,271,320,365,365,179,219,219,219,219,219,249,31,94,110,22,22,22,22],"floor_reached":33,"language":"ENG","playtime":1187,"items_purged":["Strike_P","Strike_P"],"score":916,"play_id":"56623150-c189-4456-accd-e3dbb596204e","local_time":"20210117142212","is_ascension_mode":true,"campfire_choices":[{"data":"SignatureMove","floor":6,"key":"SMITH"},{"data":"Wallop","floor":15,"key":"SMITH"},{"data":"Wish","floor":23,"key":"SMITH"},{"data":"Meditate","floor":25,"key":"SMITH"},{"data":"Wallop","floor":32,"key":"SMITH"}],"circlet_count":0,"master_deck":["AscendersBane","Strike_P","Defend_P","Defend_P","Defend_P","Defend_P","Eruption","Vigilance","FlyingSleeves","Sanctity","BattleHymn","CarveReality","FearNoEvil","Wallop+1","ThirdEye","Wish+1","WreathOfFlame+1","ThirdEye+1","LikeWater","Meditate+1","Omniscience","Wireheading","Brilliance","Wallop+1"],"relics":["PureWater","Dead Branch","Anchor","Bloody Idol","TeardropLocket","Pantograph","Question Card","Snecko Eye","Eternal Feather","Damaru"],"acts_visited":["Exordium","TheCity"],"potions_floor_usage":[11,14,16,18,18,29,33],"damage_taken":[{"damage":0,"enemies":"2 Louse","floor":1,"turns":2},{"damage":1,"enemies":"Small Slimes","floor":3,"turns":3},{"damage":0,"enemies":"Gremlin Nob","floor":7,"turns":2},{"damage":0,"enemies":"Jaw Worm","floor":10,"turns":3},{"damage":7,"enemies":"3 Sentries","floor":11,"turns":5},{"damage":0,"enemies":"Blue Slaver","floor":12,"turns":3},{"damage":13,"enemies":"Lagavulin","floor":13,"turns":7},{"damage":0,"enemies":"Lots of Slimes","floor":14,"turns":3},{"damage":0,"enemies":"Slime Boss","floor":16,"turns":5},{"damage":26,"enemies":"3 Byrds","floor":18,"turns":4},{"damage":2,"enemies":"Shell Parasite","floor":19,"turns":3},{"damage":27,"enemies":"Snake Plant","floor":22,"turns":4},{"damage":29,"enemies":"Colosseum Slavers","floor":27,"turns":7},{"damage":1,"enemies":"Slavers","floor":29,"turns":5},{"damage":0,"enemies":"Shelled Parasite and Fungi","floor":30,"turns":6},{"damage":69,"enemies":"Automaton","floor":33,"turns":6}],"seed_played":"7330927333616918086","potions_obtained":[{"floor":1,"key":"Strength Potion"},{"floor":3,"key":"FearPotion"},{"floor":13,"key":"Fruit Juice"},{"floor":14,"key":"Energy Potion"},{"floor":16,"key":"ColorlessPotion"},{"floor":29,"key":"ColorlessPotion"},{"floor":30,"key":"Strength Potion"}],"is_trial":false,"path_per_floor":["M","?","M","?","?","R","E","$","T","M","E","M","E","M","R","B",null,"M","M","?","$","M","R","?","R","T","?","$","E","M","$","R","B"],"character_chosen":"WATCHER","items_purchased":["Dead Branch","Anchor","BattleHymn","LikeWater","Omniscience","SkillPotion","Wallop"],"campfire_rested":0,"item_purchase_floors":[0,0,8,21,28,28,31],"current_hp_per_floor":[46,46,45,38,58,58,58,58,58,58,51,51,38,43,43,67,67,41,39,67,67,40,40,40,40,40,16,16,25,30,30,42,0,0],"gold":22,"neow_bonus":"","is_daily":false,"chose_seed":false,"campfire_upgraded":5,"win_rate":0.0,"timestamp":1610886132,"path_taken":["M","?","M","?","?","R","E","?","T","M","E","M","E","?","R","BOSS","M","M","?","$","?","R","?","R","T","?","$","E","M","$","R","BOSS"],"items_purchased_type":["Relic","Relic","Card","Card","Card","Potion","Card"],"build_version":"2020-12-22","purchased_purges":2,"victory":false,"max_hp_per_floor":[68,62,62,62,62,62,62,62,62,62,62,62,62,67,67,67,67,67,67,67,67,67,67,67,67,67,67,67,67,67,67,67,67,67],"relic_stats":{"counters":[44,199],"Dead Branch":[79],"Bloody Idol":20,"Pantograph":49,"Snecko Eye":[62,63,65,66],"Eternal Feather":12,"Question Card":7,"obtain_stats":[{"Golden Idol":3,"Dead Branch":0,"Damaru":29,"Eternal Feather":26,"PreservedInsect":9,"Pen Nib":11,"Bag of Preparation":8,"TeardropLocket":7,"Ancient Tea Set":4,"MawBank":25,"Smiling Mask":26,"Question Card":13,"Anchor":4,"Pantograph":0,"Bloody Idol":24,"Snecko Eye":17,"Philosopher\u0027s Stone":17,"Fusion Hammer":17,"Coffee Dripper":0,"Bag of Marbles":12,"Art of War":14,"PureWater":0,"StrikeDummy":10},{"Golden Idol":2,"Dead Branch":28,"Damaru":42,"Eternal Feather":40,"PreservedInsect":4,"Pen Nib":19,"Bag of Preparation":18,"TeardropLocket":31,"Ancient Tea Set":17,"MawBank":26,"Smiling Mask":26,"Question Card":35,"Anchor":2,"Pantograph":12,"Bloody Idol":40,"Snecko Eye":37,"Philosopher\u0027s Stone":22,"Fusion Hammer":8,"Coffee Dripper":0,"Bag of Marbles":6,"Art of War":21,"PureWater":0,"StrikeDummy":19},{"Golden Idol":6,"Dead Branch":131,"Damaru":187,"Eternal Feather":175,"PreservedInsect":14,"Pen Nib":97,"Bag of Preparation":90,"TeardropLocket":138,"Ancient Tea Set":84,"MawBank":122,"Smiling Mask":122,"Question Card":156,"Anchor":6,"Pantograph":57,"Bloody Idol":175,"Snecko Eye":164,"Philosopher\u0027s Stone":108,"Fusion Hammer":34,"Coffee Dripper":0,"Bag of Marbles":21,"Art of War":101,"PureWater":0,"StrikeDummy":97}]},"card_choices":[{"not_picked":["CrushJoints","ClearTheMind"],"picked":"FlyingSleeves","floor":1},{"not_picked":["EmptyBody","MentalFortress"],"picked":"SignatureMove","floor":3},{"not_picked":["PathToVictory","Halt"],"picked":"Sanctity","floor":7},{"not_picked":["Nirvana","Prostrate"],"picked":"CarveReality","floor":10},{"not_picked":["Crescendo","EmptyFist"],"picked":"FearNoEvil","floor":11},{"not_picked":["Adaptation","EmptyBody"],"picked":"Wallop","floor":12},{"not_picked":["BowlingBash","Judgement","CutThroughFate"],"picked":"SKIP","floor":13},{"not_picked":["CrushJoints","FlyingSleeves","Prostrate"],"picked":"ThirdEye","floor":14},{"not_picked":["Vault","Omniscience","LessonLearned"],"picked":"Wish","floor":16},{"not_picked":["EmptyFist","BowlingBash","Evaluate"],"picked":"WreathOfFlame+1","floor":18},{"not_picked":["CarveReality","JustLucky","EmptyFist"],"picked":"ThirdEye+1","floor":19},{"not_picked":["Consecrate","Crescendo","Fasting2"],"picked":"Meditate","floor":22},{"not_picked":["FollowUp","FearNoEvil","ThirdEye"],"picked":"Wireheading","floor":29},{"not_picked":["EmptyBody","Weave","PathToVictory"],"picked":"Brilliance","floor":30}],"player_experience":689125,"relics_obtained":[{"floor":7,"key":"TeardropLocket"},{"floor":9,"key":"Pantograph"},{"floor":13,"key":"Question Card"},{"floor":26,"key":"Eternal Feather"},{"floor":29,"key":"Damaru"}],"event_choices":[{"damage_healed":0,"gold_gain":0,"player_choice":"Lose Max HP","damage_taken":0,"relics_obtained":["Golden Idol"],"max_hp_gain":0,"max_hp_loss":6,"event_name":"Golden Idol","floor":2,"gold_loss":0},{"cards_removed":["Strike_P"],"damage_healed":0,"gold_gain":0,"player_choice":"Card Removal","damage_taken":7,"max_hp_gain":0,"max_hp_loss":0,"event_name":"Golden Wing","floor":4,"gold_loss":0},{"damage_healed":20,"gold_gain":0,"player_choice":"Banana","damage_taken":0,"max_hp_gain":0,"max_hp_loss":0,"event_name":"Big Fish","floor":5,"gold_loss":0},{"cards_removed":["SignatureMove"],"damage_healed":28,"gold_gain":0,"player_choice":"Offered Uncommon","damage_taken":0,"max_hp_gain":0,"max_hp_loss":0,"event_name":"Bonfire Elementals","floor":20,"gold_loss":0},{"damage_healed":0,"gold_gain":0,"player_choice":"Gave Idol","damage_taken":0,"relics_obtained":["Bloody Idol"],"max_hp_gain":0,"max_hp_loss":0,"event_name":"Forgotten Altar","floor":24,"relics_lost":["Golden Idol"],"gold_loss":0},{"damage_healed":0,"gold_gain":0,"player_choice":"Fight","damage_taken":0,"max_hp_gain":0,"max_hp_loss":0,"event_name":"Colosseum","floor":27,"gold_loss":0},{"damage_healed":0,"gold_gain":0,"player_choice":"Fled From Nobs","damage_taken":0,"max_hp_gain":0,"max_hp_loss":0,"event_name":"Colosseum","floor":27,"gold_loss":0}],"is_beta":false,"boss_relics":[{"not_picked":["Cursed Key","SlaversCollar"],"picked":"Snecko Eye"}],"items_purged_floors":[8,21],"is_endless":false,"potions_floor_spawned":[1,3,13,14,16,29,30],"killed_by":"Automaton","ascension_level":20}}