{"host":"c5slkkw8hp42e20v","time":1610874964,"event":{"mods":["AchievementEnabler","BaseMod","Better Note","BetterRewards","Colored Powertips","DeckTracker","Friendly Minions","GifTheSpireLib","Hermit","Highlight Path","Minty Spire (QoL Compilation)","Quick Restart","Rare Cards Sparkle","Replay The Spire","Spicy Shops","StSLib","The Animator","The Hierophant","The Poker Player","????"],"gold_per_floor":[110,120,120,132,57,92,109,184,184,184,184],"floor_reached":10,"language":"ENG","playtime":306,"items_purged":["Looming Evil"],"score":68,"play_id":"841a36fe-49d2-4df2-b4eb-b08bb5a7eb17","local_time":"20210117031604","is_ascension_mode":false,"campfire_choices":[],"circlet_count":0,"master_deck":["Strike_G","Strike_G","Strike_G","Strike_G","Strike_G","Defend_G","Defend_G","Defend_G","Defend_G","Defend_G","Survivor","Neutralize","Blade Dance","Quick Slash","Hidden Blade","Choke","Poisoned Stab"],"relics":["Ring of the Snake","NeowsBlessing","ReplayTheSpireMod:Ring of Challenge","ReplayTheSpireMod:Ring of Addiction","Toy Ornithopter","Chameleon Ring","StoneCalendar","Replay:Kaleidoscope"],"acts_visited":["Exordium"],"potions_floor_usage":[6],"damage_taken":[{"damage":0,"enemies":"2 Louse","floor":1,"turns":1},{"damage":0,"enemies":"Jaw Worm","floor":2,"turns":1},{"damage":0,"enemies":"Cultist","floor":4,"turns":1},{"damage":25,"enemies":"3 Sentries","floor":6,"turns":10},{"damage":7,"enemies":"Looter","floor":7,"turns":2},{"damage":39,"enemies":"Lagavulin","floor":10,"turns":5}],"seed_played":"8465409824806269359","potions_obtained":[{"floor":1,"key":"Poison Potion"},{"floor":3,"key":"FearPotion"},{"floor":3,"key":"Death Potion"},{"floor":7,"key":"ColorlessPotion"}],"is_trial":false,"path_per_floor":["M","M","?","M","$","E","M","?","T","E"],"character_chosen":"THE_SILENT","items_purchased":[],"campfire_rested":0,"item_purchase_floors":[],"current_hp_per_floor":[70,70,70,70,70,50,43,32,32,0,0],"gold":184,"neow_bonus":"THREE_ENEMY_KILL","is_daily":false,"chose_seed":false,"campfire_upgraded":0,"win_rate":0.0,"timestamp":1610874964,"path_taken":["M","M","?","M","$","E","M","?","T","E"],"items_purchased_type":[],"build_version":"2020-12-22","purchased_purges":1,"victory":false,"max_hp_per_floor":[70,70,70,70,70,70,70,70,70,68,68],"card_choices":[{"not_picked":["Acrobatics","Dodge and Roll"],"picked":"Blade Dance","floor":1},{"not_picked":["Blur","PiercingWail"],"picked":"Quick Slash","floor":2},{"not_picked":["PiercingWail","Eviscerate"],"picked":"Hidden Blade","floor":4},{"not_picked":["PiercingWail","Leg Sweep"],"picked":"Choke","floor":6},{"not_picked":["Dagger Throw","Hidden Blade"],"picked":"Poisoned Stab","floor":7}],"player_experience":74493,"relics_obtained":[{"floor":3,"key":"ReplayTheSpireMod:Ring of Challenge"},{"floor":3,"key":"ReplayTheSpireMod:Ring of Addiction"},{"floor":3,"key":"Toy Ornithopter"},{"floor":3,"key":"Chameleon Ring"},{"floor":6,"key":"StoneCalendar"},{"floor":9,"key":"Replay:Kaleidoscope"}],"event_choices":[{"damage_healed":0,"gold_gain":75,"player_choice":"Gather Gold","damage_taken":11,"max_hp_gain":0,"max_hp_loss":0,"event_name":"World of Goop","floor":8,"gold_loss":0}],"is_beta":false,"boss_relics":[],"items_purged_floors":[5],"is_endless":false,"potions_floor_spawned":[1,7],"killed_by":"Lagavulin","ascension_level":0}}