{"host":"Zandorum","time":1610851454,"event":{"mods":["100% Spire Juice","2.2 Compatiblity","Act Like it!","Bard","BaseMod","Better Note","Hermit","Hubris","Jorbs\u0027s Wanderer Trilogy","Mimic Mod","Minty Spire (QoL Compilation)","Quick Restart","Rare Cards Sparkle","Reorder Act Four","Somnambulant","StSLib","The Blue Laboratory","The Cursed","The Disciple","The Hierophant","The Jungle","The Runesmith","TheVacant","Wandering Minibosses"],"gold_per_floor":[114,189,199,199,211,211,211,211],"floor_reached":7,"language":"ENG","playtime":248,"items_purged":[],"score":41,"play_id":"5e958821-7524-40c1-be16-76c61f028632","local_time":"20210116184414","is_ascension_mode":false,"campfire_choices":[{"floor":6,"key":"REST"}],"circlet_count":0,"master_deck":["hermit:Strike_Hermit","hermit:Strike_Hermit","hermit:Strike_Hermit","hermit:Strike_Hermit","hermit:Defend_Hermit","hermit:Defend_Hermit","hermit:Defend_Hermit","hermit:Defend_Hermit","hermit:Snapshot","hermit:Covet","hermit:CalledShot","hermit:CalledShot","hermit:Ricochet","hermit:WideOpen"],"relics":["hermit:Momento","NeowsBlessing","Dream Catcher","Shovel","Happy Flower","hubris:EvacipatedBox"],"acts_visited":["Exordium"],"potions_floor_usage":[5],"damage_taken":[{"damage":0.0,"enemies":"Jaw Worm","floor":1.0,"turns":1.0},{"damage":0.0,"enemies":"Cultist","floor":3.0,"turns":1.0},{"damage":0,"enemies":"2 Louse","floor":5,"turns":1},{"damage":31,"enemies":"Lagavulin","floor":7,"turns":4}],"seed_played":"-8872813924692591843","potions_obtained":[{"floor":3.0,"key":"blueLaboratory:CorrosionFlask"}],"is_trial":false,"path_per_floor":["M","?","M","$","M","R","E"],"character_chosen":"HERMIT","items_purchased":["Dream Catcher","Shovel","blueLaboratory:FruitPunch","Happy Flower","hubris:EvacipatedBox"],"campfire_rested":1,"item_purchase_floors":[4,4,4,4,4],"current_hp_per_floor":[75,68,68,6,8,31,0,0],"gold":211,"neow_bonus":"THREE_ENEMY_KILL","is_daily":false,"chose_seed":false,"campfire_upgraded":0,"win_rate":0.0,"timestamp":1610851454,"path_taken":["M","?","M","?","M","R","E"],"items_purchased_type":["Relic","Relic","Potion","Relic","Relic"],"build_version":"2020-12-18","purchased_purges":0,"victory":false,"max_hp_per_floor":[75,75,75,75,77,77,77,77],"card_choices":[{"not_picked":["hermit:Dive","hermit:PistolWhip"],"picked":"hermit:CalledShot","floor":1.0},{"not_picked":["hermit:Combo","hermit:LowProfile"],"picked":"hermit:CalledShot","floor":3.0},{"not_picked":["hermit:Maintenance","hermit:Gestalt"],"picked":"hermit:Ricochet","floor":5},{"not_picked":["hermit:Dive","hermit:Spite"],"picked":"hermit:WideOpen","floor":6}],"player_experience":141553,"relics_obtained":[],"event_choices":[{"damage_healed":0.0,"max_hp_gain":0.0,"max_hp_loss":0.0,"gold_gain":75.0,"event_name":"FaceTrader","player_choice":"Touch","floor":2.0,"gold_loss":0.0,"damage_taken":7.0}],"is_beta":true,"boss_relics":[],"items_purged_floors":[],"is_endless":false,"potions_floor_spawned":[3],"killed_by":"Lagavulin","ascension_level":0}}