{"host":"sc0o2qwpf9j16a4i","time":1610899650,"event":{"mods":["AchievementEnabler","BaseMod","BetterRewards","Block Reminder","Colored Map","Colored Powertips","Custom Start","Highlight Path","Minty Spire (QoL Compilation)","Relic Stats"],"gold_per_floor":[360,374,374,386,21,21,21,50,100,131,153,176,203,140,140,225,225,245,45,65,93,43,43,61,94,94,112,112,121,163,182,182,268,268,296,315,315,96,147,147,177,202,291,291,311,311,323,30,30,30,30,30,30,30,69,69],"floor_reached":57,"language":"ENG","playtime":2303,"items_purged":["Strike_R","Strike_R","Strike_R","Decay"],"score":3005,"play_id":"baf13cdc-dac5-4381-a14f-5bc9b03b22f0","local_time":"20210117180730","is_ascension_mode":true,"campfire_choices":[{"data":"Apotheosis","floor":6.0,"key":"SMITH"},{"data":"Inflame","floor":15.0,"key":"SMITH"},{"floor":23.0,"key":"REST"},{"floor":32.0,"key":"REST"},{"floor":40.0,"key":"RECALL"},{"floor":46.0,"key":"REST"},{"data":"Feel No Pain","floor":49,"key":"SMITH"},{"floor":53,"key":"REST"}],"circlet_count":0,"master_deck":["AscendersBane","Strike_R","Defend_R","Defend_R","Defend_R","Defend_R","Bash","Wild Strike","Whirlwind","Clothesline","Apotheosis+1","Inflame+1","Shockwave","Bloodletting","Sword Boomerang","Feed","Feed","Shrug It Off","Inflame","Metallicize+1","Feel No Pain+1","Spot Weakness","Feel No Pain","Limit Break","Evolve","Dual Wield+1","Dark Embrace","Fiend Fire","Limit Break","Feel No Pain","Shockwave","Metallicize","Seeing Red"],"relics":["Burning Blood","Oddly Smooth Stone","CeramicFish","Smiling Mask","Lantern","FossilizedHelix","Snecko Eye","DollysMirror","Red Skull","Mummified Hand","Gambling Chip","Cursed Key","Chemical X","Unceasing Top","StoneCalendar","Mango","Orrery","Anchor"],"acts_visited":["Exordium","TheCity","TheBeyond","TheEnding"],"potions_floor_usage":[48,50,51],"damage_taken":[{"damage":12.0,"enemies":"Cultist","floor":1.0,"turns":4.0},{"damage":12.0,"enemies":"Small Slimes","floor":2.0,"turns":3.0},{"damage":0.0,"enemies":"2 Louse","floor":4.0,"turns":2.0},{"damage":9.0,"enemies":"Lagavulin","floor":8.0,"turns":10.0},{"damage":12.0,"enemies":"3 Sentries","floor":10.0,"turns":3.0},{"damage":5.0,"enemies":"Lots of Slimes","floor":11.0,"turns":3.0},{"damage":4.0,"enemies":"Red Slaver","floor":12.0,"turns":4.0},{"damage":0.0,"enemies":"Lagavulin","floor":13.0,"turns":4.0},{"damage":0.0,"enemies":"Slime Boss","floor":16.0,"turns":7.0},{"damage":0.0,"enemies":"3 Byrds","floor":18.0,"turns":4.0},{"damage":14.0,"enemies":"Chosen","floor":20.0,"turns":5.0},{"damage":21.0,"enemies":"Snake Plant","floor":21.0,"turns":6.0},{"damage":8.0,"enemies":"Centurion and Healer","floor":24.0,"turns":7.0},{"damage":43.0,"enemies":"Slavers","floor":25.0,"turns":6.0},{"damage":0.0,"enemies":"Shelled Parasite and Fungi","floor":27.0,"turns":3.0},{"damage":5.0,"enemies":"Gremlin Leader","floor":30.0,"turns":6.0},{"damage":11.0,"enemies":"Snake Plant","floor":31.0,"turns":3.0},{"damage":55.0,"enemies":"Automaton","floor":33.0,"turns":9.0},{"damage":0.0,"enemies":"Orb Walker","floor":35.0,"turns":5.0},{"damage":27.0,"enemies":"3 Darklings","floor":36.0,"turns":5.0},{"damage":32.0,"enemies":"2 Orb Walkers","floor":39.0,"turns":5.0},{"damage":6.0,"enemies":"Reptomancer","floor":41.0,"turns":4.0},{"damage":0.0,"enemies":"Mind Bloom Boss Battle","floor":42.0,"turns":4.0},{"damage":17.0,"enemies":"Sphere and 2 Shapes","floor":45.0,"turns":6.0},{"damage":6.0,"enemies":"Writhing Mass","floor":47.0,"turns":7.0},{"damage":89,"enemies":"Time Eater","floor":50,"turns":15},{"damage":0,"enemies":"Donu and Deca","floor":51,"turns":7},{"damage":43,"enemies":"Shield and Spear","floor":55,"turns":8},{"damage":106,"enemies":"The Heart","floor":56,"turns":10}],"seed_played":"456697591314748469","potions_obtained":[{"floor":8.0,"key":"Strength Potion"},{"floor":10.0,"key":"Energy Potion"},{"floor":12.0,"key":"Energy Potion"},{"floor":13.0,"key":"FearPotion"},{"floor":16.0,"key":"Block Potion"},{"floor":20.0,"key":"SkillPotion"},{"floor":25.0,"key":"Fire Potion"},{"floor":31.0,"key":"AttackPotion"},{"floor":33.0,"key":"EntropicBrew"},{"floor":42.0,"key":"Fruit Juice"},{"floor":47.0,"key":"Energy Potion"}],"is_trial":false,"path_per_floor":["M","M","?","M","$","R","?","E","T","E","M","M","E","?","R","B",null,"M","$","M","M","$","R","M","E","T","M","?","?","E","M","R","B",null,"M","M","?","$","?","R","E","?","T","?","M","R","M","$","R","B","B",null,"R","$","E","B",null],"character_chosen":"IRONCLAD","items_purchased":["Apotheosis","Inflame","SkillPotion","DollysMirror","Shrug It Off","Chemical X","Dark Embrace","Orrery","SkillPotion"],"campfire_rested":4,"item_purchase_floors":[5,5,5,19,19,38,48,48,48],"current_hp_per_floor":[62,56,49,55,55,55,55,52,52,46,47,49,55,55,55,61,66,72,72,68,57,57,80,86,57,57,67,67,67,72,71,103,58,99,109,92,92,92,74,74,74,98,98,98,95,139,139,144,144,61,75,140,161,161,128,28],"gold":69,"neow_bonus":"TWO_FIFTY_GOLD","is_daily":false,"chose_seed":false,"campfire_upgraded":3,"win_rate":0.0,"timestamp":1610899650,"path_taken":["M","M","?","M","$","R","?","E","T","E","M","M","E","?","R","BOSS","M","?","M","M","$","R","?","E","T","M","?","?","E","M","R","BOSS","M","M","?","$","?","R","E","?","T","?","?","R","M","?","R","BOSS","BOSS","R","$","E","BOSS"],"items_purchased_type":["Card","Card","Potion","Relic","Card","Relic","Card","Relic","Potion"],"build_version":"2020-12-22","purchased_purges":4,"victory":true,"max_hp_per_floor":[68,68,68,68,68,68,68,68,68,68,68,68,68,68,68,68,68,72,72,76,80,80,80,88,96,96,100,100,100,104,108,108,112,112,116,120,114,114,122,122,122,140,140,140,148,148,148,153,153,153,161,161,161,161,165,165],"relic_stats":{"counters":[29,165],"Mummified Hand":[172],"CeramicFish":189,"Gambling Chip":[45],"Snecko Eye":[231,233,218,222],"StoneCalendar":[62],"Chemical X":[11],"Smiling Mask":225,"Cursed Key":1,"obtain_stats":[{"Lantern":13,"CeramicFish":9,"Oddly Smooth Stone":8,"StoneCalendar":41,"Mango":42,"Smiling Mask":10,"Cursed Key":34,"Burning Blood":0,"Anchor":55,"DollysMirror":19,"Mummified Hand":26,"Gambling Chip":30,"Snecko Eye":17,"Orrery":48,"Chemical X":38,"FossilizedHelix":14,"Red Skull":25,"Unceasing Top":39},{"Lantern":8,"CeramicFish":4,"Oddly Smooth Stone":4,"StoneCalendar":22,"Mango":23,"Smiling Mask":5,"Cursed Key":18,"Burning Blood":0,"Anchor":28,"DollysMirror":10,"Mummified Hand":14,"Gambling Chip":16,"Snecko Eye":9,"Orrery":25,"Chemical X":20,"FossilizedHelix":8,"Red Skull":14,"Unceasing Top":21},{"Lantern":33,"CeramicFish":19,"Oddly Smooth Stone":19,"StoneCalendar":108,"Mango":112,"Smiling Mask":22,"Cursed Key":89,"Burning Blood":0,"Anchor":155,"DollysMirror":44,"Mummified Hand":68,"Gambling Chip":77,"Snecko Eye":40,"Orrery":125,"Chemical X":99,"FossilizedHelix":33,"Red Skull":68,"Unceasing Top":104}],"Burning Blood":170,"Unceasing Top":[6]},"card_choices":[{"not_picked":["Headbutt","Sword Boomerang"],"picked":"Wild Strike","floor":1.0},{"not_picked":["Armaments","Second Wind"],"picked":"Whirlwind","floor":2.0},{"not_picked":["Carnage","Entrench"],"picked":"Clothesline","floor":4.0},{"not_picked":["Carnage","Heavy Blade"],"picked":"Shockwave","floor":8.0},{"not_picked":["Warcry","Rage","Headbutt"],"picked":"SKIP","floor":10.0},{"not_picked":["Whirlwind","Pommel Strike"],"picked":"Bloodletting","floor":11.0},{"not_picked":["Twin Strike","Anger"],"picked":"Sword Boomerang","floor":12.0},{"not_picked":["Intimidate","Armaments","Pommel Strike"],"picked":"SKIP","floor":13.0},{"not_picked":["Berserk","Fiend Fire"],"picked":"Feed","floor":16.0},{"not_picked":["Cleave","Sever Soul+1","Sentinel"],"picked":"SKIP","floor":18.0},{"not_picked":["Flex","Entrench"],"picked":"Inflame","floor":20.0},{"not_picked":["Havoc","Heavy Blade"],"picked":"Metallicize+1","floor":21.0},{"not_picked":["Headbutt","Armaments","Clothesline"],"picked":"SKIP","floor":24.0},{"not_picked":["Thunderclap","True Grit","Double Tap"],"picked":"SKIP","floor":25.0},{"not_picked":["Flex","Warcry","Havoc"],"picked":"SKIP","floor":27.0},{"not_picked":["Cleave","Flex"],"picked":"Spot Weakness","floor":30.0},{"not_picked":["Clothesline","Clash"],"picked":"Feel No Pain","floor":31.0},{"not_picked":["Fiend Fire","Double Tap"],"picked":"Limit Break","floor":33.0},{"not_picked":["Thunderclap+1","Cleave"],"picked":"Evolve","floor":35.0},{"not_picked":["Fire Breathing","Headbutt","Evolve"],"picked":"SKIP","floor":36.0},{"not_picked":["Anger","Dropkick","Cleave+1"],"picked":"SKIP","floor":41.0},{"not_picked":["Wild Strike+1","Warcry"],"picked":"Dual Wield+1","floor":45.0},{"not_picked":["Rampage","Thunderclap+1","Clothesline+1"],"picked":"SKIP","floor":47.0},{"not_picked":["Iron Wave+1","Twin Strike"],"picked":"Fiend Fire","floor":48},{"not_picked":["Anger","Bloodletting"],"picked":"Limit Break","floor":48},{"not_picked":["Metallicize","Wild Strike"],"picked":"Feel No Pain","floor":48},{"not_picked":["Warcry","Headbutt+1"],"picked":"Shockwave","floor":48},{"not_picked":["Anger","Searing Blow"],"picked":"Metallicize","floor":48},{"not_picked":["Flex","Reckless Charge"],"picked":"Seeing Red","floor":55}],"player_experience":701355,"relics_obtained":[{"floor":8.0,"key":"Oddly Smooth Stone"},{"floor":9.0,"key":"CeramicFish"},{"floor":10.0,"key":"Smiling Mask"},{"floor":13.0,"key":"Lantern"},{"floor":25.0,"key":"Red Skull"},{"floor":26.0,"key":"Mummified Hand"},{"floor":30.0,"key":"Gambling Chip"},{"floor":39.0,"key":"Unceasing Top"},{"floor":41.0,"key":"StoneCalendar"},{"floor":42.0,"key":"Mango"},{"floor":55,"key":"Anchor"}],"event_choices":[{"cards_removed":["Strike_R"],"damage_healed":0.0,"max_hp_gain":0.0,"max_hp_loss":0.0,"gold_gain":0.0,"event_name":"Golden Wing","player_choice":"Card Removal","floor":3.0,"gold_loss":0.0,"damage_taken":7.0},{"damage_healed":0.0,"max_hp_gain":0.0,"max_hp_loss":0.0,"gold_gain":0.0,"event_name":"Liars Game","player_choice":"Ignored","floor":7.0,"gold_loss":0.0,"damage_taken":0.0},{"damage_healed":0.0,"max_hp_gain":0.0,"max_hp_loss":0.0,"gold_gain":0.0,"event_name":"WeMeetAgain","player_choice":"Paid Gold","floor":14.0,"gold_loss":63.0,"damage_taken":0.0,"relics_obtained":["FossilizedHelix"]},{"damage_healed":0.0,"max_hp_gain":0.0,"max_hp_loss":0.0,"gold_gain":0.0,"event_name":"Vampires","player_choice":"Ignored","floor":28.0,"gold_loss":0.0,"damage_taken":0.0},{"damage_healed":0.0,"max_hp_gain":0.0,"max_hp_loss":0.0,"gold_gain":0.0,"event_name":"The Library","player_choice":"Read","floor":29.0,"gold_loss":0.0,"damage_taken":0.0,"cards_obtained":["Feel No Pain"]},{"damage_healed":0.0,"max_hp_gain":0.0,"max_hp_loss":6.0,"gold_gain":0.0,"event_name":"Winding Halls","player_choice":"Max HP","floor":37.0,"gold_loss":0.0,"damage_taken":0.0},{"damage_healed":0.0,"max_hp_gain":0.0,"max_hp_loss":0.0,"gold_gain":0.0,"event_name":"Mysterious Sphere","player_choice":"Fight","floor":39.0,"gold_loss":0.0,"damage_taken":0.0},{"damage_healed":0.0,"max_hp_gain":0.0,"max_hp_loss":0.0,"gold_gain":0.0,"event_name":"MindBloom","player_choice":"Fight","floor":42.0,"gold_loss":0.0,"damage_taken":0.0},{"damage_healed":0.0,"max_hp_gain":0.0,"max_hp_loss":0.0,"gold_gain":0.0,"event_name":"SensoryStone","player_choice":"Memory 1","floor":44.0,"gold_loss":0.0,"damage_taken":0.0}],"is_beta":false,"boss_relics":[{"not_picked":["Runic Pyramid","Black Star"],"picked":"Snecko Eye"},{"not_picked":["Sozu","Astrolabe"],"picked":"Cursed Key"}],"items_purged_floors":[5,22,38,48],"is_endless":false,"potions_floor_spawned":[8,10,12,13,16,20,25,31,33,42,47],"ascension_level":20}}