{"host":"yqa5il53nhlo2jdd","time":1610870856,"event":{"mods":["AchievementEnabler","Arknights The Spire","BaseMod","BetterRewards","Minty Spire (QoL Compilation)","StSLib","[IsaacMod]ÒÔÈö¼âËþ"],"gold_per_floor":[109,109,128,128,128,128,152,168,168,168,4,4,23,48,48,167,167,191,191,206,206,34,34,55,73,147,147,162,162,49,49,49,146,146,158,176,51,51,71,104,30,56,56,74,145,145,7,18,18,18],"floor_reached":51,"language":"ZHS","playtime":3115,"items_purged":["ats:Strike V","ats:Strike S","ats:Strike G","ats:Defend","ats:Strike C","ats:Defend","ats:Defend","ats:Defend+1","ats:Hook Shot+1"],"score":1519,"play_id":"95c269d7-bfdf-4a32-855e-aebe0edfaa65","local_time":"20210117160736","is_ascension_mode":true,"campfire_choices":[{"data":"ats:Emotion Absorption","floor":6.0,"key":"SMITH"},{"data":"ats:Chain Hook","floor":12.0,"key":"SMITH"},{"data":"ats:Hook Shot","floor":15.0,"key":"SMITH"},{"data":"ats:Soul Absorption","floor":23.0,"key":"SMITH"},{"data":"ats:Burning Ground","floor":32.0,"key":"SMITH"},{"data":"ats:Flame Of Heaven","floor":49,"key":"SMITH"}],"circlet_count":0,"master_deck":["ats:Emotion Absorption+1","ats:Chain Hook+1","Master of Strategy+1","ats:Soul Absorption+1","ats:Emotion Absorption+1","ats:Burning Ground+1","ats:Flame Of Heaven+1","Flash of Steel"],"relics":["ats:Sanity","HushsDoor","SatanicBible","Membership Card","ats:Industrial Water Cannon","Prayer Wheel","ClockworkSouvenir","Bag of Marbles","Vajra","Bloody Idol","WingedGreaves","Happy Flower","MagicMushroom","Eternal Feather","War Paint","TheBible","Enchiridion","Sozu","GuppysHead","GuppysPaw","GuppysTail","ats:Originium","Nunchaku","Oddly Smooth Stone","UnicornStump","ForgetMeNow","The Courier","Turnip"],"acts_visited":["Exordium","TheCity","TheBeyond"],"potions_floor_usage":[50],"damage_taken":[{"damage":14.0,"enemies":"Cultist","floor":1.0,"turns":5.0},{"damage":0.0,"enemies":"2 Louse","floor":3.0,"turns":2.0},{"damage":2.0,"enemies":"Jaw Worm","floor":7.0,"turns":3.0},{"damage":10.0,"enemies":"Large Slime","floor":8.0,"turns":4.0},{"damage":0.0,"enemies":"2 Fungi Beasts","floor":13.0,"turns":2.0},{"damage":0.0,"enemies":"Exordium Wildlife","floor":14.0,"turns":2.0},{"damage":0.0,"enemies":"Hexaghost","floor":16.0,"turns":6.0},{"damage":0.0,"enemies":"Shell Parasite","floor":18.0,"turns":3.0},{"damage":0.0,"enemies":"Spheric Guardian","floor":20.0,"turns":2.0},{"damage":0.0,"enemies":"Cultist and Chosen","floor":24.0,"turns":3.0},{"damage":0.0,"enemies":"Centurion and Healer","floor":25.0,"turns":3.0},{"damage":0.0,"enemies":"3 Cultists","floor":28.0,"turns":3.0},{"damage":0.0,"enemies":"Automaton","floor":33.0,"turns":3.0},{"damage":0.0,"enemies":"3 Darklings","floor":35.0,"turns":1.0},{"damage":0.0,"enemies":"Orb Walker","floor":36.0,"turns":1.0},{"damage":0,"enemies":"Jaw Worm Horde","floor":39,"turns":1},{"damage":0,"enemies":"Giant Head","floor":40,"turns":1},{"damage":0,"enemies":"Reptomancer","floor":42,"turns":1},{"damage":0,"enemies":"Sphere and 2 Shapes","floor":44,"turns":1},{"damage":0,"enemies":"Writhing Mass","floor":48,"turns":1},{"damage":0,"enemies":"Awakened One","floor":50,"turns":2}],"seed_played":"4265924318640539068","potions_obtained":[{"floor":8.0,"key":"SkillPotion"},{"floor":13.0,"key":"PowerPotion"},{"floor":14.0,"key":"PowerPotion"},{"floor":24.0,"key":"BlessingOfTheForge"},{"floor":28.0,"key":"Fruit Juice"}],"is_trial":false,"path_per_floor":["M","?","M","?","?","R","M","M","T","?","$","R","M","M","R","B",null,"M","?","M","T","$","R","M","M","T","?","M","?","$","?","R","B",null,"M","M","$","?","M","E","$","E","T","M","T","T","$","M","R","B",null],"character_chosen":"DOCTOR_CLASS","items_purchased":["Membership Card","ats:Industrial Water Cannon","Prayer Wheel","ClockworkSouvenir","Bag of Marbles","Vajra","PowerPotion","Happy Flower","Master of Strategy","War Paint","GuppysHead","GuppysPaw","GuppysTail","Oddly Smooth Stone"],"campfire_rested":0,"item_purchase_floors":[0,0,0,0,0,0,0,11,17,22,34,34,34,41],"current_hp_per_floor":[58,51,51,51,51,51,49,39,39,44,44,44,44,44,44,44,74,74,74,74,74,74,74,74,74,74,74,79,79,79,63,66,72,49,49,49,49,49,49,49,49,49,49,49,49,49,49,49,49,49],"gold":18,"neow_bonus":"","is_daily":false,"chose_seed":false,"campfire_upgraded":6,"win_rate":0.0,"timestamp":1610870856,"path_taken":["M","?","M","?","?","R","?","M","T","?","?","R","M","M","R","BOSS","M","?","M","?","$","R","?","M","T","?","M","?","$","?","R","BOSS","M","M","$","?","M","E","$","E","T","?","?","?","?","?","R","BOSS"],"items_purchased_type":["Relic","Relic","Relic","Relic","Relic","Relic","Potion","Relic","Card","Relic","Relic","Relic","Relic","Relic"],"build_version":"2020-12-22","purchased_purges":9,"victory":true,"max_hp_per_floor":[72,72,72,72,67,67,67,67,67,72,72,72,72,72,72,72,74,74,74,74,74,74,74,74,74,74,74,79,79,79,79,79,79,49,49,49,49,49,49,49,49,49,49,49,49,49,49,49,49,49],"card_choices":[{"not_picked":["ats:Apocalypse","ats:Counter Healing Mode"],"picked":"ats:Hook Shot","floor":1.0},{"not_picked":["ats:Poison Spread","ats:Support Order"],"picked":"ats:Chain Hook","floor":1.0},{"not_picked":["ats:Explosion Area Strengthen","ats:Healing Drone","ats:Leaping Hammer"],"picked":"SKIP","floor":3.0},{"not_picked":["ats:Explosion Area Strengthen","ats:Shadow Raid","ats:Healing Drone"],"picked":"SKIP","floor":3.0},{"not_picked":["ats:Thorns","ats:Defend Order","Bomb"],"picked":"SKIP","floor":7.0},{"not_picked":["ats:Cat Scratch","ats:Ignite","ats:Hammer On"],"picked":"SKIP","floor":7.0},{"not_picked":["ats:Support Order","ats:Apocalypse","ats:Soul Rend"],"picked":"SKIP","floor":8.0},{"not_picked":["ats:Explosion Area Strengthen","ats:Revitalization","ats:Poison Spread"],"picked":"SKIP","floor":8.0},{"not_picked":["ats:Cat Scratch","ats:Ambush","ats:LN2 Cannon"],"picked":"SKIP","floor":13.0},{"not_picked":["ats:Ignite","ats:Red Shift","ats:Neurotoxin"],"picked":"SKIP","floor":13.0},{"not_picked":["ats:Leaping Hammer","ats:Composite Medical Shells","Bomb"],"picked":"SKIP","floor":14.0},{"not_picked":["ats:Healing Strengthening","ats:Ignite","ats:Song Of Battle"],"picked":"SKIP","floor":14.0},{"not_picked":["ats:Leaping Hammer+1","ats:Hammer On","ats:Shell Defense"],"picked":"SKIP","floor":18.0},{"not_picked":["ats:Cat Scratch+1","ats:Thermite Blade","ats:Assault Order+1"],"picked":"SKIP","floor":18.0},{"not_picked":["ats:True Silver Slash","ats:Hammer On"],"picked":"ats:Soul Absorption","floor":20.0},{"not_picked":["ats:Steam Pump+1","ats:Curse Doll+1","ats:Leaping Hammer+1"],"picked":"SKIP","floor":20.0},{"not_picked":["ats:Support Order","ats:Neurotoxin","ats:Leaping Hammer"],"picked":"SKIP","floor":24.0},{"not_picked":["ats:Revitalization+1","ats:Counter Healing Mode","ats:Soul Absorption"],"picked":"SKIP","floor":24.0},{"not_picked":["ats:Beaten Up","ats:Revitalization+1","ats:Shell Defense+1"],"picked":"SKIP","floor":25.0},{"not_picked":["ats:Beaten Up+1","ats:Explosion Area Strengthen","ats:Soul Absorption"],"picked":"SKIP","floor":25.0},{"not_picked":["ats:Shadow Raid","ats:Flexible Camouflage"],"picked":"ats:Burning Ground","floor":28.0},{"not_picked":["ats:Consecutive Shot Auto","ats:Counter Healing Mode","ats:Fractured Body"],"picked":"SKIP","floor":28.0},{"not_picked":["ats:Cat Scratch+1","ats:Assault Order+1"],"picked":"ats:Flame Of Heaven","floor":35.0},{"not_picked":["ats:Counter Healing Mode","ats:Hammer On+1","ats:Apocalypse+1"],"picked":"SKIP","floor":35.0},{"not_picked":["ats:Red Shift+1","ats:Childhood Dance","ats:Sunburst"],"picked":"SKIP","floor":36.0},{"not_picked":["ats:Powerful Strike","ats:Curse Doll","ats:Wolf Pack"],"picked":"SKIP","floor":36.0},{"not_picked":["PanicButton","Sadistic Nature"],"picked":"Flash of Steel","floor":38},{"not_picked":["ats:Hook Shot+1","ats:Song Of Battle+1","ats:Thermite Blade"],"picked":"SKIP","floor":39},{"not_picked":["ats:Shell Defense","ats:Powerful Strike","ats:Steam Pump"],"picked":"SKIP","floor":39},{"not_picked":["ats:Ignite+1","ats:Leaping Hammer","ats:Charging Defense+1"],"picked":"SKIP","floor":40},{"not_picked":["ats:Poison Spread","ats:Flame Of Heaven","ats:Cat Scratch"],"picked":"SKIP","floor":42},{"not_picked":["ats:Powerful Strike","ats:Apocalypse","ats:Leaping Hammer+1"],"picked":"SKIP","floor":44},{"not_picked":["ats:Blood Oath","ats:Hammer On+1","ats:Magnetic Hammer+1"],"picked":"SKIP","floor":44},{"not_picked":["ats:Shell Defense","ats:Very Hot Blade","ats:Curse Doll+1"],"picked":"SKIP","floor":48},{"not_picked":["ats:Poison Spread","ats:Hammer On","ats:Ignite"],"picked":"SKIP","floor":48}],"player_experience":672580,"relics_obtained":[{"floor":9.0,"key":"WingedGreaves"},{"floor":21.0,"key":"Eternal Feather"},{"floor":26.0,"key":"TheBible"},{"floor":31.0,"key":"Enchiridion"},{"floor":40,"key":"ats:Originium"},{"floor":40,"key":"Nunchaku"},{"floor":42,"key":"ats:Originium"},{"floor":42,"key":"UnicornStump"},{"floor":43,"key":"ForgetMeNow"},{"floor":45,"key":"The Courier"},{"floor":46,"key":"Turnip"}],"event_choices":[{"cards_removed":["ats:Armor Crushing Shot"],"damage_healed":0.0,"max_hp_gain":0.0,"max_hp_loss":0.0,"gold_gain":0.0,"event_name":"Golden Wing","player_choice":"Card Removal","floor":2.0,"gold_loss":0.0,"damage_taken":7.0},{"damage_healed":0.0,"max_hp_gain":0.0,"max_hp_loss":0.0,"gold_gain":0.0,"event_name":"Liars Game","player_choice":"Ignored","floor":4.0,"gold_loss":0.0,"damage_taken":0.0},{"damage_healed":0.0,"max_hp_gain":0.0,"max_hp_loss":5.0,"gold_gain":0.0,"event_name":"Golden Idol","player_choice":"Lose Max HP","floor":5.0,"gold_loss":0.0,"damage_taken":0.0,"relics_obtained":["Golden Idol"]},{"damage_healed":0.0,"max_hp_gain":5.0,"max_hp_loss":0.0,"gold_gain":0.0,"event_name":"Big Fish","player_choice":"Donut","floor":10.0,"gold_loss":0.0,"damage_taken":0.0},{"damage_healed":0.0,"max_hp_gain":0.0,"max_hp_loss":0.0,"gold_gain":0.0,"event_name":"Ghosts","player_choice":"Ignored","floor":19.0,"gold_loss":0.0,"damage_taken":0.0},{"damage_healed":0.0,"max_hp_gain":0.0,"max_hp_loss":0.0,"gold_gain":0.0,"event_name":"Duplicator","player_choice":"Copied","floor":27.0,"gold_loss":0.0,"damage_taken":0.0,"cards_obtained":["ats:Emotion Absorption"]},{"damage_healed":0.0,"max_hp_gain":0.0,"max_hp_loss":0.0,"gold_gain":0.0,"event_name":"Forgotten Altar","player_choice":"Gave Idol","floor":29.0,"relics_lost":["Golden Idol"],"gold_loss":0.0,"damage_taken":0.0,"relics_obtained":["Bloody Idol"]},{"damage_healed":0.0,"max_hp_gain":0.0,"max_hp_loss":0.0,"gold_gain":0.0,"event_name":"Cursed Tome","player_choice":"Obtained Book","floor":31.0,"gold_loss":0.0,"damage_taken":16.0},{"damage_healed":0,"gold_gain":0,"player_choice":"Memory 1","damage_taken":0,"max_hp_gain":0,"max_hp_loss":0,"event_name":"SensoryStone","floor":38,"gold_loss":0}],"is_beta":false,"boss_relics":[{"not_picked":["Busted Crown","Philosopher\u0027s Stone"],"picked":"MagicMushroom"},{"not_picked":[]},{"not_picked":["SacredBark","ChampionBelt"],"picked":"Sozu"},{"not_picked":[]}],"items_purged_floors":[0,0,0,0,11,22,30,37,47],"is_endless":false,"potions_floor_spawned":[8,13,14,24,28,35,39,40],"ascension_level":3}}