{"host":"5icjlaq41ghjcr7h","time":1610852395,"event":{"mods":["AchievementEnabler","BaseMod","Colored Map","Minty Spire (QoL Compilation)","SuperFastMode","everything is the same but u backflip on backflip"],"gold_per_floor":[117,117,67,81,81,81,108,108,108,128,159,169,0,11,11,113,113,129,146,146,61,61,95,95,20,45,55,55,65,100,119,119,223,223,233,249,249,261,311,126,181,56,56,56,56],"floor_reached":44,"language":"KOR","playtime":1635,"items_purged":["Defend_B","Defend_B","Strike_B"],"score":607,"play_id":"a28a9514-c590-4c9b-b780-e0d67612b690","local_time":"20210117115955","is_ascension_mode":true,"campfire_choices":[{"data":"Static Discharge","floor":6,"key":"SMITH"},{"floor":8,"key":"RECALL"},{"data":"Sunder","floor":15,"key":"SMITH"},{"data":"Electrodynamics","floor":32,"key":"SMITH"}],"circlet_count":0,"master_deck":["Strike_B+1","Zap+1","Dualcast","Reinforced Body","Static Discharge+1","BootSequence","Beam Cell","Static Discharge","Sunder+1","Meteor Strike","Steam","Self Repair","Electrodynamics+1","Genetic Algorithm","Hologram","Necronomicurse","Stack+1","Multi-Cast+1","Coolheaded+1","Chill+1","Tempest+1","All For One","Conserve Battery+1","Creative AI","Defragment+1","Force Field+1","Madness+1","Madness+1","BootSequence+1","Melter+1","Turbo+1","Double Energy+1","Turbo+1"],"relics":["Cracked Core","NeowsBlessing","Bag of Marbles","Anchor","Snecko Eye","Centennial Puzzle","Necronomicon","Toxic Egg 2","Regal Pillow","Ice Cream","Runic Pyramid","TungstenRod","Lizard Tail","Toy Ornithopter"],"acts_visited":["Exordium","TheCity","TheBeyond"],"potions_floor_usage":[5,11,11,11,11,23,29,30,33,44],"damage_taken":[{"damage":0.0,"enemies":"Jaw Worm","floor":1.0,"turns":1.0},{"damage":0,"enemies":"Small Slimes","floor":4,"turns":1},{"damage":0,"enemies":"Gremlin Nob","floor":7,"turns":1},{"damage":0,"enemies":"Cultist","floor":10,"turns":3},{"damage":6,"enemies":"3 Sentries","floor":11,"turns":6},{"damage":11,"enemies":"Looter","floor":12,"turns":3},{"damage":2,"enemies":"Large Slime","floor":14,"turns":4},{"damage":24,"enemies":"Hexaghost","floor":16,"turns":5},{"damage":0,"enemies":"Shell Parasite","floor":18,"turns":3},{"damage":0,"enemies":"Spheric Guardian","floor":19,"turns":3},{"damage":0,"enemies":"Gremlin Leader","floor":23,"turns":2},{"damage":5,"enemies":"Cultist and Chosen","floor":27,"turns":3},{"damage":4,"enemies":"Centurion and Healer","floor":29,"turns":3},{"damage":7,"enemies":"Book of Stabbing","floor":30,"turns":3},{"damage":0,"enemies":"Chosen and Byrds","floor":31,"turns":1},{"damage":1,"enemies":"Automaton","floor":33,"turns":6},{"damage":31,"enemies":"3 Darklings","floor":35,"turns":4},{"damage":0,"enemies":"3 Shapes","floor":36,"turns":1},{"damage":23,"enemies":"Sphere and 2 Shapes","floor":38,"turns":5},{"damage":14,"enemies":"Mind Bloom Boss Battle","floor":39,"turns":8},{"damage":7,"enemies":"2 Orb Walkers","floor":41,"turns":4},{"damage":76,"enemies":"Transient","floor":44,"turns":5}],"seed_played":"-5555437574043651982","potions_obtained":[{"floor":4,"key":"SteroidPotion"},{"floor":5,"key":"Fruit Juice"},{"floor":5,"key":"LiquidBronze"},{"floor":5,"key":"EntropicBrew"},{"floor":7,"key":"DistilledChaos"},{"floor":12,"key":"SpeedPotion"},{"floor":18,"key":"Block Potion"},{"floor":19,"key":"Swift Potion"},{"floor":31,"key":"PowerPotion"},{"floor":38,"key":"Fire Potion"},{"floor":39,"key":"DistilledChaos"}],"is_trial":false,"path_per_floor":["M","?","?","M","?","R","E","R","T","M","E","M","$","M","R","B",null,"M","M","?","?","?","E","?","$","T","M","?","M","E","M","R","B",null,"M","M","?","M","?","$","?","$","T","M"],"character_chosen":"DEFECT","items_purchased":["Meteor Strike","Steam","Turbo+1","Double Energy+1"],"campfire_rested":0,"item_purchase_floors":[13,13,40,40],"current_hp_per_floor":[75,60,60,60,65,65,65,65,65,65,59,48,48,46,46,22,80,80,80,80,80,64,64,64,64,64,66,66,62,62,62,62,61,80,49,49,39,23,16,16,16,16,16,0,0],"gold":56,"neow_bonus":"THREE_ENEMY_KILL","is_daily":false,"chose_seed":false,"campfire_upgraded":3,"win_rate":0.0,"timestamp":1610852395,"path_taken":["M","?","?","M","?","R","E","R","T","?","E","M","$","M","R","BOSS","M","M","?","?","?","E","?","?","T","M","?","M","E","?","R","BOSS","M","M","?","M","?","$","?","?","T","?"],"items_purchased_type":["Card","Card","Card","Card"],"build_version":"2020-12-22","purchased_purges":3,"victory":false,"max_hp_per_floor":[75,75,75,75,80,80,80,80,80,80,80,80,80,80,80,80,80,80,80,80,80,80,80,80,80,80,80,80,80,80,80,80,80,80,80,80,80,80,80,80,80,80,80,80,80],"card_choices":[{"not_picked":["Hologram","Barrage"],"picked":"Reinforced Body","floor":1.0},{"not_picked":["Sweeping Beam","Rebound"],"picked":"Static Discharge","floor":4},{"not_picked":["Gash","Auto Shields"],"picked":"BootSequence","floor":7},{"not_picked":["Aggregate","Redo"],"picked":"Beam Cell","floor":10},{"not_picked":["Reinforced Body","Gash"],"picked":"Static Discharge","floor":11},{"not_picked":["Go for the Eyes","Reinforced Body"],"picked":"Sunder","floor":12},{"not_picked":["Coolheaded","Genetic Algorithm"],"picked":"Self Repair","floor":14},{"not_picked":["Echo Form","Biased Cognition"],"picked":"Electrodynamics","floor":16},{"not_picked":["Steam","Streamline"],"picked":"Genetic Algorithm","floor":18},{"not_picked":["Beam Cell","BootSequence"],"picked":"Hologram","floor":19},{"not_picked":["Static Discharge","Gash+1"],"picked":"Stack+1","floor":23},{"not_picked":["Compile Driver+1","Leap+1"],"picked":"Chill+1","floor":27},{"not_picked":["Redo+1","Coolheaded+1"],"picked":"Tempest+1","floor":29},{"not_picked":["Multi-Cast+1","Sweeping Beam"],"picked":"All For One","floor":30},{"not_picked":["Coolheaded+1","Static Discharge"],"picked":"Conserve Battery+1","floor":31},{"not_picked":["Echo Form","Biased Cognition"],"picked":"Creative AI","floor":33},{"not_picked":["Turbo+1","Sweeping Beam"],"picked":"Defragment+1","floor":35},{"not_picked":["Rebound+1","Redo+1"],"picked":"Force Field+1","floor":36},{"not_picked":["Gash+1","Barrage+1"],"picked":"BootSequence+1","floor":38},{"not_picked":["Leap+1","Hello World"],"picked":"Melter+1","floor":39},{"not_picked":["Consume+1","Sweeping Beam"],"picked":"Turbo+1","floor":41}],"player_experience":126409,"relics_obtained":[{"floor":7,"key":"Bag of Marbles"},{"floor":11,"key":"Anchor"},{"floor":22,"key":"Necronomicon"},{"floor":23,"key":"Toxic Egg 2"},{"floor":26,"key":"Regal Pillow"},{"floor":30,"key":"Ice Cream"},{"floor":39,"key":"TungstenRod"},{"floor":41,"key":"Lizard Tail"},{"floor":43,"key":"Toy Ornithopter"}],"event_choices":[{"damage_healed":0.0,"max_hp_gain":0.0,"max_hp_loss":0.0,"gold_gain":0.0,"event_name":"Shining Light","player_choice":"Entered Light","floor":2.0,"gold_loss":0.0,"damage_taken":15.0,"cards_upgraded":["Strike_B","Zap"]},{"cards_removed":["Strike_B"],"damage_healed":0,"gold_gain":0,"player_choice":"Card Removal","damage_taken":0,"max_hp_gain":0,"max_hp_loss":0,"event_name":"The Cleric","floor":3,"gold_loss":50},{"damage_healed":0,"gold_gain":0,"player_choice":"Got Potions","damage_taken":0,"max_hp_gain":0,"max_hp_loss":0,"event_name":"Lab","floor":5,"gold_loss":0},{"cards_removed":["Defend_B"],"damage_healed":0,"gold_gain":0,"player_choice":"Elegance","damage_taken":0,"max_hp_gain":0,"max_hp_loss":0,"event_name":"Back to Basics","floor":20,"gold_loss":0},{"damage_healed":0,"gold_gain":0,"player_choice":"Obtained Relic","damage_taken":0,"relics_obtained":["Centennial Puzzle"],"max_hp_gain":0,"max_hp_loss":0,"event_name":"Addict","floor":21,"gold_loss":85},{"damage_healed":0,"gold_gain":0,"player_choice":"Obtained Book","damage_taken":16,"max_hp_gain":0,"max_hp_loss":0,"event_name":"Cursed Tome","floor":22,"gold_loss":0},{"damage_healed":0,"gold_gain":0,"cards_transformed":["Strike_B","Defend_B"],"player_choice":"Became Test Subject","damage_taken":0,"max_hp_gain":0,"max_hp_loss":0,"event_name":"Drug Dealer","floor":24,"gold_loss":0,"cards_obtained":["Multi-Cast","Coolheaded"]},{"damage_healed":0,"gold_gain":0,"player_choice":"Ignored","damage_taken":0,"max_hp_gain":0,"max_hp_loss":0,"event_name":"Vampires","floor":28,"gold_loss":0},{"damage_healed":0,"gold_gain":0,"player_choice":"Embrace Madness","damage_taken":10,"max_hp_gain":0,"max_hp_loss":0,"event_name":"Winding Halls","floor":37,"gold_loss":0,"cards_obtained":["Madness","Madness"]},{"damage_healed":0,"gold_gain":0,"player_choice":"Fight","damage_taken":0,"max_hp_gain":0,"max_hp_loss":0,"event_name":"MindBloom","floor":39,"gold_loss":0},{"damage_healed":0,"gold_gain":0,"player_choice":"Fight","damage_taken":0,"max_hp_gain":0,"max_hp_loss":0,"event_name":"Mysterious Sphere","floor":41,"gold_loss":0}],"is_beta":false,"boss_relics":[{"not_picked":["Calling Bell","Cursed Key"],"picked":"Snecko Eye"},{"not_picked":["FrozenCore","Black Star"],"picked":"Runic Pyramid"}],"items_purged_floors":[25,40,42],"is_endless":false,"potions_floor_spawned":[4,7,12,18,19,31,38,39],"killed_by":"Transient","ascension_level":3}}