{"host":"8oeebsytg2tzguhe","time":1610899021,"event":{"mods":["BaseMod","GungeonMod","Minty Spire (QoL Compilation)","Replay The Spire","StSLib","The Animator","The Bug Knight"],"gold_per_floor":[111,124,138,213,232,232,232,232,250,262,262,262,274,306,48,19,19,123,123,141,141,191,118,154,166,178,178],"floor_reached":26,"language":"ZHS","playtime":1701,"items_purged":["HollowMod:NailStrikeStart"],"score":210,"play_id":"04bd6c0a-4e4f-4d85-9bca-ae60f2832736","local_time":"20210117235701","is_ascension_mode":false,"campfire_choices":[{"data":"HollowMod:FocusHealStart","floor":6.0,"key":"SMITH"},{"data":"HollowMod:HuntersJournal","floor":17.0,"key":"SMITH"},{"data":"HollowMod:ChannelNail","floor":25.0,"key":"SMITH"}],"circlet_count":0,"master_deck":["HollowMod:NailStrikeStart","HollowMod:NailStrikeStart","HollowMod:NailStrikeStart","HollowMod:QuickDashStart","HollowMod:QuickDashStart","HollowMod:QuickDashStart","HollowMod:QuickDashStart","HollowMod:FocusHealStart+1","HollowMod:PogoStrike","HollowMod:CornifersMapStart","HollowMod:DashSlash","HollowMod:LifebloodCocoon","HollowMod:MantisMark","HollowMod:NewJinnsSoul","HollowMod:ChannelNail+1","HollowMod:HuntersJournal+1","HollowMod:Weaversong","HollowMod:CycloneSlash","Decay","Hallucinations","animator:Curse_Greed"],"relics":["HollowMod:VesselMask","Singing Bowl","MealTicket","DemoMod:GnawedKey","Runic Pyramid","Ring of Hypnosis","Ring of Greed","Golden Idol","MawBank","CaptainsWheel"],"acts_visited":["Exordium","TheCity"],"potions_floor_usage":[],"damage_taken":[{"damage":6.0,"enemies":"Cultist","floor":1.0,"turns":3.0},{"damage":0.0,"enemies":"Jaw Worm","floor":2.0,"turns":3.0},{"damage":0.0,"enemies":"Small Slimes","floor":3.0,"turns":3.0},{"damage":10.0,"enemies":"3 Louse","floor":5.0,"turns":3.0},{"damage":16.0,"enemies":"Looter","floor":9.0,"turns":3.0},{"damage":9.0,"enemies":"Blue Slaver","floor":10.0,"turns":4.0},{"damage":6.0,"enemies":"Red Slaver","floor":13.0,"turns":4.0},{"damage":39.0,"enemies":"Lagavulin","floor":14.0,"turns":9.0},{"damage":11.0,"enemies":"Exordium Thugs","floor":16.0,"turns":5.0},{"damage":45.0,"enemies":"Fading Forest","floor":18.0,"turns":11.0},{"damage":8.0,"enemies":"3 Byrds","floor":20.0,"turns":6.0},{"damage":7.0,"enemies":"Spheric Guardian","floor":24.0,"turns":5.0},{"damage":99,"enemies":"Snecko","floor":26,"turns":9}],"seed_played":"8130372365146243165","potions_obtained":[{"floor":0.0,"key":"Fire Potion"},{"floor":0.0,"key":"Energy Potion"},{"floor":0.0,"key":"Weak Potion"},{"floor":3.0,"key":"DemoMod:BlankPotion"},{"floor":12.0,"key":"Fruit Juice"},{"floor":12.0,"key":"Toxic Potion"},{"floor":18.0,"key":"Adrenaline Potion"}],"is_trial":false,"path_per_floor":["M","M","M","?","M","R","PTL","PTL","M","M","T","?","M","E","$","M","R","B",null,"M","?","?","?","M","R","M"],"character_chosen":"THE_BUGKNIGHT","items_purchased":["HollowMod:HuntersJournal","DemoMod:GnawedKey"],"campfire_rested":0,"item_purchase_floors":[15,15],"current_hp_per_floor":[75,75,75,68,64,64,64,64,58,55,55,60,62,35,50,51,51,46,86,86,86,86,86,87,87,0,0],"gold":178,"neow_bonus":"THREE_SMALL_POTIONS","is_daily":false,"chose_seed":false,"campfire_upgraded":3,"win_rate":0.0,"timestamp":1610899021,"path_taken":["M","M","M","?","M","R","PTL","PTL","?","M","T","?","?","E","$","M","R","BOSS","M","?","?","?","M","R","M"],"items_purchased_type":["Card","Relic"],"build_version":"2020-12-22","purchased_purges":1,"victory":false,"max_hp_per_floor":[75,75,75,75,75,75,75,75,75,75,75,80,82,84,84,86,86,86,86,86,86,86,86,88,88,88,88],"card_choices":[{"not_picked":["HollowMod:TaintedHusks","HollowMod:RecoilStrike"],"picked":"HollowMod:CornifersMapStart","floor":1.0},{"not_picked":["HollowMod:SharpenedNail","HollowMod:VengefulVoid"],"picked":"HollowMod:DashSlash","floor":2.0},{"not_picked":["HollowMod:NewLittleFool","HollowMod:TaintedHusks"],"picked":"HollowMod:LifebloodCocoon","floor":3.0},{"not_picked":["HollowMod:CrystalDash","HollowMod:BlackTendrils"],"picked":"HollowMod:MantisMark","floor":5.0},{"not_picked":["HollowMod:MothsMistake","HollowMod:BlackTendrils"],"picked":"HollowMod:NewJinnsSoul","floor":9.0},{"not_picked":["HollowMod:InfectedAttack","HollowMod:FastStrike"],"picked":"HollowMod:ChannelNail","floor":10.0},{"not_picked":["HollowMod:theNailsmith","HollowMod:GrimmsGift","HollowMod:InfectedCysts"],"picked":"Singing Bowl","floor":13.0},{"not_picked":["HollowMod:SiblingsShadow","HollowMod:SoulVessel","HollowMod:Grubsong"],"picked":"Singing Bowl","floor":14.0},{"not_picked":["HollowMod:DreamGate","HollowMod:InfectedCysts","HollowMod:DoubleDash"],"picked":"Singing Bowl","floor":16.0},{"not_picked":["HollowMod:MidwifesHunger","HollowMod:ZotesMagnificence"],"picked":"HollowMod:Weaversong","floor":18.0},{"not_picked":["HollowMod:CornifersMapStart+1","HollowMod:TaintedHusks"],"picked":"HollowMod:CycloneSlash","floor":20.0},{"not_picked":["HollowMod:FastStrike","HollowMod:VengefulVoid","HollowMod:WraithStrike"],"picked":"Singing Bowl","floor":24.0}],"player_experience":57767,"relics_obtained":[{"floor":11.0,"key":"Singing Bowl"},{"floor":14.0,"key":"MealTicket"},{"floor":22.0,"key":"Ring of Hypnosis"},{"floor":22.0,"key":"Ring of Greed"},{"floor":22.0,"key":"Golden Idol"},{"floor":22.0,"key":"MawBank"}],"event_choices":[{"damage_healed":0.0,"max_hp_gain":0.0,"max_hp_loss":0.0,"gold_gain":75.0,"event_name":"FaceTrader","player_choice":"Touch","floor":4.0,"gold_loss":0.0,"damage_taken":7.0},{"damage_healed":0.0,"max_hp_gain":0.0,"max_hp_loss":0.0,"gold_gain":0.0,"event_name":"Lab","player_choice":"Got Potions","floor":12.0,"gold_loss":0.0,"damage_taken":0.0},{"damage_healed":0.0,"max_hp_gain":0.0,"max_hp_loss":0.0,"gold_gain":0.0,"event_name":"Forgotten Altar","player_choice":"Smashed Altar","floor":21.0,"gold_loss":0.0,"damage_taken":0.0,"cards_obtained":["Decay"]},{"damage_healed":0.0,"max_hp_gain":0.0,"max_hp_loss":0.0,"gold_gain":0.0,"event_name":"Addict","player_choice":"Obtained Relic","floor":23.0,"gold_loss":85.0,"damage_taken":0.0,"relics_obtained":["CaptainsWheel"]}],"is_beta":false,"boss_relics":[{"not_picked":["Snecko Eye","Busted Crown"],"picked":"Runic Pyramid"}],"items_purged_floors":[15],"is_endless":false,"potions_floor_spawned":[3,9,10,14,16,18],"killed_by":"Snecko","ascension_level":0}}