{"host":"i0avyit1s6jb1siw","time":1610883694,"event":{"mods":["BaseMod","DeckTracker","Dota2Spire","Highlight Path","Minty Spire (QoL Compilation)","Quick Restart","StSLib","SuperFastMode"],"gold_per_floor":[119,129,129,140,156,156,182,182,182,199,199,199,214,241,241,316,316,336,105,5,5],"floor_reached":20,"language":"ENG","playtime":313,"items_purged":["Strike_R"],"score":368,"play_id":"5494a7fc-8212-4457-836d-e8b0cf9bd20f","local_time":"20210117124134","is_ascension_mode":true,"campfire_choices":[{"data":"Fire Breathing","floor":6,"key":"SMITH"},{"floor":8,"key":"REST"},{"floor":15,"key":"REST"}],"circlet_count":0,"master_deck":["AscendersBane","Strike_R","Strike_R","Strike_R","Strike_R","Defend_R","Defend_R","Defend_R","Defend_R","Bash+1","Reckless Charge","Fire Breathing+1","Reckless Charge","Wild Strike","Corruption","Shrug It Off","Good Instincts"],"relics":["Burning Blood","Dota2Spire:PhaseBoots","InkBottle","Centennial Puzzle","Kunai","Dota2Spire:MaskOfMadness","Black Star"],"acts_visited":["Exordium","TheCity"],"potions_floor_usage":[7,13,14],"damage_taken":[{"damage":4,"enemies":"2 Louse","floor":1,"turns":3},{"damage":9,"enemies":"Jaw Worm","floor":2,"turns":3},{"damage":1,"enemies":"Small Slimes","floor":4,"turns":3},{"damage":17,"enemies":"3 Louse","floor":5,"turns":3},{"damage":47,"enemies":"Gremlin Nob","floor":7,"turns":5},{"damage":7,"enemies":"Large Slime","floor":10,"turns":5},{"damage":9,"enemies":"Blue Slaver","floor":13,"turns":3},{"damage":25,"enemies":"3 Sentries","floor":14,"turns":4},{"damage":32,"enemies":"Slime Boss","floor":16,"turns":6},{"damage":53,"enemies":"Shell Parasite","floor":18,"turns":6},{"damage":24,"enemies":"2 Thieves","floor":20,"turns":3}],"seed_played":"5341311268554669141","potions_obtained":[{"floor":1,"key":"Swift Potion"},{"floor":2,"key":"EssenceOfSteel"},{"floor":13,"key":"Regen Potion"},{"floor":14,"key":"Swift Potion"}],"is_trial":false,"path_per_floor":["M","M","?","M","M","R","E","R","T","M","?","T","M","E","R","B",null,"M","$","M"],"character_chosen":"IRONCLAD","items_purchased":["Shrug It Off","Good Instincts"],"campfire_rested":2,"item_purchase_floors":[19,19],"current_hp_per_floor":[70,67,56,61,50,50,9,31,31,30,23,23,20,13,35,9,59,12,12,0,0],"gold":5,"neow_bonus":"UPGRADE_CARD","is_daily":false,"chose_seed":false,"campfire_upgraded":1,"win_rate":0.0,"timestamp":1610883694,"path_taken":["M","M","?","M","M","R","E","R","T","M","?","?","M","E","R","BOSS","M","$","M"],"items_purchased_type":["Card","Card"],"build_version":"2020-12-22","purchased_purges":1,"victory":false,"max_hp_per_floor":[75,75,75,75,75,75,75,75,75,75,75,75,75,75,75,75,75,75,75,75,75],"card_choices":[{"not_picked":["Rampage","Power Through"],"picked":"Reckless Charge","floor":1},{"not_picked":["Warcry","Havoc"],"picked":"Perfected Strike","floor":2},{"not_picked":["Body Slam","Anger"],"picked":"Fire Breathing","floor":4},{"not_picked":["Blood for Blood","Disarm"],"picked":"Reckless Charge","floor":5},{"not_picked":["Flex","Anger","Rupture"],"picked":"SKIP","floor":7},{"not_picked":["Feel No Pain","Havoc"],"picked":"Wild Strike","floor":10},{"not_picked":["Thunderclap","Body Slam","Sword Boomerang"],"picked":"SKIP","floor":13},{"not_picked":["Body Slam","Thunderclap"],"picked":"Corruption","floor":14},{"not_picked":["Entrench","Cleave","Sword Boomerang"],"picked":"SKIP","floor":18}],"player_experience":2267877,"relics_obtained":[{"floor":7,"key":"InkBottle"},{"floor":9,"key":"Centennial Puzzle"},{"floor":12,"key":"Kunai"},{"floor":14,"key":"Dota2Spire:MaskOfMadness"}],"event_choices":[{"damage_healed":0,"gold_gain":0,"player_choice":"Success","damage_taken":11,"relics_obtained":["Dota2Spire:PhaseBoots"],"max_hp_gain":0,"max_hp_loss":0,"event_name":"Scrap Ooze","floor":3,"gold_loss":0},{"cards_removed":["Perfected Strike"],"damage_healed":0,"gold_gain":0,"player_choice":"Card Removal","damage_taken":7,"max_hp_gain":0,"max_hp_loss":0,"event_name":"Golden Wing","floor":11,"gold_loss":0}],"is_beta":false,"boss_relics":[{"not_picked":["Philosopher\u0027s Stone","Busted Crown"],"picked":"Black Star"}],"items_purged_floors":[19],"is_endless":false,"potions_floor_spawned":[1,2,13,14],"killed_by":"2 Thieves","ascension_level":20}}