{"host":"fdn1l3zxrtmz275b","time":1610892936,"event":{"mods":["BaseMod","Better Third Choice","Dota2Spire","Downfall","GifTheSpireLib","Minty Spire (QoL Compilation)","Say the Spire","StSLib"],"gold_per_floor":[113,113,113,173,223,250,250,300,325,355,387,469,531,555,567,680,692,721,747,809,871,897,909,896,908,975,856,889,902,554,564,564,662,662,677,300,319,338,338,338],"floor_reached":39,"language":"RUS","playtime":1659,"items_purged":[],"score":478,"play_id":"54dd3b21-e47a-4c32-8c0c-30a3ba0e5c1c","local_time":"20210117171536","is_ascension_mode":false,"campfire_choices":[{"data":"ThirdEye","floor":7,"key":"SMITH"},{"data":"ReachHeaven","floor":15,"key":"SMITH"},{"data":"Vault","floor":23,"key":"SMITH"},{"data":"Wallop","floor":25,"key":"SMITH"},{"floor":32,"key":"REST"}],"circlet_count":0,"master_deck":["Strike_P+1","Strike_P","Strike_P+1","Defend_P","Defend_P","Defend_P","Eruption","Vigilance","ThirdEye+1","CutThroughFate","JustLucky","ForeignInfluence","ReachHeaven+1","Vault+1","FollowUp+1","Wallop+1","Swivel+1","Master of Strategy","WindmillStrike","CrushJoints+1","SandsOfTime","Establishment","Weave","Halt+1"],"relics":["PureWater","NeowsBlessing","SsserpentHead","Dota2Spire:DrumOfEndurance","Dota2Spire:DivineRapier","MawBank","Black Star","Dota2Spire:ArcaneBoots","Art of War","Potion Belt","Turnip","VioletLotus","FossilizedHelix"],"acts_visited":["Exordium","TheCity","TheBeyond"],"potions_floor_usage":[14,16,22,22,28,33,33,39,39],"damage_taken":[{"damage":0,"enemies":"Small Slimes","floor":1,"turns":1},{"damage":0,"enemies":"Cultist","floor":4,"turns":1},{"damage":0,"enemies":"Lagavulin","floor":6,"turns":1},{"damage":0,"enemies":"Jaw Worm","floor":10,"turns":2},{"damage":1,"enemies":"Exordium Wildlife","floor":11,"turns":2},{"damage":3,"enemies":"Gremlin Gang","floor":12,"turns":2},{"damage":0,"enemies":"Looter","floor":14,"turns":2},{"damage":39,"enemies":"The Guardian","floor":16,"turns":3},{"damage":1,"enemies":"Chosen","floor":18,"turns":3},{"damage":5,"enemies":"3 Byrds","floor":19,"turns":5},{"damage":0,"enemies":"Cultist and Chosen","floor":22,"turns":2},{"damage":0,"enemies":"Gremlin Leader","floor":28,"turns":2},{"damage":0,"enemies":"Snake Plant","floor":29,"turns":3},{"damage":8,"enemies":"Shelled Parasite and Fungi","floor":31,"turns":2},{"damage":20,"enemies":"Automaton","floor":33,"turns":6},{"damage":9,"enemies":"Orb Walker","floor":35,"turns":3},{"damage":3,"enemies":"3 Shapes","floor":37,"turns":4},{"damage":0,"enemies":"Spire Growth","floor":38,"turns":3},{"damage":76,"enemies":"Writhing Mass","floor":39,"turns":2}],"seed_played":"-4470046025676666219","potions_obtained":[{"floor":4,"key":"EssenceOfSteel"},{"floor":10,"key":"FearPotion"},{"floor":12,"key":"BottledMiracle"},{"floor":16,"key":"Swift Potion"},{"floor":18,"key":"Ambrosia"},{"floor":31,"key":"Block Potion"},{"floor":33,"key":"BottledMiracle"},{"floor":37,"key":"Dota2Spire:Clarity"}],"is_trial":false,"path_per_floor":["M","?","?","M","?","E","R","T","T","M","M","M","?","M","R","B",null,"M","M","?","?","M","R","?","R","T","$","E","M","$","M","R","B",null,"M","$","M","M","M"],"character_chosen":"WATCHER","items_purchased":["Master of Strategy","Turnip","Energy Potion","FossilizedHelix","Weave"],"campfire_rested":1,"item_purchase_floors":[27,30,30,36,36],"current_hp_per_floor":[72,58,58,58,72,72,72,72,72,72,71,68,61,61,61,22,72,71,66,66,66,66,66,66,66,66,66,66,66,66,58,72,52,72,63,63,60,60,0,0],"gold":338,"neow_bonus":"THREE_ENEMY_KILL","is_daily":false,"chose_seed":false,"campfire_upgraded":4,"win_rate":0.0,"timestamp":1610892936,"path_taken":["M","?","?","?","?","E","R","?","T","M","M","?","?","M","R","BOSS","M","M","?","?","M","R","?","R","T","?","E","M","$","M","R","BOSS","M","$","M","M","M"],"items_purchased_type":["Card","Relic","Potion","Relic","Card"],"build_version":"2020-12-22","purchased_purges":0,"victory":false,"max_hp_per_floor":[72,72,72,72,72,72,72,72,72,72,72,72,72,72,72,72,72,72,72,72,72,72,72,72,72,72,72,72,72,72,72,72,72,72,72,72,72,72,72,72],"card_choices":[{"not_picked":["Consecrate","JustLucky"],"picked":"ThirdEye","floor":1},{"not_picked":["CrushJoints","Swivel"],"picked":"CutThroughFate","floor":4},{"not_picked":["WreathOfFlame","CarveReality"],"picked":"JustLucky","floor":6},{"not_picked":["CutThroughFate","Consecrate"],"picked":"ForeignInfluence","floor":10},{"not_picked":["Prostrate","FearNoEvil","Crescendo"],"picked":"SKIP","floor":11},{"not_picked":["Blasphemy","BattleHymn","ThirdEye"],"picked":"SKIP","floor":12},{"not_picked":["Fasting2","Crescendo"],"picked":"ReachHeaven","floor":14},{"not_picked":["MasterReality","Devotion"],"picked":"Vault","floor":16},{"not_picked":["ClearTheMind","CrushJoints","MentalFortress"],"picked":"SKIP","floor":18},{"not_picked":["Consecrate+1","Prostrate"],"picked":"FollowUp+1","floor":19},{"not_picked":["EmptyMind","WheelKick"],"picked":"Swivel+1","floor":22},{"not_picked":["InnerPeace","JustLucky+1"],"picked":"WindmillStrike","floor":28},{"not_picked":["MentalFortress","CarveReality"],"picked":"CrushJoints+1","floor":29},{"not_picked":["Halt","Weave"],"picked":"SandsOfTime","floor":31},{"not_picked":["Scrawl","MasterReality"],"picked":"Establishment","floor":33},{"not_picked":["ReachHeaven","JustLucky","CarveReality"],"picked":"SKIP","floor":35},{"not_picked":["Adaptation+1","WaveOfTheHand"],"picked":"Halt+1","floor":37},{"not_picked":["LikeWater","FlurryOfBlows+1","Perseverance"],"picked":"SKIP","floor":38}],"player_experience":118658,"relics_obtained":[{"floor":6,"key":"Dota2Spire:DrumOfEndurance"},{"floor":8,"key":"Dota2Spire:DivineRapier"},{"floor":9,"key":"MawBank"},{"floor":26,"key":"Dota2Spire:ArcaneBoots"},{"floor":28,"key":"Art of War"},{"floor":28,"key":"Potion Belt"}],"event_choices":[{"damage_healed":72,"gold_gain":0,"player_choice":"Upgrade","damage_taken":14,"max_hp_gain":0,"max_hp_loss":72,"event_name":"betterThird:BetterShining","floor":2,"gold_loss":0,"cards_upgraded":["Strike_P","Strike_P"]},{"damage_healed":0,"gold_gain":0,"player_choice":"Trade","damage_taken":0,"relics_obtained":["SsserpentHead"],"max_hp_gain":0,"max_hp_loss":0,"event_name":"FaceTrader","floor":3,"gold_loss":0},{"damage_healed":24,"gold_gain":0,"player_choice":"Banana","damage_taken":0,"max_hp_gain":0,"max_hp_loss":0,"event_name":"Big Fish","floor":5,"gold_loss":0},{"cards_removed":["Strike_P"],"damage_healed":0,"gold_gain":0,"player_choice":"Card Removal","damage_taken":7,"max_hp_gain":0,"max_hp_loss":0,"event_name":"Golden Wing","floor":13,"gold_loss":0},{"damage_healed":0,"gold_gain":0,"player_choice":"Ignored","damage_taken":0,"max_hp_gain":0,"max_hp_loss":0,"event_name":"Ghosts","floor":20,"gold_loss":0},{"damage_healed":0,"gold_gain":0,"player_choice":"Read","damage_taken":0,"max_hp_gain":0,"max_hp_loss":0,"event_name":"The Library","floor":21,"gold_loss":0,"cards_obtained":["Wallop"]},{"cards_removed":["Defend_P"],"damage_healed":0,"gold_gain":0,"player_choice":"Gave Gold","damage_taken":0,"max_hp_gain":0,"max_hp_loss":0,"event_name":"Beggar","floor":24,"gold_loss":75}],"is_beta":false,"boss_relics":[{"not_picked":["Tiny House","Calling Bell"],"picked":"Black Star"},{"not_picked":["Sozu","Pandora\u0027s Box"],"picked":"VioletLotus"}],"items_purged_floors":[],"is_endless":false,"potions_floor_spawned":[4,10,12,16,18,19,31,33,37],"killed_by":"Writhing Mass","ascension_level":0}}