{"host":"8d3fefv2347kqkpz","time":1610861269,"event":{"mods":["100% Spire Juice","BaseMod","Better Vampires","Colored Map","Minty Spire (QoL Compilation)","Quick Restart","Replay The Spire","StSLib","The Gatherer","Waifu the Spire"],"gold_per_floor":[131,160,183,213,235,247,278,290,354,385,423,5,5,5],"floor_reached":13,"language":"ZHS","playtime":457,"items_purged":[],"score":89,"play_id":"8af51aac-4378-4f6d-aceb-1e895712ff48","local_time":"20210117132749","is_ascension_mode":false,"campfire_choices":[{"floor":6,"key":"REST"},{"floor":8,"key":"REST"}],"circlet_count":0,"master_deck":["Strike_B","Strike_B+1","Strike_B","Strike_B+1","Defend_B","Defend_B","Defend_B","Defend_B","Zap","Dualcast","Conserve Battery","BasicCrystalCard","Undo","Ball Lightning","Leap","Genetic Algorithm","Conserve Battery","Genetic Algorithm","Machine Learning","Go for the Eyes+1"],"relics":["Cracked Core","MawBank","Whetstone","Smiling Mask","Prayer Wheel"],"acts_visited":["Exordium"],"potions_floor_usage":[11],"damage_taken":[{"damage":6,"enemies":"Cultist","floor":1,"turns":3},{"damage":2,"enemies":"2 Louse","floor":2,"turns":3},{"damage":5,"enemies":"Small Slimes","floor":3,"turns":4},{"damage":1,"enemies":"2 Fungi Beasts","floor":4,"turns":4},{"damage":48,"enemies":"Gremlin Gang","floor":5,"turns":4},{"damage":11,"enemies":"Lots of Slimes","floor":7,"turns":4},{"damage":13,"enemies":"Exordium Wildlife","floor":10,"turns":4},{"damage":10,"enemies":"Lagavulin","floor":11,"turns":7},{"damage":34,"enemies":"Gremlin Nob","floor":13,"turns":4}],"seed_played":"8684949078296973035","potions_obtained":[{"floor":2,"key":"LifebloodPotion"},{"floor":3,"key":"Doom Potion"},{"floor":5,"key":"SteroidPotion"}],"is_trial":false,"path_per_floor":["M","M","M","M","M","R","M","R","T","M","E","$","E"],"character_chosen":"DEFECT","items_purchased":["Genetic Algorithm","ReplayTheSpireMod:Fabricate Wheel","Machine Learning","Go for the Eyes+1"],"campfire_rested":2,"item_purchase_floors":[12,12,12,12],"current_hp_per_floor":[69,67,62,61,13,35,24,46,46,33,23,23,0,0],"gold":5,"neow_bonus":"RANDOM_COMMON_RELIC","is_daily":false,"chose_seed":false,"campfire_upgraded":0,"win_rate":0.0,"timestamp":1610861269,"path_taken":["M","M","M","M","M","R","M","R","T","M","E","?","E"],"items_purchased_type":["Card","Card","Card","Card"],"build_version":"2020-12-22","purchased_purges":0,"victory":false,"max_hp_per_floor":[75,75,75,75,75,75,75,75,75,75,75,75,75,75],"card_choices":[{"not_picked":["Redo","Panic Button"],"picked":"Conserve Battery","floor":1},{"not_picked":["Rip and Tear","Beam Cell"],"picked":"BasicCrystalCard","floor":2},{"not_picked":["Consume","Cold Snap"],"picked":"Undo","floor":3},{"not_picked":["Compile Driver","Hologram"],"picked":"Ball Lightning","floor":4},{"not_picked":["Cold Snap","Streamline"],"picked":"Leap","floor":5},{"not_picked":["ReplayGash","ReplayRNGCard"],"picked":"Genetic Algorithm","floor":7},{"not_picked":["Coolheaded","Auto Shields"],"picked":"Conserve Battery","floor":10},{"not_picked":["Compile Driver","Steam","ReplayTheSpireMod:Repulse"],"picked":"SKIP","floor":11}],"player_experience":73953,"relics_obtained":[{"floor":9,"key":"Whetstone"},{"floor":11,"key":"Smiling Mask"}],"event_choices":[],"is_beta":false,"boss_relics":[],"items_purged_floors":[],"is_endless":false,"potions_floor_spawned":[2,3,5,7],"killed_by":"Gremlin Nob","ascension_level":0}}