{"host":"8n2lgrrkrt9pi315","time":1610908800,"event":{"mods":["BaseMod","Colored Map","Downfall","Minty Spire (QoL Compilation)","StSLib","The Cursed"],"gold_per_floor":[99,115,134,234,245,264,314,314,314,334,434,5,5,5,21,123,123,123,123,141,158,176,276,276,295,312,329,364,426,426,476,495,495,495,495],"floor_reached":33,"language":"ENG","playtime":2634,"items_purged":["hexamod:SkipABeat"],"score":265,"play_id":"98823ecd-e43c-4555-a529-ff2a0f2db17d","local_time":"20210117194000","is_ascension_mode":false,"campfire_choices":[{"data":"hexamod:Float","floor":1,"key":"SMITH"},{"data":"hexamod:Hexaguard","floor":8,"key":"SMITH"},{"data":"hexamod:EmpoweredFlame","floor":13,"key":"SMITH"},{"data":"hexamod:FastForward","floor":18,"key":"SMITH"},{"data":"hexamod:GhostOfSpireFuture","floor":30,"key":"SMITH"}],"circlet_count":0,"master_deck":["hexamod:Strike","hexamod:Strike","hexamod:Strike","hexamod:Strike","hexamod:Defend","hexamod:Defend","hexamod:Defend","hexamod:Float+1","hexamod:FirstSeal","hexamod:Hexaguard+1","hexamod:EmpoweredFlame+1","hexamod:FastForward+1","hexamod:TimeWarp","hexamod:GhostOfSpireFuture+1","hexamod:InspiringFlames","hexamod:InspiringFlames","hexamod:Hexaguard+1","hexamod:SpectersWail"],"relics":["hexamod:SpiritBrand","Boot","Membership Card","FossilizedHelix","hexamod:IceCube","downfall:CloakOfManyFaces","CultistMask","FaceOfCleric","NlothsMask","GremlinMask","SsserpentHead","Happy Flower"],"acts_visited":["Exordium","TheCity"],"potions_floor_usage":[10,14,23,23,26,28,29,33,33],"damage_taken":[{"damage":1,"enemies":"Jaw Worm","floor":2,"turns":3},{"damage":0,"enemies":"Small Slimes","floor":3,"turns":3},{"damage":0,"enemies":"Cultist","floor":5,"turns":3},{"damage":21,"enemies":"Large Slime","floor":6,"turns":6},{"damage":8,"enemies":"Exordium Thugs","floor":10,"turns":6},{"damage":0,"enemies":"downfall:FleeingMerchant","floor":12,"turns":4},{"damage":0,"enemies":"Gremlin Gang","floor":14,"turns":2},{"damage":0,"enemies":"Blue Slaver","floor":15,"turns":4},{"damage":28,"enemies":"IC_STATUS_ARCHETYPE","floor":16,"turns":10},{"damage":13,"enemies":"3 Byrds","floor":20,"turns":6},{"damage":0,"enemies":"Spheric Guardian","floor":21,"turns":4},{"damage":7,"enemies":"Snake Plant","floor":22,"turns":4},{"damage":0,"enemies":"downfall:FaceTrader","floor":23,"turns":9},{"damage":36,"enemies":"3 Cultists","floor":25,"turns":8},{"damage":0,"enemies":"Snecko","floor":26,"turns":7},{"damage":4,"enemies":"Centurion and Healer","floor":27,"turns":8},{"damage":21,"enemies":"Book of Stabbing","floor":28,"turns":7},{"damage":7,"enemies":"Snake Plant","floor":29,"turns":5},{"damage":0,"enemies":"Shelled Parasite and Fungi","floor":32,"turns":7},{"damage":49,"enemies":"SI_MIRROR_ARCHETYPE","floor":33,"turns":12}],"seed_played":"-8847598658858480742","potions_obtained":[{"floor":2,"key":"Dexterity Potion"},{"floor":6,"key":"Explosive Potion"},{"floor":10,"key":"SmokeBomb"},{"floor":22,"key":"EntropicBrew"},{"floor":26,"key":"LiquidMemories"},{"floor":28,"key":"champ:CounterPotion"},{"floor":29,"key":"bronze:BurnAndBuffPotion"}],"is_trial":false,"path_per_floor":["R","M","M","?","M","M","T","R","?","M","?","$","R","M","M","B",null,"R","?","M","M","M","?","T","M","M","M","E","M","R","?","M","B"],"character_chosen":"THE_SPIRIT","items_purchased":["hexamod:EmpoweredFlame","Membership Card","FossilizedHelix"],"campfire_rested":0,"item_purchase_floors":[12,12,12],"current_hp_per_floor":[70,69,69,69,69,55,55,55,55,54,54,61,61,61,68,47,70,70,70,64,70,70,70,70,42,43,47,34,35,35,35,43,0,0,0],"gold":495,"neow_bonus":"REMOVE_CARD","is_daily":false,"chose_seed":false,"campfire_upgraded":5,"win_rate":0.0,"timestamp":1610908800,"path_taken":["R","M","M","?","M","M","T","R","?","?","?","?","R","?","M","BOSS","R","?","M","M","M","?","T","M","M","M","E","?","R","?","M","BOSS"],"items_purchased_type":["Card","Relic","Relic"],"build_version":"2020-12-22","purchased_purges":1,"victory":false,"max_hp_per_floor":[70,70,70,70,70,70,70,70,70,70,70,70,70,70,70,70,70,70,70,70,70,70,70,70,71,72,73,74,75,75,75,76,76,76,76],"card_choices":[{"not_picked":["hexamod:BurningTouch","hexamod:BacktrackSmack","hexamod:GhostLash"],"picked":"SKIP","floor":2},{"not_picked":["hexamod:BurningTouch","hexamod:HauntingEcho"],"picked":"hexamod:SkipABeat","floor":3},{"not_picked":["hexamod:Incineration","hexamod:SwordOfDarkness"],"picked":"hexamod:FirstSeal","floor":5},{"not_picked":["hexamod:AdvancingGuard","hexamod:BacktrackSmack"],"picked":"hexamod:Hexaguard","floor":6},{"not_picked":["hexamod:SpectersWail","hexamod:GhostShield","hexamod:GhostLash"],"picked":"SKIP","floor":10},{"not_picked":["hexamod:HeatShield","hexamod:AdvancingGuard","hexamod:SpectralAdrenaline"],"picked":"SKIP","floor":12},{"not_picked":["hexamod:ExtraCrispy","hexamod:AdvancingGuard"],"picked":"hexamod:FastForward","floor":15},{"not_picked":["hexamod:UnleashSpirits","hexamod:WildfireWeapon"],"picked":"hexamod:TimeWarp","floor":16},{"not_picked":["hexamod:HeatMetal+1","hexamod:SkipABeat","hexamod:ThermalTransfer"],"picked":"SKIP","floor":20},{"not_picked":["hexamod:AdvancingGuard","hexamod:ShieldOfDarkness"],"picked":"hexamod:GhostOfSpireFuture","floor":21},{"not_picked":["hexamod:NightmareGuise","hexamod:NightmareStrike"],"picked":"hexamod:InspiringFlames","floor":22},{"not_picked":["hexamod:CatchUp+1","hexamod:Rewind+1"],"picked":"hexamod:InspiringFlames","floor":23},{"not_picked":["hexamod:NightmareStrike","hexamod:HauntingEcho"],"picked":"hexamod:Hexaguard+1","floor":25},{"not_picked":["hexamod:NightmareGuise","hexamod:Firestarter","hexamod:RecurringNightmare"],"picked":"SKIP","floor":26},{"not_picked":["hexamod:PhantomFireball+1","hexamod:SixthSeal","hexamod:ShieldOfDarkness+1"],"picked":"SKIP","floor":27},{"not_picked":["hexamod:GhostShield","hexamod:SpectersWail","hexamod:NightmareStrike"],"picked":"SKIP","floor":28},{"not_picked":["hexamod:Incineration","hexamod:BurningTouch+1"],"picked":"hexamod:SpectersWail","floor":29},{"not_picked":["hexamod:EtherealExpedition","hexamod:Hexaguard+1","hexamod:BurningTouch+1"],"picked":"SKIP","floor":32}],"player_experience":81454,"relics_obtained":[{"floor":7,"key":"Boot"},{"floor":23,"key":"downfall:CloakOfManyFaces"},{"floor":28,"key":"Happy Flower"}],"event_choices":[{"damage_healed":0,"gold_gain":0,"player_choice":"Ignored","damage_taken":0,"max_hp_gain":0,"max_hp_loss":0,"event_name":"NoteForYourself","floor":9,"gold_loss":0}],"is_beta":false,"boss_relics":[{"not_picked":["Tiny House","Empty Cage"],"picked":"hexamod:IceCube"}],"items_purged_floors":[12],"is_endless":false,"potions_floor_spawned":[2,6,10,22,26,28,29],"killed_by":"SI_MIRROR_ARCHETYPE","ascension_level":0}}