{"host":"y3h3n3f7seyagppx","time":1610917116,"event":{"mods":["AlwaysNeverKeys","BaseMod","Better Vampires","Colored Powertips","DeckTracker","Emptier Cage","Minty Spire (QoL Compilation)","Permanent Neow","Quick Restart","Rare Cards Sparkle","Relic Sorter","Relic Stats","StSLib","Transform Curses"],"gold_per_floor":[109,109,74,86,97,97,130,130,130,140,140,170,191,218,218,292,292,308,308,72,72,22,22,57,73,98,113,147,147,163,189,189,267,267,284,31,41,51,51,77,77,110,137,164,183,202,221,248,248,248,248,248,248,0,33,33],"floor_reached":57,"language":"ENG","playtime":6966,"items_purged":["Strike_R+1","Strike_R+1"],"score":3146,"play_id":"e5f70316-9cf7-412e-8e4f-1e6e94a8c55a","local_time":"20210117155836","is_ascension_mode":true,"campfire_choices":[{"data":"Searing Blow","floor":6.0,"key":"SMITH"},{"data":"Searing Blow+1","floor":8.0,"key":"SMITH"},{"floor":11.0,"key":"REST"},{"data":"Searing Blow+2","floor":15.0,"key":"SMITH"},{"floor":23.0,"key":"REST"},{"floor":29.0,"key":"REST"},{"floor":32.0,"key":"REST"},{"floor":41.0,"key":"REST"},{"floor":49.0,"key":"REST"},{"floor":53.0,"key":"REST"}],"circlet_count":0,"master_deck":["AscendersBane","Strike_R+1","Strike_R+1","Strike_R+1","Defend_R+1","Defend_R+1","Defend_R+1","Defend_R+1","Bash+1","Armaments+1","Searing Blow+3","Shockwave","Fire Breathing","Reaper","Iron Wave+1","Ghostly","Ghostly","Ghostly","Demon Form+1","Pommel Strike+1","Fiend Fire","True Grit+1","Warcry+1","Heavy Blade","Pommel Strike+1","Flame Barrier+1","Sword Boomerang","Offering","Disarm","Shrug It Off+1","Evolve","Thunderclap+1"],"relics":["SlaversCollar","Art of War","Turnip","Ornamental Fan","Toy Ornithopter","Odd Mushroom","Red Skull","Fusion Hammer","Omamori","Bronze Scales","MealTicket","Anchor","Lantern","Black Star","Membership Card","Centennial Puzzle","Thread and Needle","Dream Catcher","Potion Belt","Blood Vial","Pen Nib","Bag of Marbles","Mummified Hand","Nunchaku","Oddly Smooth Stone","Bag of Preparation","Strawberry"],"acts_visited":["Exordium","TheCity","TheBeyond","TheEnding"],"potions_floor_usage":[56],"damage_taken":[{"damage":11.0,"enemies":"Jaw Worm","floor":1.0,"turns":5.0},{"damage":8.0,"enemies":"2 Louse","floor":4.0,"turns":3.0},{"damage":12.0,"enemies":"Small Slimes","floor":5.0,"turns":5.0},{"damage":8.0,"enemies":"Gremlin Nob","floor":7.0,"turns":3.0},{"damage":1.0,"enemies":"Looter","floor":10.0,"turns":4.0},{"damage":16.0,"enemies":"Lagavulin","floor":12.0,"turns":7.0},{"damage":10.0,"enemies":"The Mushroom Lair","floor":13.0,"turns":6.0},{"damage":0.0,"enemies":"Gremlin Nob","floor":14.0,"turns":3.0},{"damage":0.0,"enemies":"Slime Boss","floor":16.0,"turns":4.0},{"damage":18.0,"enemies":"2 Thieves","floor":18.0,"turns":5.0},{"damage":23.0,"enemies":"Slavers","floor":24.0,"turns":7.0},{"damage":17.0,"enemies":"3 Byrds","floor":25.0,"turns":3.0},{"damage":13.0,"enemies":"Cultist and Chosen","floor":27.0,"turns":6.0},{"damage":3.0,"enemies":"Gremlin Leader","floor":28.0,"turns":5.0},{"damage":6.0,"enemies":"Centurion and Healer","floor":30.0,"turns":6.0},{"damage":10.0,"enemies":"Book of Stabbing","floor":31.0,"turns":5.0},{"damage":37.0,"enemies":"Collector","floor":33.0,"turns":10.0},{"damage":20.0,"enemies":"3 Darklings","floor":35.0,"turns":9.0},{"damage":0.0,"enemies":"Orb Walker","floor":37.0,"turns":3.0},{"damage":18.0,"enemies":"Maw","floor":38.0,"turns":8.0},{"damage":0.0,"enemies":"Reptomancer","floor":40.0,"turns":5.0},{"damage":74.0,"enemies":"Giant Head","floor":42.0,"turns":8.0},{"damage":0.0,"enemies":"Reptomancer","floor":44.0,"turns":5.0},{"damage":24.0,"enemies":"Transient","floor":45.0,"turns":6.0},{"damage":0.0,"enemies":"Spire Growth","floor":46.0,"turns":4.0},{"damage":3.0,"enemies":"3 Darklings","floor":47.0,"turns":6.0},{"damage":23.0,"enemies":"Giant Head","floor":48.0,"turns":7.0},{"damage":23.0,"enemies":"Donu and Deca","floor":50.0,"turns":9.0},{"damage":14.0,"enemies":"Time Eater","floor":51.0,"turns":9.0},{"damage":14,"enemies":"Shield and Spear","floor":55,"turns":6},{"damage":42,"enemies":"The Heart","floor":56,"turns":7}],"seed_played":"-1157906162602531535","potions_obtained":[{"floor":7.0,"key":"Fire Potion"},{"floor":10.0,"key":"SpeedPotion"},{"floor":12.0,"key":"AttackPotion"},{"floor":18.0,"key":"Dexterity Potion"},{"floor":24.0,"key":"BloodPotion"},{"floor":27.0,"key":"FairyPotion"},{"floor":33.0,"key":"EssenceOfSteel"},{"floor":38.0,"key":"PowerPotion"},{"floor":42.0,"key":"Swift Potion"},{"floor":44.0,"key":"Energy Potion"},{"floor":47.0,"key":"Dexterity Potion"}],"is_trial":false,"path_per_floor":["M","?","?","M","M","R","E","R","T","M","R","E","?","E","R","B",null,"M","?","$","?","?","R","E","M","T","M","E","R","M","E","R","B",null,"M","$","M","M","?","E","R","E","T","E","M","M","M","E","R","B","B",null,"R","$","E","B",null],"character_chosen":"IRONCLAD","items_purchased":["Omamori","Membership Card","Centennial Puzzle","Bag of Preparation","Evolve","DistilledChaos","ColorlessPotion"],"campfire_rested":7,"item_purchase_floors":[20,36,36,54,54,54,54],"current_hp_per_floor":[57,34,52,44,32,32,24,24,24,23,45,29,19,24,24,24,62,50,50,50,37,37,37,23,24,24,15,31,37,37,34,37,37,37,35,37,37,37,37,37,37,11,11,37,37,37,34,37,37,14,14,31,37,37,44,19],"gold":33,"neow_bonus":"BOSS_RELIC","is_daily":false,"chose_seed":false,"campfire_upgraded":3,"win_rate":0.0,"timestamp":1610917116,"path_taken":["M","?","?","M","?","R","E","R","T","M","R","E","?","E","R","BOSS","M","?","$","?","?","R","E","M","T","?","E","R","M","E","R","BOSS","M","$","M","M","?","E","R","E","T","E","M","M","M","E","R","BOSS","BOSS","R","$","E","BOSS"],"items_purchased_type":["Relic","Relic","Relic","Relic","Card","Potion","Potion"],"build_version":"2020-12-22","purchased_purges":2,"victory":true,"max_hp_per_floor":[75,75,75,75,75,75,75,75,75,75,75,75,75,75,75,75,75,75,75,75,37,37,37,37,37,37,37,37,37,37,37,37,37,37,37,37,37,37,37,37,37,37,37,37,37,37,37,37,37,37,37,37,37,37,44,44],"relic_stats":{"counters":[31,179],"Pen Nib":[12],"Bag of Preparation":[4],"Blood Vial":6,"Centennial Puzzle":[27],"Dream Catcher":3,"Nunchaku":[6],"Ornamental Fan":[172],"Mummified Hand":[21],"Bronze Scales":[531],"MealTicket":2,"Turnip":[18],"Art of War":[1],"Black Star":5,"obtain_stats":[{"Lantern":31,"Bag of Preparation":54,"Burning Blood":0,"Blood Vial":42,"Centennial Puzzle":36,"Dream Catcher":40,"Nunchaku":48,"Mummified Hand":44,"Strawberry":55,"MealTicket":26,"Fusion Hammer":17,"Red Skull":14,"Potion Belt":42,"Oddly Smooth Stone":48,"Thread and Needle":40,"Pen Nib":43,"Omamori":20,"Odd Mushroom":13,"SlaversCollar":0,"Anchor":28,"Ornamental Fan":9,"Bronze Scales":24,"Turnip":7,"Black Star":34,"Bag of Marbles":44,"Art of War":55,"Membership Card":36,"Toy Ornithopter":12},{"Lantern":16,"Bag of Preparation":29,"Burning Blood":0,"Blood Vial":22,"Centennial Puzzle":18,"Dream Catcher":21,"Nunchaku":27,"Mummified Hand":23,"Strawberry":30,"MealTicket":12,"Fusion Hammer":9,"Red Skull":8,"Potion Belt":22,"Oddly Smooth Stone":27,"Thread and Needle":21,"Pen Nib":22,"Omamori":10,"Odd Mushroom":7,"SlaversCollar":0,"Anchor":14,"Ornamental Fan":4,"Bronze Scales":11,"Turnip":4,"Black Star":17,"Bag of Marbles":23,"Art of War":30,"Membership Card":18,"Toy Ornithopter":6},{"Lantern":77,"Bag of Preparation":166,"Burning Blood":0,"Blood Vial":120,"Centennial Puzzle":96,"Dream Catcher":112,"Nunchaku":148,"Mummified Hand":125,"Strawberry":172,"MealTicket":55,"Fusion Hammer":40,"Red Skull":36,"Potion Belt":120,"Oddly Smooth Stone":148,"Thread and Needle":112,"Pen Nib":120,"Omamori":45,"Odd Mushroom":33,"SlaversCollar":0,"Anchor":66,"Ornamental Fan":16,"Bronze Scales":52,"Turnip":16,"Black Star":87,"Bag of Marbles":125,"Art of War":172,"Membership Card":96,"Toy Ornithopter":27}],"Toy Ornithopter":22},"card_choices":[{"not_picked":["Anger","Wild Strike"],"picked":"Armaments","floor":1.0},{"not_picked":["Flex","Reckless Charge"],"picked":"Searing Blow","floor":4.0},{"not_picked":["Bloodletting","Exhume","Warcry"],"picked":"SKIP","floor":5.0},{"not_picked":["Demon Form","Inflame"],"picked":"Shockwave","floor":7.0},{"not_picked":["Disarm","Clothesline","Rage"],"picked":"SKIP","floor":10.0},{"not_picked":["Disarm","Clothesline","Rage"],"picked":"SKIP","floor":10.0},{"not_picked":["Clash","Twin Strike","Thunderclap"],"picked":"SKIP","floor":12.0},{"not_picked":["Anger","Heavy Blade"],"picked":"Fire Breathing","floor":13.0},{"not_picked":["Sentinel","Armaments","Sword Boomerang"],"picked":"SKIP","floor":14.0},{"not_picked":["Impervious","Brutality"],"picked":"Reaper","floor":16.0},{"not_picked":["Carnage","Armaments"],"picked":"Iron Wave+1","floor":18.0},{"not_picked":["Searing Blow","Havoc"],"picked":"Demon Form","floor":24.0},{"not_picked":["Havoc","Headbutt","Heavy Blade"],"picked":"SKIP","floor":25.0},{"not_picked":["Warcry","Clash"],"picked":"Pommel Strike+1","floor":27.0},{"not_picked":["Sword Boomerang","Entrench","Headbutt"],"picked":"SKIP","floor":28.0},{"not_picked":["Warcry","Combust","Bloodletting+1"],"picked":"SKIP","floor":30.0},{"not_picked":["Clothesline","Rage","Heavy Blade"],"picked":"SKIP","floor":31.0},{"not_picked":["Berserk","Brutality"],"picked":"Fiend Fire","floor":33.0},{"not_picked":["True Grit","Pummel","Body Slam"],"picked":"SKIP","floor":35.0},{"not_picked":["Spot Weakness","Body Slam"],"picked":"True Grit+1","floor":37.0},{"not_picked":["Hemokinesis","Flex+1"],"picked":"Warcry+1","floor":38.0},{"not_picked":["Headbutt","Cleave"],"picked":"Heavy Blade","floor":40.0},{"not_picked":["Immolate","Wild Strike"],"picked":"Pommel Strike+1","floor":41.0},{"not_picked":["Sever Soul","Rampage","Anger"],"picked":"SKIP","floor":42.0},{"not_picked":["Shockwave","Entrench+1"],"picked":"Flame Barrier+1","floor":44.0},{"not_picked":["Headbutt","Seeing Red"],"picked":"Sword Boomerang","floor":45.0},{"not_picked":["Flex","Anger","Headbutt"],"picked":"SKIP","floor":46.0},{"not_picked":["Clash","Twin Strike"],"picked":"Offering","floor":47.0},{"not_picked":["Searing Blow","Pommel Strike"],"picked":"Disarm","floor":48.0},{"not_picked":["Metallicize","Uppercut"],"picked":"Shrug It Off+1","floor":53.0},{"not_picked":["Whirlwind","Pommel Strike+1"],"picked":"Thunderclap+1","floor":55}],"player_experience":21168622,"relics_obtained":[{"floor":7.0,"key":"Turnip"},{"floor":9.0,"key":"Ornamental Fan"},{"floor":12.0,"key":"Toy Ornithopter"},{"floor":13.0,"key":"Odd Mushroom"},{"floor":14.0,"key":"Red Skull"},{"floor":24.0,"key":"Bronze Scales"},{"floor":26.0,"key":"MealTicket"},{"floor":28.0,"key":"Anchor"},{"floor":31.0,"key":"Lantern"},{"floor":40.0,"key":"Thread and Needle"},{"floor":40.0,"key":"Dream Catcher"},{"floor":42.0,"key":"Potion Belt"},{"floor":42.0,"key":"Blood Vial"},{"floor":43.0,"key":"Pen Nib"},{"floor":44.0,"key":"Bag of Marbles"},{"floor":44.0,"key":"Mummified Hand"},{"floor":48.0,"key":"Nunchaku"},{"floor":48.0,"key":"Oddly Smooth Stone"},{"floor":55,"key":"Art of War"},{"floor":55,"key":"Strawberry"}],"event_choices":[{"damage_healed":0.0,"max_hp_gain":0.0,"max_hp_loss":0.0,"gold_gain":0.0,"event_name":"Shining Light","player_choice":"Entered Light","floor":2.0,"gold_loss":0.0,"damage_taken":23.0,"cards_upgraded":["Bash","Armaments"]},{"damage_healed":18.0,"max_hp_gain":0.0,"max_hp_loss":0.0,"gold_gain":0.0,"event_name":"The Cleric","player_choice":"Healed","floor":3.0,"gold_loss":35.0,"damage_taken":0.0},{"damage_healed":0.0,"max_hp_gain":0.0,"max_hp_loss":0.0,"gold_gain":0.0,"event_name":"Mushrooms","player_choice":"Fought Mushrooms","floor":13.0,"gold_loss":0.0,"damage_taken":0.0},{"damage_healed":0.0,"max_hp_gain":0.0,"max_hp_loss":0.0,"gold_gain":0.0,"event_name":"Back to Basics","player_choice":"Simplicity","floor":19.0,"gold_loss":0.0,"damage_taken":0.0,"cards_upgraded":["Strike_R","Strike_R","Strike_R","Strike_R","Strike_R","Defend_R","Defend_R","Defend_R","Defend_R"]},{"damage_healed":0.0,"max_hp_gain":0.0,"max_hp_loss":38.0,"gold_gain":0.0,"event_name":"Ghosts","player_choice":"Became a Ghost","floor":21.0,"gold_loss":0.0,"damage_taken":0.0,"cards_obtained":["Ghostly","Ghostly","Ghostly"]},{"damage_healed":0.0,"max_hp_gain":0.0,"max_hp_loss":0.0,"gold_gain":0.0,"event_name":"The Joust","player_choice":"Bet on Murderer","floor":22.0,"gold_loss":50.0,"damage_taken":0.0},{"damage_healed":0.0,"max_hp_gain":0.0,"max_hp_loss":0.0,"gold_gain":0.0,"event_name":"Upgrade Shrine","player_choice":"Upgraded","floor":39.0,"gold_loss":0.0,"damage_taken":0.0,"cards_upgraded":["Demon Form"]}],"is_beta":false,"boss_relics":[{"not_picked":["Runic Cube","Busted Crown"],"picked":"Fusion Hammer"},{"not_picked":["Velvet Choker","Tiny House"],"picked":"Black Star"}],"items_purged_floors":[20,54],"is_endless":false,"potions_floor_spawned":[7,10,12,13,18,24,27,33,38,42,44,47],"ascension_level":20}}