{"host":"t9zjxed0utvsfjwc","time":1610898758,"event":{"mods":["2.2 Compatiblity","Aspiration","BaseMod","Better Altar","Better Match","Better Note","Better Sensory Stone","Better Skull","Better Third Choice","Block Reminder","Colored Map","Colored Powertips","Hermit","Highlight Path","Hubris","Infinite Spire","Minty Spire (QoL Compilation)","Quick Restart","Rare Cards Sparkle","Replay The Spire","Shade Mod","StSLib","The Cursed","The Death Knight","The Marked","Unceasing Turn Reminder","everything is the same but u backflip on backflip"],"gold_per_floor":[113,38,313,330,405,405,433,433,433,236,262,262,287,13,13,115,115,127,127,141,141,159,191,191,191,191],"floor_reached":25,"language":"ENG","playtime":1009,"items_purged":["Strike_R","Regret","Strike_R"],"score":352,"play_id":"914fac37-b3ca-4ce8-b014-7b280870bed7","local_time":"20210117155238","is_ascension_mode":true,"campfire_choices":[{"floor":6,"key":"REST"},{"data":"ReplayTheSpireMod:Limb From Limb","floor":8,"key":"SMITH"},{"data":"Replay:BasicMightCard","floor":15,"key":"SMITH"},{"floor":24,"key":"RECALL"}],"circlet_count":0,"master_deck":["Strike_R","Strike_R","Defend_R","Defend_R","Defend_R","Defend_R","Bash","ReplayTheSpireMod:Limb From Limb+1","Replay:BasicMightCard+1","Demon Form","DeusExMachina","CrushJoints"],"relics":["infinitespire:Burning Sword","Toy Ornithopter","Happy Flower","Bronze Scales","Blood Vial","aspiration:WatcherSkillbook","Pen Nib","aspiration:HatOfInfinitePower"],"acts_visited":["Exordium","TheCity"],"potions_floor_usage":[7,13,20],"damage_taken":[{"damage":2,"enemies":"2 Louse","floor":1,"turns":2},{"damage":8,"enemies":"Cultist","floor":4,"turns":3},{"damage":27,"enemies":"Lagavulin","floor":7,"turns":5},{"damage":0,"enemies":"Gremlin Nob","floor":11,"turns":2},{"damage":2,"enemies":"3 Sentries","floor":13,"turns":5},{"damage":0,"enemies":"Slime Boss","floor":16,"turns":3},{"damage":15,"enemies":"3 Byrds","floor":18,"turns":2},{"damage":10,"enemies":"Spheric Guardian","floor":20,"turns":3},{"damage":0,"enemies":"Snecko","floor":22,"turns":3},{"damage":41,"enemies":"Book of Stabbing","floor":23,"turns":4},{"damage":27,"enemies":"Slavers","floor":25,"turns":2}],"seed_played":"-1202890597712107859","potions_obtained":[{"floor":4,"key":"Adrenaline Potion"},{"floor":11,"key":"CultistPotion"},{"floor":18,"key":"ElixirPotion"},{"floor":20,"key":"Dexterity Potion"}],"is_trial":false,"path_per_floor":["M","$","?","M","?","R","E","R","T","$","E","?","E","$","R","B",null,"M","?","M","?","M","E","R","E"],"character_chosen":"IRONCLAD","items_purchased":["Replay:BasicMightCard","Blood Vial"],"campfire_rested":1,"item_purchase_floors":[10,14],"current_hp_per_floor":[78,78,78,70,59,80,53,53,53,53,53,53,56,56,56,58,80,65,65,62,62,64,25,25,0,0],"gold":191,"neow_bonus":"BOSS_RELIC","is_daily":false,"chose_seed":false,"campfire_upgraded":2,"win_rate":0.0,"timestamp":1610898758,"path_taken":["M","$","?","?","?","R","E","R","T","?","E","?","E","$","R","BOSS","M","?","M","?","M","E","R","E"],"items_purchased_type":["Card","Relic"],"build_version":"2020-12-22","purchased_purges":3,"victory":false,"max_hp_per_floor":[80,80,80,80,80,80,80,80,80,80,80,80,80,80,80,80,80,80,80,80,80,80,80,80,80,80],"card_choices":[{"not_picked":["Replay:Undeath\u0027s Touch","Sever Soul","Flex"],"picked":"SKIP","floor":1},{"not_picked":["ReplayTheSpireMod:Strike From Hell","Replay:Undeath\u0027s Touch"],"picked":"ReplayTheSpireMod:Limb From Limb","floor":4},{"not_picked":["Sword Boomerang","Flex","ReplayTheSpireMod:Corrosion Curse"],"picked":"SKIP","floor":7},{"not_picked":["Replay:Many Hands","Pommel Strike"],"picked":"Demon Form","floor":11},{"not_picked":["Iron Wave","Blood for Blood","hubris:ReadiedAction"],"picked":"SKIP","floor":13},{"not_picked":["Anger","Halt","Shrug It Off","Run Through+1"],"picked":"SKIP","floor":18},{"not_picked":["JustLucky","Pommel Strike","Thunderclap","Evaluate"],"picked":"SKIP","floor":20},{"not_picked":["JustLucky","Pommel Strike","Thunderclap","Evaluate"],"picked":"SKIP","floor":20},{"not_picked":["Wild Strike","Havoc","Headbutt"],"picked":"DeusExMachina","floor":22},{"not_picked":["Wild Strike","Evaluate","Perfected Strike+1"],"picked":"CrushJoints","floor":23}],"player_experience":360523,"relics_obtained":[{"floor":7,"key":"Toy Ornithopter"},{"floor":11,"key":"Happy Flower"},{"floor":13,"key":"Bronze Scales"},{"floor":23,"key":"aspiration:HatOfInfinitePower"}],"event_choices":[{"damage_healed":0,"gold_gain":275,"player_choice":"Desecrate","damage_taken":0,"max_hp_gain":0,"max_hp_loss":0,"event_name":"Golden Shrine","floor":3,"gold_loss":0,"cards_obtained":["Regret"]},{"damage_healed":0,"gold_gain":75,"player_choice":"Gold","damage_taken":11,"max_hp_gain":0,"max_hp_loss":0,"event_name":"betterThird:BetterGoop","floor":5,"gold_loss":0},{"cards_removed":["Strike_R"],"damage_healed":0,"gold_gain":0,"player_choice":"Purged","damage_taken":0,"max_hp_gain":0,"max_hp_loss":0,"event_name":"Purifier","floor":19,"gold_loss":0},{"damage_healed":0,"gold_gain":0,"player_choice":"Gave Potion","damage_taken":0,"relics_obtained":["Pen Nib"],"max_hp_gain":0,"max_hp_loss":0,"event_name":"WeMeetAgain","floor":21,"gold_loss":0}],"is_beta":false,"boss_relics":[{"not_picked":["Ooze Armor","Coffee Dripper"],"picked":"aspiration:WatcherSkillbook"}],"items_purged_floors":[2,10,14],"is_endless":false,"potions_floor_spawned":[4,11,18,20],"killed_by":"Slavers","ascension_level":1}}