{"host":"jyuuog6ydc2s7nd8","time":1610877908,"event":{"mods":["BaseMod","Better Vampires","Minty Spire (QoL Compilation)","Shop Mod","StSLib","The Hierophant","The Servant 0.9.4","TheBandit","[IsaacMod]ÒÔÈö¼âËþ"],"gold_per_floor":[119,44,56,56,56,88,88,88,88,88,88,103,103,120,120,196,196,215,227,142,162,182,209,209,219,219,251,261,47,47,63,63,142,142,153,172,70,70,0,0,15,42,42,42,42,60,93,107,107,107,107,107,107,32,58,58],"floor_reached":57,"language":"ZHS","playtime":1531,"items_purged":["Strike_G","Strike_G","Strike_G","Strike_G","Strike_G","Defend_G"],"score":3404,"play_id":"2c2bc586-3df3-45cf-8bc0-776b14f37605","local_time":"20210117180508","is_ascension_mode":true,"campfire_choices":[{"data":"Neutralize","floor":8.0,"key":"SMITH"},{"data":"Footwork","floor":11.0,"key":"SMITH"},{"data":"Acrobatics","floor":13.0,"key":"SMITH"},{"data":"Storm of Steel","floor":15.0,"key":"SMITH"},{"data":"Cloak And Dagger","floor":24.0,"key":"SMITH"},{"data":"Finisher","floor":32.0,"key":"SMITH"},{"data":"Blade Dance","floor":40.0,"key":"SMITH"},{"data":"Tactician","floor":44.0,"key":"SMITH"},{"floor":49.0,"key":"RECALL"},{"data":"Backflip","floor":53,"key":"SMITH"}],"circlet_count":0,"master_deck":["AscendersBane","Defend_G","Defend_G","Defend_G","Survivor","Neutralize+1","Footwork+1","Acrobatics+1","Storm of Steel+1","Cloak And Dagger+1","Finisher+1","Backflip+1","Tactician+1","Blade Dance+1","Accuracy+1"],"relics":["Ring of the Snake","HushsDoor","BelialBook","UnicornStump","Ninja Scroll","WristBlade","GuppysHead","JudasShadow","Darkstone Periapt","Void","Membership Card","Coffee Dripper","GuppysHairball","GuppysPaw","Red Mask","Lantern","DeadEye","Blue Candle","InkBottle"],"acts_visited":["Exordium","TheCity","TheBeyond","TheEnding"],"potions_floor_usage":[51,56],"damage_taken":[{"damage":0.0,"enemies":"Jaw Worm","floor":1.0,"turns":1.0},{"damage":0.0,"enemies":"2 Louse","floor":3.0,"turns":1.0},{"damage":0.0,"enemies":"3 Sentries","floor":6.0,"turns":1.0},{"damage":0.0,"enemies":"Cultist","floor":12.0,"turns":2.0},{"damage":12.0,"enemies":"Exordium Thugs","floor":14.0,"turns":3.0},{"damage":0.0,"enemies":"The Guardian","floor":16.0,"turns":9.0},{"damage":0.0,"enemies":"3 Byrds","floor":18.0,"turns":3.0},{"damage":0.0,"enemies":"Chosen","floor":19.0,"turns":2.0},{"damage":0.0,"enemies":"3 Cultists","floor":21.0,"turns":3.0},{"damage":0.0,"enemies":"Cultist and Chosen","floor":22.0,"turns":3.0},{"damage":0.0,"enemies":"Slavers","floor":23.0,"turns":2.0},{"damage":0.0,"enemies":"Snecko","floor":25.0,"turns":3.0},{"damage":12.0,"enemies":"Book of Stabbing","floor":27.0,"turns":4.0},{"damage":0.0,"enemies":"Chosen and Byrds","floor":28.0,"turns":3.0},{"damage":0.0,"enemies":"Sentry and Sphere","floor":31.0,"turns":2.0},{"damage":0.0,"enemies":"Champ","floor":33.0,"turns":10.0},{"damage":0.0,"enemies":"Orb Walker","floor":35.0,"turns":1.0},{"damage":0.0,"enemies":"3 Shapes","floor":36.0,"turns":1.0},{"damage":0.0,"enemies":"Sphere and 2 Shapes","floor":41.0,"turns":1.0},{"damage":0.0,"enemies":"Nemesis","floor":42.0,"turns":3.0},{"damage":0.0,"enemies":"Transient","floor":46.0,"turns":3.0},{"damage":0.0,"enemies":"Giant Head","floor":47.0,"turns":1.0},{"damage":0.0,"enemies":"Maw","floor":48.0,"turns":2.0},{"damage":0.0,"enemies":"Donu and Deca","floor":50.0,"turns":2.0},{"damage":5,"enemies":"Time Eater","floor":51,"turns":3},{"damage":0,"enemies":"Shield and Spear","floor":55,"turns":1},{"damage":6,"enemies":"The Heart","floor":56,"turns":5}],"seed_played":"6631476822476287972","potions_obtained":[{"floor":1.0,"key":"LiquidBronze"},{"floor":3.0,"key":"Dexterity Potion"},{"floor":19.0,"key":"GamblersBrew"},{"floor":21.0,"key":"DistilledChaos"},{"floor":23.0,"key":"Explosive Potion"},{"floor":33.0,"key":"Weak Potion"},{"floor":42.0,"key":"Swift Potion"},{"floor":46.0,"key":"Ancient Potion"}],"is_trial":false,"path_per_floor":["M","$","M","$","?","E","?","R","T","$","R","M","R","M","R","B",null,"M","M","?","M","M","E","R","M","T","E","M","$","?","M","R","B",null,"M","M","$","?","?","R","M","E","T","R","$","M","E","M","R","B","B",null,"R","$","E","B",null],"character_chosen":"THE_SILENT","items_purchased":["GuppysHead","JudasShadow","Finisher","Membership Card","GuppysHairball","GuppysPaw","Tactician"],"campfire_rested":0,"item_purchase_floors":[17,17,17,29,34,34,37],"current_hp_per_floor":[59,59,59,59,64,64,64,64,64,64,64,64,64,52,52,52,40,40,40,40,43,43,43,43,43,43,31,31,31,31,31,31,31,6,6,6,6,6,6,6,6,6,6,6,6,6,6,6,6,6,1,5,5,5,5,1],"gold":58,"neow_bonus":"THREE_ENEMY_KILL","is_daily":false,"chose_seed":false,"campfire_upgraded":9,"win_rate":0.0,"timestamp":1610877908,"path_taken":["M","$","M","$","?","E","?","R","T","$","R","M","R","?","R","BOSS","M","M","?","M","?","E","R","?","T","E","M","$","?","M","R","BOSS","M","M","$","?","?","R","M","E","T","R","$","M","E","M","R","BOSS","BOSS","R","$","E","BOSS"],"items_purchased_type":["Relic","Relic","Card","Relic","Relic","Relic","Card"],"build_version":"2020-12-22","purchased_purges":6,"victory":true,"max_hp_per_floor":[66,66,66,66,71,71,71,71,71,71,71,71,71,71,71,71,40,40,40,40,43,43,43,43,43,43,38,33,33,33,33,33,33,6,6,6,6,6,6,6,6,6,6,6,6,6,6,6,6,6,6,6,6,6,6,1],"card_choices":[{"not_picked":[],"picked":"ChaosCard","floor":0.0},{"not_picked":["Deflect","Noxious Fumes"],"picked":"Footwork","floor":1.0},{"not_picked":["All Out Attack","Endless Agony","Blade Dance"],"picked":"SKIP","floor":3.0},{"not_picked":["Poisoned Stab","Finisher"],"picked":"Acrobatics","floor":6.0},{"not_picked":["Poisoned Stab","Flying Knee"],"picked":"Storm of Steel","floor":12.0},{"not_picked":["Flying Knee","Catalyst"],"picked":"Cloak And Dagger","floor":14.0},{"not_picked":["Tactician","Expertise"],"picked":"Backflip","floor":18.0},{"not_picked":["PiercingWail","Caltrops","Outmaneuver"],"picked":"SKIP","floor":19.0},{"not_picked":["Dodge and Roll","Acrobatics","Endless Agony"],"picked":"SKIP","floor":21.0},{"not_picked":["Predator","Flying Knee","Dagger Throw+1"],"picked":"SKIP","floor":22.0},{"not_picked":["Dodge and Roll+1","Masterful Stab","Dagger Throw"],"picked":"SKIP","floor":23.0},{"not_picked":["Eviscerate","Deadly Poison","Leg Sweep+1"],"picked":"SKIP","floor":25.0},{"not_picked":["Acrobatics","Bane+1","Skewer"],"picked":"SKIP","floor":27.0},{"not_picked":["Acrobatics","Bane+1","Skewer"],"picked":"SKIP","floor":27.0},{"not_picked":["Predator","Prepared","PiercingWail"],"picked":"SKIP","floor":28.0},{"not_picked":["Wraith Form v2","Flying Knee","Slice"],"picked":"SKIP","floor":31.0},{"not_picked":["Bouncing Flask","Predator+1","Slice"],"picked":"SKIP","floor":35.0},{"not_picked":["Dagger Throw","Underhanded Strike","Backstab+1"],"picked":"SKIP","floor":36.0},{"not_picked":["Flying Knee","Endless Agony+1","Backflip+1"],"picked":"SKIP","floor":41.0},{"not_picked":["Cloak And Dagger","Slice+1"],"picked":"Accuracy+1","floor":42.0},{"not_picked":["Eviscerate","Deflect","Crippling Poison"],"picked":"SKIP","floor":46.0},{"not_picked":["Adrenaline","Dodge and Roll","Outmaneuver"],"picked":"SKIP","floor":47.0},{"not_picked":["Backflip","Sucker Punch","Deflect+1"],"picked":"SKIP","floor":48.0},{"not_picked":["Escape Plan","Crippling Poison+1","Slice+1"],"picked":"SKIP","floor":55}],"player_experience":1827215,"relics_obtained":[{"floor":6.0,"key":"UnicornStump"},{"floor":9.0,"key":"Ninja Scroll"},{"floor":23.0,"key":"Darkstone Periapt"},{"floor":27.0,"key":"Void"},{"floor":42.0,"key":"Lantern"},{"floor":43.0,"key":"DeadEye"},{"floor":47.0,"key":"Blue Candle"},{"floor":55,"key":"InkBottle"}],"event_choices":[{"damage_healed":0.0,"max_hp_gain":5.0,"max_hp_loss":0.0,"gold_gain":0.0,"event_name":"Big Fish","player_choice":"Donut","floor":5.0,"gold_loss":0.0,"damage_taken":0.0},{"cards_removed":["Defend_G"],"damage_healed":0.0,"max_hp_gain":0.0,"max_hp_loss":0.0,"gold_gain":0.0,"event_name":"Purifier","player_choice":"Purged","floor":7.0,"gold_loss":0.0,"damage_taken":0.0},{"damage_healed":0.0,"max_hp_gain":0.0,"max_hp_loss":0.0,"gold_gain":0.0,"event_name":"Addict","player_choice":"Obtained Relic","floor":20.0,"gold_loss":85.0,"damage_taken":0.0,"relics_obtained":["PillsDrop"]},{"damage_healed":0.0,"max_hp_gain":0.0,"max_hp_loss":0.0,"gold_gain":0.0,"event_name":"Cursed Tome","player_choice":"Ignored","floor":30.0,"gold_loss":0.0,"damage_taken":0.0},{"damage_healed":0.0,"max_hp_gain":0.0,"max_hp_loss":0.0,"gold_gain":0.0,"event_name":"Match and Keep!","player_choice":"1 cards matched","floor":38.0,"gold_loss":0.0,"damage_taken":0.0,"cards_obtained":["Blade Dance"]},{"damage_healed":0.0,"max_hp_gain":0.0,"max_hp_loss":0.0,"gold_gain":0.0,"event_name":"Tomb of Lord Red Mask","player_choice":"Paid","floor":39.0,"gold_loss":70.0,"damage_taken":0.0,"relics_obtained":["Red Mask"]}],"is_beta":false,"boss_relics":[{"not_picked":["Cursed Key","Black Star"],"picked":"WristBlade"},{"not_picked":[]},{"not_picked":["Velvet Choker","Philosopher\u0027s Stone"],"picked":"Coffee Dripper"},{"not_picked":[]}],"items_purged_floors":[2,17,29,34,37,54],"is_endless":false,"potions_floor_spawned":[1,3,12,19,21,23,33,42,46,48],"ascension_level":20}}