{"host":"gzsdmyo07u314vug","time":1610903311,"event":{"mods":["2.2 Compatiblity","Bard","BaseMod","Colored Powertips","GifTheSpireLib","Hermit","Minty Spire (QoL Compilation)","Quick Restart","Rare Cards Sparkle","Relic Stats","Replay The Spire","Robot Space Explorer","Shop Mod","StSLib","The Bug Knight","The Construct","The Elementalist","The Hierophant","The IronCluck","The Marked","The Runesmith","The Servant 0.9.4","Unceasing Turn Reminder","everything is the same but u backflip on backflip","slay the spire mod where everything is the same but ironclad has a cowboy hat","vexMod"],"gold_per_floor":[110,128,128,128,142,142,158,61,61,61,76,76,92,92,92,185,185,196,196,295,295,195,195,18,31,55,109,109,109,214,267,267,410,410,421,481,481,526,205,205,153,63,113,133,167,222,230,230,230,293,293,273],"floor_reached":53,"language":"ENG","playtime":3245,"items_purged":["hierophant:Strike_Hierophant","hierophant:Strike_Hierophant","hierophant:Strike_Hierophant","hierophant:Defend_Hierophant"],"score":1013,"play_id":"016c0f57-34a8-4d3b-a072-d4bcd6f68187","local_time":"20210117140831","is_ascension_mode":false,"campfire_choices":[{"data":"hierophant:RepressedViolence","floor":6.0,"key":"SMITH"},{"data":"hierophant:ChurchCoffers","floor":10.0,"key":"SMITH"},{"floor":15.0,"key":"REST"},{"data":"hierophant:Zeal","floor":23.0,"key":"SMITH"},{"data":"hierophant:Batter","floor":28.0,"key":"SMITH"},{"data":"hierophant:Sermon","floor":32.0,"key":"SMITH"},{"data":"hierophant:Punish","floor":40.0,"key":"SMITH"},{"floor":51,"key":"REST"}],"circlet_count":0,"master_deck":["hierophant:Punish+1","hierophant:ChurchCoffers+1","hierophant:Sermon+1","hierophant:RepressedViolence+1","hierophant:HolyVerse+1","hierophant:Zeal+1","hierophant:Bribe+1","hierophant:HammerAndAnvil+1","hierophant:Batter+1","hierophant:MorningPrayer+1","hierophant:DeathKnell+1","hierophant:Shelter+1","hierophant:SecretStash+1","hierophant:Community+1","hierophant:PassingBell+1","hierophant:MirrorShield+1","hierophant:DivineIntervention+1","hierophant:Endure+1","hierophant:Shelter+1","hierophant:Shelter+1","hierophant:HammerAndAnvil+1","hierophant:Shelter+1","hierophant:Community+1","hierophant:Prophecy+1","hierophant:Repentance+1"],"relics":["hierophant:PropheticMaskRelic","NeowsBlessing","Golden Idol","Toxic Egg 2","vexMod:MemoryStick","vexMod:TanglingVine","Nloth\u0027s Gift","Ancient Tea Set","Bird Faced Urn","Bottled Lightning","Empty Cage","HandDrill","Lantern","Akabeko"],"acts_visited":["Exordium","TheCity","TheBeyond"],"potions_floor_usage":[],"damage_taken":[{"damage":0.0,"enemies":"Cultist","floor":1.0,"turns":1.0},{"damage":0.0,"enemies":"2 Louse","floor":2.0,"turns":1.0},{"damage":0.0,"enemies":"Jaw Worm","floor":5.0,"turns":1.0},{"damage":31.0,"enemies":"Lagavulin","floor":7.0,"turns":8.0},{"damage":3.0,"enemies":"Exordium Wildlife","floor":11.0,"turns":2.0},{"damage":0.0,"enemies":"3 Louse","floor":13.0,"turns":2.0},{"damage":29.0,"enemies":"The Guardian","floor":16.0,"turns":18.0},{"damage":2.0,"enemies":"3 Byrds","floor":18.0,"turns":4.0},{"damage":5.0,"enemies":"Shell Parasite","floor":25.0,"turns":4.0},{"damage":2.0,"enemies":"Chosen and Byrds","floor":27.0,"turns":8.0},{"damage":14.0,"enemies":"Colosseum Slavers","floor":30.0,"turns":6.0},{"damage":8.0,"enemies":"Colosseum Nobs","floor":30.0,"turns":6.0},{"damage":0.0,"enemies":"Centurion and Healer","floor":31.0,"turns":6.0},{"damage":0.0,"enemies":"Collector","floor":33.0,"turns":5.0},{"damage":0.0,"enemies":"Orb Walker","floor":35.0,"turns":4.0},{"damage":2.0,"enemies":"3 Darklings","floor":38.0,"turns":2.0},{"damage":3.0,"enemies":"4 Shapes","floor":44.0,"turns":5.0},{"damage":19.0,"enemies":"Giant Head","floor":45.0,"turns":12.0},{"damage":0.0,"enemies":"Sphere and 2 Shapes","floor":46.0,"turns":2.0},{"damage":0,"enemies":"Writhing Mass","floor":47,"turns":3},{"damage":0,"enemies":"Nemesis","floor":50,"turns":9},{"damage":0,"enemies":"Awakened One","floor":52,"turns":8}],"seed_played":"-7457593344586234980","potions_obtained":[{"floor":1.0,"key":"ColorlessPotion"},{"floor":4.0,"key":"Fruit Juice"},{"floor":13.0,"key":"Block Potion"},{"floor":18.0,"key":"Energy Potion"},{"floor":25.0,"key":"Strength Potion"},{"floor":33.0,"key":"Milkshake"},{"floor":35.0,"key":"Ancient Potion"},{"floor":36.0,"key":"Fruit Juice"},{"floor":36.0,"key":"Dexterity Potion"},{"floor":47,"key":"AttackPotion"}],"is_trial":false,"path_per_floor":["M","M","?","?","M","R","E","$","T","R","M","$","M","?","R","B",null,"M","?","?","?","$","R","$","M","T","M","R","?","?","M","R","B",null,"M","?","?","M","$","R","$","?","T","M","E","M","M","PTL","PTL","E","R","B",null],"character_chosen":"HIEROPHANT","items_purchased":["hierophant:Zeal","hierophant:Shelter+1","HandDrill","hierophant:Shelter+1","hierophant:HammerAndAnvil+1"],"campfire_rested":2,"item_purchase_floors":[8,24,39,39,41],"current_hp_per_floor":[75,75,57,62,62,62,31,31,31,31,28,28,28,25,49,20,80,78,78,78,78,78,78,78,73,73,71,71,71,49,51,51,53,80,80,65,65,65,65,65,65,65,65,64,47,49,53,53,53,57,82,85],"gold":273,"neow_bonus":"THREE_ENEMY_KILL","is_daily":false,"chose_seed":false,"campfire_upgraded":6,"win_rate":0.0,"timestamp":1610903311,"path_taken":["M","?","?","?","M","R","E","?","T","R","M","$","M","?","R","BOSS","M","?","?","?","$","R","$","M","T","?","R","?","?","M","R","BOSS","M","?","?","M","$","R","$","?","T","M","E","?","M","PTL","PTL","E","R","BOSS"],"items_purchased_type":["Card","Card","Relic","Card","Card"],"build_version":"2020-12-22","purchased_purges":4,"victory":true,"max_hp_per_floor":[75,75,75,80,80,80,80,80,80,80,80,80,80,80,80,80,80,80,80,80,80,80,80,80,80,80,80,80,80,80,80,80,80,80,80,85,85,85,85,85,85,85,85,85,85,85,85,85,85,85,85,85],"relic_stats":{"counters":[22,117],"Golden Idol":181,"Bird Faced Urn":[23],"Nloth\u0027s Gift":2,"HandDrill":[24],"obtain_stats":[{"vexMod:MemoryStick":14,"Lantern":43,"NeowsBlessing":0,"Gremlin Horn":9,"Golden Idol":3,"hierophant:PropheticMaskRelic":0,"vexMod:TanglingVine":17,"Ancient Tea Set":26,"Empty Cage":34,"Akabeko":45,"Bird Faced Urn":30,"Nloth\u0027s Gift":21,"HandDrill":39,"Bottled Lightning":30,"Toxic Egg 2":7},{"vexMod:MemoryStick":6,"Lantern":16,"NeowsBlessing":0,"Gremlin Horn":4,"Golden Idol":2,"hierophant:PropheticMaskRelic":0,"vexMod:TanglingVine":7,"Ancient Tea Set":9,"Empty Cage":14,"Akabeko":18,"Bird Faced Urn":12,"Nloth\u0027s Gift":8,"HandDrill":16,"Bottled Lightning":12,"Toxic Egg 2":4},{"vexMod:MemoryStick":15,"Lantern":78,"NeowsBlessing":0,"Gremlin Horn":11,"Golden Idol":2,"hierophant:PropheticMaskRelic":0,"vexMod:TanglingVine":33,"Ancient Tea Set":41,"Empty Cage":72,"Akabeko":95,"Bird Faced Urn":61,"Nloth\u0027s Gift":37,"HandDrill":78,"Bottled Lightning":61,"Toxic Egg 2":11}]},"card_choices":[{"not_picked":["hierophant:AuricShield","hierophant:CoinFling"],"picked":"hierophant:Sermon","floor":1.0},{"not_picked":["hierophant:Blessing","hierophant:Purify"],"picked":"hierophant:RepressedViolence","floor":2.0},{"not_picked":["hierophant:Levitation","hierophant:RustyCrate","hierophant:Doubloon"],"picked":"SKIP","floor":5.0},{"not_picked":["hierophant:MorningPrayer+1","hierophant:Prophecy+1"],"picked":"hierophant:HolyVerse+1","floor":7.0},{"not_picked":["hierophant:Encroach+1","hierophant:AuricBeam"],"picked":"hierophant:Bribe+1","floor":11.0},{"not_picked":["hierophant:FieryStrike","hierophant:Mercenaries"],"picked":"hierophant:HammerAndAnvil+1","floor":13.0},{"not_picked":["hierophant:AuricForm","hierophant:BulkyChest+1"],"picked":"hierophant:Batter","floor":16.0},{"not_picked":["hierophant:Sermon+1","hierophant:Encroach+1"],"picked":"hierophant:MorningPrayer+1","floor":18.0},{"not_picked":["hierophant:Dazzle+1","hierophant:Mercenaries"],"picked":"hierophant:SecretStash+1","floor":25.0},{"not_picked":["hierophant:PassingBell","hierophant:Mercenaries"],"picked":"hierophant:Community+1","floor":27.0},{"not_picked":["hierophant:Sermon+1","hierophant:Martyrdom+1"],"picked":"hierophant:PassingBell+1","floor":30.0},{"not_picked":["hierophant:HolyVerse+1","hierophant:Remorse"],"picked":"hierophant:MirrorShield+1","floor":31.0},{"not_picked":["hierophant:DeathKnell+1","hierophant:Kindle+1"],"picked":"hierophant:DivineIntervention+1","floor":33.0},{"not_picked":["hierophant:Smite","hierophant:RepressedViolence"],"picked":"hierophant:Endure+1","floor":35.0},{"not_picked":["hierophant:Smite+1","hierophant:Alms+1"],"picked":"hierophant:Shelter+1","floor":36.0},{"not_picked":["hierophant:Prophecy+1","hierophant:RepressedViolence+1","hierophant:Glossolalia"],"picked":"SKIP","floor":38.0},{"not_picked":["hierophant:Martyrdom","hierophant:FaithHealing+1"],"picked":"hierophant:Shelter+1","floor":44.0},{"not_picked":["hierophant:Refuge","hierophant:Rebuild+1","hierophant:BulkyChest+1"],"picked":"SKIP","floor":45.0},{"not_picked":["hierophant:DisplayOfPower","hierophant:RustyCrate+1"],"picked":"hierophant:Community+1","floor":46.0},{"not_picked":["hierophant:AuricBeam","hierophant:Shelter+1"],"picked":"hierophant:Prophecy+1","floor":47},{"not_picked":["hierophant:Flagellation+1","hierophant:Purify"],"picked":"hierophant:Repentance+1","floor":50}],"player_experience":692976,"relics_obtained":[{"floor":7.0,"key":"Toxic Egg 2"},{"floor":9.0,"key":"Gremlin Horn"},{"floor":26.0,"key":"Ancient Tea Set"},{"floor":30.0,"key":"Bird Faced Urn"},{"floor":30.0,"key":"Bottled Lightning"},{"floor":43.0,"key":"Lantern"},{"floor":45.0,"key":"Akabeko"}],"event_choices":[{"damage_healed":0.0,"max_hp_gain":0.0,"max_hp_loss":0.0,"gold_gain":0.0,"event_name":"Golden Idol","player_choice":"Take Damage","floor":3.0,"gold_loss":0.0,"damage_taken":18.0,"relics_obtained":["Golden Idol"]},{"damage_healed":0.0,"max_hp_gain":0.0,"max_hp_loss":0.0,"gold_gain":0.0,"event_name":"Scrap Ooze","player_choice":"Success","floor":14.0,"gold_loss":0.0,"damage_taken":3.0,"relics_obtained":["vexMod:MemoryStick"]},{"damage_healed":0.0,"max_hp_gain":0.0,"max_hp_loss":0.0,"gold_gain":0.0,"event_name":"The Library","player_choice":"Read","floor":19.0,"gold_loss":0.0,"damage_taken":0.0,"cards_obtained":["hierophant:DeathKnell"]},{"damage_healed":0.0,"max_hp_gain":0.0,"max_hp_loss":0.0,"gold_gain":99.0,"event_name":"Nest","player_choice":"Stole From Cult","floor":20.0,"gold_loss":0.0,"damage_taken":0.0},{"damage_healed":0.0,"max_hp_gain":0.0,"max_hp_loss":0.0,"gold_gain":0.0,"event_name":"N\u0027loth","player_choice":"Traded Relic","floor":21.0,"relics_lost":["Gremlin Horn"],"gold_loss":0.0,"damage_taken":0.0,"relics_obtained":["Nloth\u0027s Gift"]},{"damage_healed":0.0,"max_hp_gain":0.0,"max_hp_loss":0.0,"gold_gain":0.0,"event_name":"Colosseum","player_choice":"Fight","floor":30.0,"gold_loss":0.0,"damage_taken":0.0},{"damage_healed":0.0,"max_hp_gain":0.0,"max_hp_loss":0.0,"gold_gain":0.0,"event_name":"Colosseum","player_choice":"Fought Nobs","floor":30.0,"gold_loss":0.0,"damage_taken":0.0},{"cards_removed":["hierophant:Defend_Hierophant"],"damage_healed":0.0,"max_hp_gain":0.0,"max_hp_loss":0.0,"gold_gain":0.0,"event_name":"Falling","player_choice":"Removed Skill","floor":37.0,"gold_loss":0.0,"damage_taken":0.0},{"cards_removed":["hierophant:Defend_Hierophant"],"damage_healed":0.0,"max_hp_gain":0.0,"max_hp_loss":0.0,"gold_gain":0.0,"event_name":"Designer","player_choice":"Removal","floor":42.0,"gold_loss":90.0,"damage_taken":0.0}],"is_beta":false,"boss_relics":[{"not_picked":["Ring of Chaos","Runesmith:UraniumAnvil"],"picked":"vexMod:TanglingVine"},{"not_picked":["Fusion Hammer","SlaversCollar"],"picked":"Empty Cage"}],"items_purged_floors":[8,22,24,39],"is_endless":false,"potions_floor_spawned":[1,13,18,25,33,35,44,47],"ascension_level":0}}