{"host":"627up2rvtmm0cf0r","time":1610862893,"event":{"mods":["100% Spire Juice","ATMod(阿瑾Mod)","Act Like it!","BaseMod","Better Vampires","CapriCore","Card Filter","Card Forge","Colored Powertips","DeckTracker","Dota2Spire","Energized Spire","Friendly Minions","Highlight Path","Infinite Spire","Jedi Mod","Marked Mod","Mimic Mod","Minty Spire (QoL Compilation)","MostiFishMod","Permanent Neow","Practice Mode","Quick Restart","Relic Stats","Shop Mod","Spicy Shops","StSLib","SuperFastMode","TestMod","The Blackbeard","The Marked","【遗物卡牌】REMEMod","残留之物","篝火指南"],"gold_per_floor":[116,291,311,330,343,130,165,165,188,188,188,188,227,250,150,281,-1119,-1094,20,39,39,53,53,71,71,117,157,157,225,225,225,77,229,229,266,314,314,314,366,77,131,53,53,53,386,421,346,393,0,49],"floor_reached":51,"language":"ZHS","playtime":1835,"items_purged":["Doubt","Pain","Strike_G","Survivor","Defend_G","Defend_G","Defend_G","Clumsy"],"score":1448,"play_id":"132db72a-e89a-407b-8a56-b5d0c88008f0","local_time":"20210117135453","is_ascension_mode":true,"campfire_choices":[{"data":"Malaise","floor":8.0,"key":"SMITH"},{"data":"AT_EssenceShift","floor":10.0,"key":"SMITH"},{"data":"AT_ShadowStep","floor":23.0,"key":"SMITH"},{"floor":25.0,"key":"RECALL"},{"data":"AT_ShadowStep","floor":30,"key":"SMITH"}],"circlet_count":0,"master_deck":["Strike_G+1","Strike_G+1","Strike_G+1","Strike_G+1","Defend_G","Defend_G","Neutralize+1","AT_EssenceShift+1","Malaise+1","AT_ShadowStep+1","AT_ShadowStep+1"],"relics":["Ring of the Snake","Hammer of Thor","Seething Fire","Anvil of the Gods","DaveBox","testmod-TestBox","REME_ComplimentaryCards","AT_ATBox","testmod-Mahjong","Dodecahedron","NeowsBlessing","SynthV:TestCard","Toolbox","Dota2Spire:UrnOfShadows","AT_EbonyIvory","Dota2Spire:MaskOfMadness","WarpedTongs","Dota2Spire:BladeMail","SynthV:MejaisSoulstealer","Medical Kit","Gremlin Horn","REME_ArchaeologicalTools","Civilization","xbg","Turnip","Membership Card","BrkXgEgg","Bronze Scales","PlaceholderMod:DeVermisMysteriis","BionicSphere","Shuriken","Potion Belt","AT_SilvercatRing","Technique"],"acts_visited":["Exordium","TheCity","TheBeyond"],"potions_floor_usage":[48],"damage_taken":[{"damage":0.0,"enemies":"Small Slimes","floor":1.0,"turns":1.0},{"damage":0.0,"enemies":"Cultist","floor":3.0,"turns":1.0},{"damage":0.0,"enemies":"2 Louse","floor":4.0,"turns":1.0},{"damage":42.0,"enemies":"Exordium Thugs","floor":5.0,"turns":5.0},{"damage":0.0,"enemies":"Lagavulin","floor":7.0,"turns":7.0},{"damage":5.0,"enemies":"3 Sentries","floor":13.0,"turns":5.0},{"damage":1.0,"enemies":"Looter","floor":14.0,"turns":3.0},{"damage":0.0,"enemies":"Slime Boss","floor":16.0,"turns":8.0},{"damage":0.0,"enemies":"Shell Parasite","floor":18.0,"turns":8.0},{"damage":0.0,"enemies":"2 Thieves","floor":19.0,"turns":3.0},{"damage":0.0,"enemies":"Centurion and Healer","floor":20.0,"turns":3.0},{"damage":0.0,"enemies":"Sentry and Sphere","floor":22.0,"turns":4.0},{"damage":0.0,"enemies":"Snake Plant","floor":24.0,"turns":5.0},{"damage":2.0,"enemies":"Cultist and Chosen","floor":26.0,"turns":5.0},{"damage":0.0,"enemies":"REME_1_Revenger","floor":27.0,"turns":3.0},{"damage":0,"enemies":"Cultist and Chosen","floor":29,"turns":4},{"damage":0,"enemies":"Collector","floor":33,"turns":4},{"damage":2,"enemies":"3 Darklings","floor":35,"turns":4},{"damage":0,"enemies":"3 Shapes","floor":36,"turns":3},{"damage":0,"enemies":"Jaw Worm Horde","floor":39,"turns":2},{"damage":0,"enemies":"Giant Head","floor":41,"turns":8},{"damage":0,"enemies":"Nemesis","floor":46,"turns":3},{"damage":0,"enemies":"Reptomancer","floor":48,"turns":2},{"damage":0,"enemies":"infinitespire:MassOfShapes","floor":50,"turns":6}],"seed_played":"5750063908303986728","potions_obtained":[{"floor":3.0,"key":"SpeedPotion"},{"floor":5.0,"key":"PowerPotion"},{"floor":13.0,"key":"AttackPotion"},{"floor":33,"key":"Ancient Potion"},{"floor":41,"key":"jedi:wingpotion"},{"floor":48,"key":"Regen Potion"}],"is_trial":false,"path_per_floor":["M","?","M","M","M","R","E","R","T","R","?","?","E","M","R","B",null,"M","M","M","AVR","M","R","M","R","MIM","E","?","M","R","?","R","B",null,"M","M","?","AVR","M","R","E","R","T","?","?","E","$","E","R","B",null],"character_chosen":"THE_SILENT","items_purchased":["Toolbox","Dota2Spire:UrnOfShadows","Civilization","Membership Card","BrkXgEgg","PlaceholderMod:DeVermisMysteriis","AT_SilvercatRing","Technique"],"campfire_rested":0,"item_purchase_floors":[6,6,32,40,40,42,49,49],"current_hp_per_floor":[70,70,70,70,28,28,34,34,34,34,34,34,36,35,35,35,58,65,65,65,65,65,65,65,65,63,65,65,65,65,65,65,66,66,68,73,73,73,78,78,83,83,83,83,83,88,88,93,93,98],"gold":49,"neow_bonus":"THREE_ENEMY_KILL","is_daily":false,"chose_seed":false,"campfire_upgraded":4,"win_rate":0.0,"timestamp":1610862893,"path_taken":["M","?","M","M","M","R","E","R","T","R","?","?","E","?","R","BOSS","M","M","M","AVR","M","R","M","R","MIM","E","?","M","R","?","R","BOSS","M","?","?","AVR","M","R","E","R","T","?","?","E","?","E","R","BOSS"],"items_purchased_type":["Relic","Relic","Relic","Relic","Relic","Relic","Relic","Relic"],"build_version":"2020-12-22","purchased_purges":8,"victory":true,"max_hp_per_floor":[70,70,70,70,70,70,70,70,70,70,65,65,65,65,65,65,65,65,65,65,65,65,65,65,65,65,65,65,65,65,65,65,66,66,68,73,73,73,78,78,83,83,83,83,83,88,88,93,93,98],"relic_stats":{"Gremlin Horn":[13,13],"counters":[24,98],"Shuriken":[5],"Bronze Scales":[33],"Turnip":[0],"Medical Kit":[0],"obtain_stats":[{"Dota2Spire:MaskOfMadness":9,"AT_ATBox":0,"DaveBox":0,"Gremlin Horn":26,"Hammer of Thor":0,"PlaceholderMod:DeVermisMysteriis":42,"Civilization":32,"testmod-Mahjong":0,"Toolbox":6,"Dota2Spire:BladeMail":13,"REME_ArchaeologicalTools":27,"Ring of the Snake":0,"Potion Belt":48,"testmod-TestBox":0,"Dota2Spire:UrnOfShadows":6,"SynthV:MejaisSoulstealer":17,"Dodecahedron":0,"NeowsBlessing":0,"Golden Idol":11,"AT_EbonyIvory":7,"BrkXgEgg":40,"Seething Fire":0,"AT_SilvercatRing":49,"Medical Kit":21,"WarpedTongs":12,"SynthV:TestCard":1,"Anvil of the Gods":0,"Shuriken":46,"Bronze Scales":41,"BionicSphere":43,"Turnip":38,"Membership Card":40,"Technique":49,"xbg":34,"REME_ComplimentaryCards":0},{"Dota2Spire:MaskOfMadness":5,"AT_ATBox":0,"DaveBox":0,"Gremlin Horn":14,"Hammer of Thor":0,"PlaceholderMod:DeVermisMysteriis":21,"Civilization":16,"testmod-Mahjong":0,"Toolbox":4,"Dota2Spire:BladeMail":6,"REME_ArchaeologicalTools":15,"Ring of the Snake":0,"Potion Belt":23,"testmod-TestBox":0,"Dota2Spire:UrnOfShadows":4,"SynthV:MejaisSoulstealer":8,"Dodecahedron":0,"NeowsBlessing":0,"Golden Idol":5,"AT_EbonyIvory":5,"BrkXgEgg":20,"Seething Fire":0,"AT_SilvercatRing":23,"Medical Kit":11,"WarpedTongs":5,"SynthV:TestCard":1,"Anvil of the Gods":0,"Shuriken":22,"Bronze Scales":21,"BionicSphere":21,"Turnip":19,"Membership Card":20,"Technique":23,"xbg":17,"REME_ComplimentaryCards":0},{"Dota2Spire:MaskOfMadness":15,"AT_ATBox":0,"DaveBox":0,"Gremlin Horn":59,"Hammer of Thor":0,"PlaceholderMod:DeVermisMysteriis":87,"Civilization":66,"testmod-Mahjong":0,"Toolbox":8,"Dota2Spire:BladeMail":20,"REME_ArchaeologicalTools":62,"Ring of the Snake":0,"Potion Belt":92,"testmod-TestBox":0,"Dota2Spire:UrnOfShadows":8,"SynthV:MejaisSoulstealer":31,"Dodecahedron":0,"NeowsBlessing":0,"Golden Idol":15,"AT_EbonyIvory":15,"BrkXgEgg":79,"Seething Fire":0,"AT_SilvercatRing":92,"Medical Kit":45,"WarpedTongs":15,"SynthV:TestCard":1,"Anvil of the Gods":0,"Shuriken":90,"Bronze Scales":87,"BionicSphere":87,"Turnip":77,"Membership Card":79,"Technique":92,"xbg":70,"REME_ComplimentaryCards":0}],"Ring of the Snake":[48],"WarpedTongs":[76]},"card_choices":[{"not_picked":["Poisoned Stab","Deadly Poison","REME_ShadowStrike"],"picked":"SKIP","floor":1.0},{"not_picked":["Sucker Punch","Backflip","Acrobatics","MostiFishMod:PerfectParry","Flying Knee"],"picked":"SKIP","floor":3.0},{"not_picked":["Well Laid Plans","Dagger Spray","Blade Dance","Masterful Stab","Underhanded Strike"],"picked":"SKIP","floor":4.0},{"not_picked":["PiercingWail","Bane","Deflect","Outmaneuver","AT_ArcaneSupremacy"],"picked":"SKIP","floor":5.0},{"not_picked":["Concentrate","Leg Sweep","MostiFishMod:PerfectParry","jedi:unstablefumes","Wraith Form v2"],"picked":"SKIP","floor":7.0},{"not_picked":["REME_GreenPollution","AT_Desolate","Flying Knee","REME_ShadowStrike","Prepared"],"picked":"SKIP","floor":13.0},{"not_picked":["Cloak And Dagger","Dagger Spray","Backflip","Endless Agony","Deflect"],"picked":"SKIP","floor":14.0},{"not_picked":["Dagger Throw","Backflip","Prepared","Underhanded Strike"],"picked":"AT_ShadowStep","floor":18.0},{"not_picked":["Prepared","AT_TwilightShroud","Deflect+1","Dodge and Roll+1","All Out Attack"],"picked":"SKIP","floor":19.0},{"not_picked":["Flying Knee","Acrobatics","Dash","jedi:acidrain","MostiFishMod:PoisonShield"],"picked":"SKIP","floor":20.0},{"not_picked":["Blade Dance+1","Cloak And Dagger","Dagger Spray","AT_FocusSwordFire","Flying Knee"],"picked":"SKIP","floor":22.0},{"not_picked":["jedi:poisonivy","Concentrate","Prepared+1","Riddle With Holes+1","REME_GrazeFinale"],"picked":"SKIP","floor":24.0},{"not_picked":["PiercingWail","Bane","Catalyst+1","Quick Slash+1"],"picked":"AT_ShadowStep","floor":26.0},{"not_picked":["Dagger Spray+1","Dodge and Roll+1","Cloak And Dagger","Deadly Poison+1","Backflip+1"],"picked":"SKIP","floor":27.0},{"not_picked":["Bane+1","Flying Knee","Deflect","Dodge and Roll","MostiFishMod:HiddenBlade"],"picked":"SKIP","floor":29},{"not_picked":["AT_TinkerSharpsword+1","Prepared","jedi:pocketpoison","AT_WindFlip","Infinite Blades+1"],"picked":"SKIP","floor":35},{"not_picked":["Terror","MostiFishMod:PerfectParry+1","MostiFishMod:FrostNova+1","Flying Knee","Dodge and Roll+1"],"picked":"SKIP","floor":36},{"not_picked":["Cloak And Dagger","Accuracy","Backstab+1","MostiFishMod:PerfectParry+1","Sucker Punch+1"],"picked":"SKIP","floor":39},{"not_picked":["Deadly Poison","REME_SpectralBlade+1","Backstab","REME_ShadowStrike","Dodge and Roll"],"picked":"SKIP","floor":41},{"not_picked":["Cloak And Dagger","Storm of Steel+1","AT_WindFlip+1","jedi:unstablefumes+1","jedi:acidrain"],"picked":"SKIP","floor":46},{"not_picked":["Backflip","Underhanded Strike","MostiFishMod:FrostNova","Heel Hook","AT_WomanClash+1"],"picked":"SKIP","floor":48}],"player_experience":101441,"relics_obtained":[{"floor":1.0,"key":"SynthV:TestCard"},{"floor":7.0,"key":"AT_EbonyIvory"},{"floor":9.0,"key":"Dota2Spire:MaskOfMadness"},{"floor":13.0,"key":"Dota2Spire:BladeMail"},{"floor":26.0,"key":"Gremlin Horn"},{"floor":27.0,"key":"REME_ArchaeologicalTools"},{"floor":41,"key":"Bronze Scales"},{"floor":43,"key":"BionicSphere"},{"floor":46,"key":"Shuriken"},{"floor":48,"key":"Potion Belt"}],"event_choices":[{"damage_healed":0.0,"max_hp_gain":0.0,"max_hp_loss":0.0,"gold_gain":175.0,"event_name":"Liars Game","player_choice":"AGREE","floor":2.0,"gold_loss":0.0,"damage_taken":0.0,"cards_obtained":["Doubt"]},{"damage_healed":0.0,"max_hp_gain":0.0,"max_hp_loss":5.0,"gold_gain":0.0,"event_name":"Golden Idol","player_choice":"Lose Max HP","floor":11.0,"gold_loss":0.0,"damage_taken":0.0,"relics_obtained":["Golden Idol"]},{"damage_healed":0.0,"max_hp_gain":0.0,"max_hp_loss":0.0,"gold_gain":0.0,"event_name":"Accursed Blacksmith","player_choice":"Rummage","floor":12.0,"gold_loss":0.0,"damage_taken":0.0,"relics_obtained":["WarpedTongs"],"cards_obtained":["Pain"]},{"damage_healed":0,"gold_gain":0,"player_choice":"Ignored","damage_taken":0,"max_hp_gain":0,"max_hp_loss":0,"event_name":"The Mausoleum","floor":28,"gold_loss":0},{"damage_healed":0,"gold_gain":0,"player_choice":"Upgraded","damage_taken":0,"max_hp_gain":0,"max_hp_loss":0,"event_name":"Upgrade Shrine","floor":31,"gold_loss":0,"cards_upgraded":["Neutralize"]},{"damage_healed":0,"gold_gain":0,"player_choice":"Ignored","damage_taken":0,"max_hp_gain":0,"max_hp_loss":0,"event_name":"给自己的盒子","floor":37,"gold_loss":0},{"damage_healed":0,"gold_gain":333,"player_choice":"Gave Idol","damage_taken":0,"max_hp_gain":0,"max_hp_loss":0,"event_name":"The Moai Head","floor":45,"relics_lost":["Golden Idol"],"gold_loss":0}],"is_beta":false,"boss_relics":[{"not_picked":["FrostBlade","testmod-CardMagician"],"picked":"SynthV:MejaisSoulstealer"},{"not_picked":["SacredBark","Runic Pyramid"],"picked":"xbg"}],"items_purged_floors":[6,15,21,38,40,47,49,49],"is_endless":false,"potions_floor_spawned":[3,5,13,14,18,19,22,33,36,41,48],"ascension_level":5}}