{"host":"ehqnuxn7bihai0xr","time":1610891788,"event":{"mods":["2.2 Compatiblity","AchievementEnabler","Act Like it!","Ascension Reborn","Aspiration","BaseMod","Better Third Choice","BetterRewards","Block Reminder","Clawfect","Conspire","Curses Come First","Downfall","Energized Spire","Faster Ascension Climbing","Hubris","Ironclad Rager","Minty Spire (QoL Compilation)","Permanent Neow","Quick Restart","Rare Cards Sparkle","Relic Stats","Shop Mod","Spikes Relics","StSLib","SuperFastMode","TestMod","vexMod"],"gold_per_floor":[119,119,138,63,63,63,83,83,106,6,6,6,33,49,49,49,49],"floor_reached":16,"language":"ENG","playtime":673,"items_purged":["Defend_B","Defend_B"],"score":123,"play_id":"bfc08ce3-4aea-4e23-9138-50acadf74789","local_time":"20210117085628","is_ascension_mode":true,"campfire_choices":[{"data":"Capacitor","floor":6,"key":"SMITH"},{"data":"Gash","floor":8,"key":"SMITH"},{"data":"Double Energy","floor":15,"key":"SMITH"}],"circlet_count":0,"master_deck":["Gash","Gash","Gash","Gash","Gash+1","Defend_B","Defend_B","Defend_B","Static Discharge+1","Capacitor+1","conspire:Rain","Double Energy+1"],"relics":["Clawfect:DRClaw","testmod-BatchProcessingSystem","Juzu Bracelet","MealTicket","vexMod:BarristanHead"],"acts_visited":["Exordium"],"potions_floor_usage":[13],"damage_taken":[{"damage":4,"enemies":"Small Slimes","floor":1,"turns":4},{"damage":12,"enemies":"conspire:RoseBush","floor":3,"turns":4},{"damage":6,"enemies":"2 Louse","floor":7,"turns":4},{"damage":13,"enemies":"Lagavulin","floor":13,"turns":5},{"damage":9,"enemies":"Blue Slaver","floor":14,"turns":3},{"damage":53,"enemies":"The Guardian","floor":16,"turns":6}],"seed_played":"6967509824960160980","potions_obtained":[{"floor":3,"key":"SkillPotion"},{"floor":13,"key":"testmod-EscapePotion"}],"is_trial":true,"path_per_floor":["M","?","M","$","?","R","M","R","T","$","?","$","E","M","R","B"],"character_chosen":"DEFECT","items_purchased":[],"campfire_rested":0,"item_purchase_floors":[],"current_hp_per_floor":[71,71,59,59,59,59,53,53,53,68,68,75,62,53,53,0,0],"gold":49,"neow_bonus":"","is_daily":false,"chose_seed":false,"campfire_upgraded":3,"win_rate":0.0,"timestamp":1610891788,"path_taken":["M","?","M","$","?","R","M","R","T","$","?","?","E","M","R","BOSS"],"items_purchased_type":[],"build_version":"2020-12-22","purchased_purges":2,"victory":false,"max_hp_per_floor":[75,75,75,75,75,75,75,75,75,75,75,75,75,75,75,75,75],"relic_stats":{"counters":[6,26],"MealTicket":22,"Juzu Bracelet":0,"obtain_stats":[{"testmod-TestBox":0,"vexMod:BarristanHead":13,"testmod-BatchProcessingSystem":0,"MealTicket":9,"Juzu Bracelet":2,"Clawfect:DRClaw":0},{"testmod-TestBox":0,"vexMod:BarristanHead":4,"testmod-BatchProcessingSystem":0,"MealTicket":3,"Juzu Bracelet":1,"Clawfect:DRClaw":0},{"testmod-TestBox":0,"vexMod:BarristanHead":17,"testmod-BatchProcessingSystem":0,"MealTicket":12,"Juzu Bracelet":4,"Clawfect:DRClaw":0}]},"card_choices":[{"not_picked":["FTL","Lockon"],"picked":"Static Discharge","floor":1},{"not_picked":["Chill","Steam"],"picked":"Capacitor","floor":3},{"not_picked":["Hologram","hubris:PowerSurge","Steam"],"picked":"SKIP","floor":7},{"not_picked":["Leap","Reinforced Body"],"picked":"conspire:Rain","floor":13},{"not_picked":["Redo","Gash"],"picked":"Double Energy","floor":14}],"player_experience":1289744,"relics_obtained":[{"floor":9,"key":"MealTicket"},{"floor":13,"key":"vexMod:BarristanHead"}],"event_choices":[{"damage_healed":0,"gold_gain":0,"player_choice":"Swap Relic","damage_taken":0,"relics_obtained":["Juzu Bracelet"],"max_hp_gain":0,"max_hp_loss":0,"event_name":"Box For Yourself","floor":2,"relics_lost":["testmod-TestBox"],"gold_loss":0},{"damage_healed":0,"gold_gain":0,"player_choice":"Grow","damage_taken":0,"max_hp_gain":0,"max_hp_loss":0,"event_name":"Living Wall","floor":5,"gold_loss":0,"cards_upgraded":["Static Discharge"]}],"is_beta":false,"boss_relics":[],"items_purged_floors":[4,10],"is_endless":true,"potions_floor_spawned":[3,13],"killed_by":"The Guardian","ascension_level":0}}