{"host":"9jj9tzo2iym4bpat","time":1610852578,"event":{"mods":["Act Like it!","BaseMod","CapriCore","Colored Map","Dark Map","Luminous","Marisa????????","Minty Spire (QoL Compilation)","Permanent Neow","StSLib","Td1madao Mod","The Animator","The Immortal","The Marked","The Servant 0.9.4","Yakumo Yukari mod"],"gold_per_floor":[214,214,96,96,96,130,169,192,230,255,267,279,311,3,3,124,124,143,163,163,163,163,163,163,163],"floor_reached":23,"language":"ENG","playtime":1124,"items_purged":[],"score":187,"play_id":"7d9c3ef9-b23a-4d98-aafe-bd51f0a4b3b1","local_time":"20210116210258","is_ascension_mode":false,"campfire_choices":[{"floor":12,"key":"REST"},{"floor":15,"key":"REST"}],"circlet_count":0,"master_deck":["MokouMod:Strike+1","MokouMod:Strike+1","MokouMod:Strike+1","MokouMod:Strike+1","MokouMod:Defend+1","MokouMod:Defend+1","MokouMod:Defend+1","MokouMod:Defend+1","MokouMod:HeatSpark","MokouMod:HeatTransfer","MokouMod:ScorchedEarth","MokouMod:ImperishableFlame","MokouMod:HeatCyclone","MokouMod:Sear","MokouMod:Overheat","MokouMod:FujiyamaVolcano","Injury","MokouMod:Wildfire","MokouMod:Meltdown","MokouMod:Extinguish","MokouMod:IndiscriminateIgnition","MokouMod:Ventilation","MokouMod:ShiftIgnition+1","MokouMod:RetainTemperature+1"],"relics":["MokouMod:PhoenixFeather","MawBank","Blood Vial","Nunchaku","Golden Idol","Philosopher\u0027s Stone","Cracked Core","MutagenicStrength"],"acts_visited":["Exordium","TheCity"],"potions_floor_usage":[16,16],"damage_taken":[{"damage":12,"enemies":"2 Louse","floor":1,"turns":3},{"damage":50,"enemies":"Lagavulin","floor":6,"turns":10},{"damage":5,"enemies":"Small Slimes","floor":8,"turns":6},{"damage":5,"enemies":"Jaw Worm","floor":10,"turns":7},{"damage":22,"enemies":"Looter","floor":13,"turns":4},{"damage":35,"enemies":"Hexaghost","floor":16,"turns":10},{"damage":46,"enemies":"Spheric Guardian","floor":18,"turns":7},{"damage":29,"enemies":"2 Thieves","floor":19,"turns":3},{"damage":94,"enemies":"Gremlin Leader","floor":23,"turns":9}],"seed_played":"-8127427370872823881","potions_obtained":[{"floor":6,"key":"Weak Potion"},{"floor":10,"key":"CultistPotion"},{"floor":13,"key":"Fire Potion"},{"floor":16,"key":"FairyPotion"}],"is_trial":false,"path_per_floor":["M","?","$","?","?","E","T","M","T","M","?","R","M","$","R","B",null,"M","M","?","?","?","E"],"character_chosen":"MKU","items_purchased":["MokouMod:ScorchedEarth","MokouMod:ImperishableFlame","MokouMod:Meltdown","MokouMod:Extinguish","MokouMod:IndiscriminateIgnition","AttackPotion"],"campfire_rested":2,"item_purchase_floors":[3,3,14,14,14,14],"current_hp_per_floor":[63,63,63,63,63,13,13,10,10,7,7,29,9,9,31,18,75,29,2,2,2,2,0,0,0],"gold":163,"neow_bonus":"HUNDRED_GOLD","is_daily":false,"chose_seed":false,"campfire_upgraded":0,"win_rate":0.0,"timestamp":1610852578,"path_taken":["M","?","$","?","?","E","?","M","T","M","?","R","M","$","R","BOSS","M","M","?","?","?","E"],"items_purchased_type":["Card","Card","Card","Card","Card","Potion"],"build_version":"2020-12-22","purchased_purges":0,"victory":false,"max_hp_per_floor":[75,75,75,75,75,75,75,75,75,75,75,75,75,75,75,75,75,75,75,75,75,75,75,75,75],"card_choices":[{"not_picked":["MokouMod:ResoluteFlare","MokouMod:TemporalFireSeal"],"picked":"MokouMod:HeatTransfer","floor":1},{"not_picked":["MokouMod:IllusoryBattlefield","MokouMod:HeatCyclone"],"picked":"MokouMod:Sear","floor":6},{"not_picked":["MokouMod:CrimsonArmoury","MokouMod:GuidingSmoke"],"picked":"MokouMod:Overheat","floor":8},{"not_picked":["MokouMod:ControlledCombustion","MokouMod:AdaptivePyromancy"],"picked":"MokouMod:FujiyamaVolcano","floor":10},{"not_picked":["MokouMod:TemporalFireSeal","MokouMod:FlickeringFlame"],"picked":"MokouMod:Wildfire","floor":13},{"not_picked":["MokouMod:HouraiForge","MokouMod:Geothermal"],"picked":"MokouMod:Ventilation","floor":16},{"not_picked":["MokouMod:AdaptivePyromancy","MokouMod:UncontrollableSolarReaction"],"picked":"MokouMod:ShiftIgnition+1","floor":18},{"not_picked":["MokouMod:ShiftIgnition","MokouMod:FlareStarter"],"picked":"MokouMod:RetainTemperature+1","floor":19}],"player_experience":267076,"relics_obtained":[{"floor":6,"key":"MawBank"},{"floor":7,"key":"Blood Vial"},{"floor":9,"key":"Nunchaku"}],"event_choices":[{"damage_healed":0,"gold_gain":0,"player_choice":"Leave","damage_taken":0,"max_hp_gain":0,"max_hp_loss":0,"event_name":"The Cleric","floor":2,"gold_loss":0},{"damage_healed":0,"gold_gain":0,"player_choice":"Ignored","damage_taken":0,"max_hp_gain":0,"max_hp_loss":0,"event_name":"Golden Wing","floor":4,"gold_loss":0},{"damage_healed":0,"gold_gain":0,"cards_transformed":["MokouMod:Strike"],"player_choice":"Change","damage_taken":0,"max_hp_gain":0,"max_hp_loss":0,"event_name":"Living Wall","floor":5,"gold_loss":0,"cards_obtained":["MokouMod:HeatCyclone"]},{"damage_healed":0,"gold_gain":0,"player_choice":"Take Wound","damage_taken":0,"relics_obtained":["Golden Idol"],"max_hp_gain":0,"max_hp_loss":0,"event_name":"Golden Idol","floor":11,"gold_loss":0,"cards_obtained":["Injury"]},{"damage_healed":0,"gold_gain":0,"player_choice":"Simplicity","damage_taken":0,"max_hp_gain":0,"max_hp_loss":0,"event_name":"Back to Basics","floor":21,"gold_loss":0,"cards_upgraded":["MokouMod:Strike","MokouMod:Strike","MokouMod:Strike","MokouMod:Strike","MokouMod:Defend","MokouMod:Defend","MokouMod:Defend","MokouMod:Defend"]},{"damage_healed":0,"gold_gain":0,"player_choice":"Inject Mutagens","damage_taken":0,"relics_obtained":["MutagenicStrength"],"max_hp_gain":0,"max_hp_loss":0,"event_name":"Drug Dealer","floor":22,"gold_loss":0}],"is_beta":false,"boss_relics":[{"not_picked":["Runic Pyramid","Coffee Dripper"],"picked":"Philosopher\u0027s Stone"}],"items_purged_floors":[],"is_endless":false,"potions_floor_spawned":[6,10,13,16],"killed_by":"Gremlin Leader","ascension_level":0}}