{"host":"5icjlaq41ghjcr7h","time":1610853209,"event":{"mods":["AchievementEnabler","BaseMod","Colored Map","Minty Spire (QoL Compilation)","SuperFastMode","everything is the same but u backflip on backflip"],"gold_per_floor":[113,63,63,63,75,109,109,141,141,156,156,167,167,177,177,280,280,297,312,325,345,345,345],"floor_reached":22,"language":"KOR","playtime":543,"items_purged":[],"score":314,"play_id":"93bffc6e-4bfa-49a5-8ed4-28de29716c55","local_time":"20210117121329","is_ascension_mode":true,"campfire_choices":[{"data":"Storm","floor":7,"key":"SMITH"},{"data":"Defragment","floor":15,"key":"SMITH"}],"circlet_count":0,"master_deck":["Zap","Dualcast","Defragment+1","Storm+1","Creative AI+1","Conserve Battery","Chill+1","Defragment","Defragment+1","Core Surge+1","Recycle+1","Blizzard+1","Cold Snap+1","Reprogram+1","Compile Driver+1","Double Energy+1","Skim+1","Coolheaded+1","Steam+1","Machine Learning","Loop"],"relics":["Cracked Core","NeowsBlessing","Tiny Chest","Pantograph","Molten Egg 2","Toxic Egg 2","Smiling Mask","Pandora\u0027s Box"],"acts_visited":["Exordium","TheCity"],"potions_floor_usage":[8,16],"damage_taken":[{"damage":0,"enemies":"2 Louse","floor":1,"turns":1},{"damage":0,"enemies":"Jaw Worm","floor":5,"turns":1},{"damage":0,"enemies":"Lagavulin","floor":6,"turns":1},{"damage":30,"enemies":"Gremlin Nob","floor":8,"turns":4},{"damage":1,"enemies":"Cultist","floor":10,"turns":3},{"damage":0,"enemies":"Exordium Wildlife","floor":12,"turns":4},{"damage":9,"enemies":"Looter","floor":14,"turns":3},{"damage":0,"enemies":"Slime Boss","floor":16,"turns":5},{"damage":9,"enemies":"2 Thieves","floor":18,"turns":3},{"damage":0,"enemies":"Spheric Guardian","floor":19,"turns":3},{"damage":24,"enemies":"Snake Plant","floor":20,"turns":3},{"damage":24,"enemies":"Centurion and Healer","floor":21,"turns":3},{"damage":24,"enemies":"Snecko","floor":22,"turns":4}],"seed_played":"1862912952539230906","potions_obtained":[{"floor":1,"key":"Fire Potion"},{"floor":12,"key":"DistilledChaos"},{"floor":20,"key":"Swift Potion"}],"is_trial":false,"path_per_floor":["M","?","T","?","M","E","R","E","T","M","?","M","T","M","R","B",null,"M","M","M","M","M"],"character_chosen":"DEFECT","items_purchased":[],"campfire_rested":0,"item_purchase_floors":[],"current_hp_per_floor":[75,75,75,75,75,75,75,45,45,44,44,44,44,35,35,60,75,66,66,42,18,0,0],"gold":345,"neow_bonus":"THREE_ENEMY_KILL","is_daily":false,"chose_seed":false,"campfire_upgraded":2,"win_rate":0.0,"timestamp":1610853209,"path_taken":["M","?","?","?","M","E","R","E","T","?","?","M","?","M","R","BOSS","M","M","M","M","M"],"items_purchased_type":[],"build_version":"2020-12-22","purchased_purges":0,"victory":false,"max_hp_per_floor":[75,75,75,75,75,75,75,75,75,75,75,75,75,75,75,75,75,75,75,75,75,75,75],"card_choices":[{"not_picked":["Reprogram","Redo"],"picked":"Defragment","floor":1},{"not_picked":["Redo","Beam Cell"],"picked":"Storm","floor":5},{"not_picked":["Gash","Heatsinks"],"picked":"Creative AI","floor":6},{"not_picked":["Scrape+1","BootSequence"],"picked":"Conserve Battery","floor":8},{"not_picked":["Ball Lightning+1","Steam Power+1"],"picked":"Chill+1","floor":10},{"not_picked":["Chaos+1","Sunder+1"],"picked":"Defragment","floor":12},{"not_picked":["Loop","Melter+1"],"picked":"Defragment","floor":14},{"not_picked":["Fission+1","All For One+1"],"picked":"Core Surge+1","floor":16},{"not_picked":["Rebound+1","Redo+1"],"picked":"Coolheaded+1","floor":18},{"not_picked":["Leap+1","Static Discharge+1"],"picked":"Steam+1","floor":19},{"not_picked":["Stack+1","Glacier+1"],"picked":"Machine Learning","floor":20},{"not_picked":["Redo+1","Barrage+1"],"picked":"Loop","floor":21}],"player_experience":128298,"relics_obtained":[{"floor":3,"key":"Tiny Chest"},{"floor":6,"key":"Pantograph"},{"floor":8,"key":"Molten Egg 2"},{"floor":9,"key":"Toxic Egg 2"},{"floor":13,"key":"Smiling Mask"}],"event_choices":[{"cards_removed":["Strike_B"],"damage_healed":0,"gold_gain":0,"player_choice":"Card Removal","damage_taken":0,"max_hp_gain":0,"max_hp_loss":0,"event_name":"The Cleric","floor":2,"gold_loss":50},{"damage_healed":0,"gold_gain":0,"player_choice":"Upgraded","damage_taken":0,"max_hp_gain":0,"max_hp_loss":0,"event_name":"Upgrade Shrine","floor":4,"gold_loss":0,"cards_upgraded":["Defragment"]},{"damage_healed":0,"gold_gain":0,"player_choice":"Grow","damage_taken":0,"max_hp_gain":0,"max_hp_loss":0,"event_name":"Living Wall","floor":11,"gold_loss":0,"cards_upgraded":["Creative AI"]}],"is_beta":false,"boss_relics":[{"not_picked":["SlaversCollar","Calling Bell"],"picked":"Pandora\u0027s Box"}],"items_purged_floors":[],"is_endless":false,"potions_floor_spawned":[1,12,20],"killed_by":"Snecko","ascension_level":3}}