{"host":"vyjryxuuuxkt43k4","time":1610899262,"event":{"mods":["AchievementEnabler","BaseMod","Colored Map","DeckTracker","Keyboard Shortcuts","Minty Spire (QoL Compilation)","Permanent Neow","Quick Restart","StSLib","SuperFastMode","everything is the same but u backflip on backflip"],"gold_per_floor":[363,69,105,138,149,194,264,226,263,275,287,334,16,69,69,193,193,228,242,259,294,354,354,368,368,368,398,47,80,230,247,247,350,350,381,23,23,70,83,111,111,333,383,383,408,418,437,466,466,466,466,466,18,48,48],"floor_reached":56,"language":"KOR","playtime":3620,"items_purged":["Strike_R","Writhe","Injury"],"score":1906,"play_id":"446bcef9-9949-45de-9c6a-4b00adc92339","local_time":"20210118010102","is_ascension_mode":true,"campfire_choices":[{"data":"True Grit","floor":11.0,"key":"SMITH"},{"data":"Apotheosis","floor":15.0,"key":"SMITH"},{"floor":23.0,"key":"REST"},{"data":"True Grit","floor":25.0,"key":"SMITH"},{"floor":32.0,"key":"REST"},{"floor":41.0,"key":"RECALL"},{"data":"Body Slam","floor":44.0,"key":"SMITH"},{"data":"Feel No Pain","floor":49.0,"key":"SMITH"},{"data":"Body Slam","floor":52.0,"key":"SMITH"}],"circlet_count":0,"master_deck":["AscendersBane","Bash","Reckless Charge","HandOfGreed","True Grit+1","Thunderclap","Shockwave","Wild Strike","Bludgeon","True Grit+1","Power Through","Apotheosis+1","Feed","Demon Form","Fire Breathing","Battle Trance","Shrug It Off","Battle Trance","Second Wind","Spot Weakness+1","Body Slam+1","Exhume+1","Dark Embrace","Double Tap+1","Flame Barrier+1","Warcry+1","Bloodletting+1","Dark Embrace","Demon Form","Fiend Fire","Body Slam+1","Finesse+1","Master of Strategy+1","Discovery+1","Limit Break+1","Feel No Pain+1","Evolve","Warcry+1","Flex+1"],"relics":["Burning Blood","MawBank","Lee\u0027s Waffle","Oddly Smooth Stone","Cursed Key","Red Mask","Toxic Egg 2","Pen Nib","Anchor","TungstenRod","Thread and Needle","Mummified Hand","Pandora\u0027s Box","Calipers","Ice Cream","Art of War","Centennial Puzzle","The Courier","PreservedInsect","Pantograph","Magic Flower"],"acts_visited":["Exordium","TheCity","TheBeyond","TheEnding"],"potions_floor_usage":[55,55],"damage_taken":[{"damage":6.0,"enemies":"Cultist","floor":1.0,"turns":4.0},{"damage":0.0,"enemies":"2 Louse","floor":3.0,"turns":2.0},{"damage":10.0,"enemies":"Small Slimes","floor":4.0,"turns":6.0},{"damage":20.0,"enemies":"Red Slaver","floor":5.0,"turns":4.0},{"damage":18.0,"enemies":"Lagavulin","floor":6.0,"turns":5.0},{"damage":9.0,"enemies":"3 Louse","floor":7.0,"turns":5.0},{"damage":14.0,"enemies":"Large Slime","floor":12.0,"turns":6.0},{"damage":12.0,"enemies":"Gremlin Nob","floor":14.0,"turns":3.0},{"damage":55.0,"enemies":"The Guardian","floor":16.0,"turns":12.0},{"damage":24.0,"enemies":"Shell Parasite","floor":18.0,"turns":6.0},{"damage":12.0,"enemies":"Chosen","floor":19.0,"turns":4.0},{"damage":42.0,"enemies":"Snake Plant","floor":20.0,"turns":5.0},{"damage":14.0,"enemies":"Shelled Parasite and Fungi","floor":21.0,"turns":6.0},{"damage":4.0,"enemies":"Masked Bandits","floor":22.0,"turns":5.0},{"damage":8.0,"enemies":"Chosen and Byrds","floor":24.0,"turns":8.0},{"damage":39.0,"enemies":"Gremlin Leader","floor":27.0,"turns":6.0},{"damage":6.0,"enemies":"Book of Stabbing","floor":29.0,"turns":5.0},{"damage":0.0,"enemies":"Colosseum Slavers","floor":30.0,"turns":5.0},{"damage":7.0,"enemies":"Colosseum Nobs","floor":30.0,"turns":5.0},{"damage":14.0,"enemies":"3 Cultists","floor":31.0,"turns":6.0},{"damage":41.0,"enemies":"Automaton","floor":33.0,"turns":8.0},{"damage":4.0,"enemies":"3 Shapes","floor":35.0,"turns":4.0},{"damage":17.0,"enemies":"2 Orb Walkers","floor":38.0,"turns":5.0},{"damage":0.0,"enemies":"3 Darklings","floor":39.0,"turns":3.0},{"damage":13.0,"enemies":"Reptomancer","floor":40.0,"turns":4.0},{"damage":16.0,"enemies":"Nemesis","floor":45.0,"turns":5.0},{"damage":2.0,"enemies":"Transient","floor":46.0,"turns":5.0},{"damage":9.0,"enemies":"Jaw Worm Horde","floor":47.0,"turns":5.0},{"damage":2.0,"enemies":"Giant Head","floor":48.0,"turns":5.0},{"damage":29.0,"enemies":"Awakened One","floor":50.0,"turns":7.0},{"damage":2.0,"enemies":"Shield and Spear","floor":54.0,"turns":3.0},{"damage":25,"enemies":"The Heart","floor":55,"turns":7}],"seed_played":"9139480575143173577","potions_obtained":[{"floor":1.0,"key":"PowerPotion"},{"floor":5.0,"key":"Regen Potion"},{"floor":14.0,"key":"GamblersBrew"},{"floor":16.0,"key":"Strength Potion"},{"floor":20.0,"key":"ColorlessPotion"},{"floor":21.0,"key":"PowerPotion"},{"floor":24.0,"key":"Weak Potion"},{"floor":27.0,"key":"DuplicationPotion"},{"floor":30.0,"key":"Fire Potion"},{"floor":39.0,"key":"BlessingOfTheForge"},{"floor":40.0,"key":"Regen Potion"},{"floor":45.0,"key":"LiquidMemories"},{"floor":46.0,"key":"BloodPotion"},{"floor":54.0,"key":"Block Potion"}],"is_trial":false,"path_per_floor":["M","$","M","M","M","E","M","?","T","?","R","M","$","E","R","B",null,"M","M","M","M","?","R","M","R","T","E","$","E","?","M","R","B",null,"M","$","?","?","M","E","R","?","T","R","E","M","M","E","R","B",null,"R","$","E","B",null],"character_chosen":"IRONCLAD","items_purchased":["HandOfGreed","True Grit","Apotheosis","Lee\u0027s Waffle","Body Slam","Anchor","BloodPotion","Calipers","Body Slam","LiquidBronze","Flex+1","Pantograph","Weak Potion"],"campfire_rested":2,"item_purchase_floors":[2,2,13,13,28,28,28,36,36,53,53,53,53],"current_hp_per_floor":[51,51,57,53,39,41,38,38,38,38,38,30,87,81,81,32,73,55,49,17,9,15,43,41,41,41,8,27,27,36,35,66,35,91,93,93,84,77,87,80,80,80,80,80,70,97,97,101,101,82,114,114,114,122,129],"gold":48,"neow_bonus":"TWO_FIFTY_GOLD","is_daily":false,"chose_seed":false,"campfire_upgraded":6,"win_rate":0.0,"timestamp":1610899262,"path_taken":["M","$","?","M","M","E","M","?","T","?","R","?","$","E","R","BOSS","M","M","M","M","?","R","M","R","T","E","$","E","?","M","R","BOSS","M","$","?","?","M","E","R","?","T","R","E","M","M","E","R","BOSS","R","$","E","BOSS"],"items_purchased_type":["Card","Card","Card","Relic","Card","Relic","Potion","Relic","Card","Potion","Card","Relic","Potion"],"build_version":"2020-12-22","purchased_purges":3,"victory":true,"max_hp_per_floor":[80,80,80,80,80,80,80,80,80,80,80,80,87,87,87,87,87,87,87,91,91,95,95,95,95,95,95,95,95,99,106,106,110,110,110,110,110,114,118,118,118,118,118,118,118,118,121,121,121,125,125,125,125,129,129],"card_choices":[{"not_picked":["Havoc","Sentinel"],"picked":"Reckless Charge","floor":1.0},{"not_picked":["Combust","Sentinel"],"picked":"Thunderclap","floor":3.0},{"not_picked":["Pummel","Heavy Blade"],"picked":"Shockwave","floor":4.0},{"not_picked":["Perfected Strike","Fire Breathing"],"picked":"Wild Strike","floor":5.0},{"not_picked":["Cleave","Whirlwind","Combust"],"picked":"SKIP","floor":6.0},{"not_picked":["True Grit","Wild Strike"],"picked":"Bludgeon","floor":7.0},{"not_picked":["Cleave","Hemokinesis"],"picked":"Power Through","floor":12.0},{"not_picked":["Flex","Pommel Strike"],"picked":"Feed","floor":14.0},{"not_picked":["Berserk","Impervious"],"picked":"Demon Form","floor":16.0},{"not_picked":["Power Through","Clothesline","Uppercut"],"picked":"SKIP","floor":18.0},{"not_picked":["Iron Wave","Perfected Strike"],"picked":"Fire Breathing","floor":19.0},{"not_picked":["Berserk","Blood for Blood+1"],"picked":"Battle Trance","floor":20.0},{"not_picked":["Sword Boomerang","Wild Strike"],"picked":"Shrug It Off","floor":21.0},{"not_picked":["Intimidate","Thunderclap"],"picked":"Battle Trance","floor":22.0},{"not_picked":["Flex","Rage+1"],"picked":"Second Wind","floor":24.0},{"not_picked":["Heavy Blade+1","Cleave+1"],"picked":"Spot Weakness+1","floor":27.0},{"not_picked":["Shockwave+1","Shrug It Off+1","Armaments+1"],"picked":"SKIP","floor":29.0},{"not_picked":["Thunderclap","Clothesline"],"picked":"Exhume+1","floor":30.0},{"not_picked":["Second Wind+1","Body Slam"],"picked":"Dark Embrace","floor":31.0},{"not_picked":["Exhume+1","Demon Form"],"picked":"Double Tap+1","floor":33.0},{"not_picked":["Cleave+1","Sever Soul+1","Clothesline"],"picked":"SKIP","floor":35.0},{"not_picked":["Enlightenment+1","Bandage Up+1"],"picked":"Finesse+1","floor":37.0},{"not_picked":["Good Instincts+1","Blind+1"],"picked":"Master of Strategy+1","floor":37.0},{"not_picked":["Dramatic Entrance","Finesse+1"],"picked":"Discovery+1","floor":37.0},{"not_picked":["Shrug It Off+1","Perfected Strike","Metallicize"],"picked":"SKIP","floor":39.0},{"not_picked":["Combust","Dropkick","Carnage+1"],"picked":"SKIP","floor":40.0},{"not_picked":["Combust","Dropkick","Carnage+1"],"picked":"SKIP","floor":40.0},{"not_picked":["Shrug It Off+1","Carnage"],"picked":"Limit Break+1","floor":45.0},{"not_picked":["Entrench+1","Havoc+1"],"picked":"Feel No Pain","floor":46.0},{"not_picked":["Uppercut+1","Clothesline"],"picked":"Evolve","floor":47.0},{"not_picked":["Twin Strike+1","Headbutt"],"picked":"Warcry+1","floor":48.0},{"not_picked":["Blood for Blood","Bludgeon","Headbutt"],"picked":"SKIP","floor":54.0}],"player_experience":421056,"relics_obtained":[{"floor":6.0,"key":"MawBank"},{"floor":14.0,"key":"Oddly Smooth Stone"},{"floor":22.0,"key":"Red Mask"},{"floor":26.0,"key":"Toxic Egg 2"},{"floor":27.0,"key":"Pen Nib"},{"floor":29.0,"key":"TungstenRod"},{"floor":30.0,"key":"Thread and Needle"},{"floor":30.0,"key":"Mummified Hand"},{"floor":38.0,"key":"Ice Cream"},{"floor":40.0,"key":"Art of War"},{"floor":43.0,"key":"Centennial Puzzle"},{"floor":45.0,"key":"The Courier"},{"floor":48.0,"key":"PreservedInsect"},{"floor":54.0,"key":"Magic Flower"}],"event_choices":[{"cards_removed":["Strike_R"],"damage_healed":0.0,"max_hp_gain":0.0,"max_hp_loss":0.0,"gold_gain":0.0,"event_name":"The Cleric","player_choice":"Card Removal","floor":8.0,"gold_loss":50.0,"damage_taken":0.0},{"damage_healed":0.0,"max_hp_gain":0.0,"max_hp_loss":0.0,"gold_gain":0.0,"cards_transformed":["Strike_R"],"event_name":"Transmorgrifier","player_choice":"Transformed","floor":10.0,"gold_loss":0.0,"damage_taken":0.0,"cards_obtained":["True Grit"]},{"damage_healed":0.0,"max_hp_gain":0.0,"max_hp_loss":0.0,"gold_gain":0.0,"event_name":"Masked Bandits","player_choice":"Fought Bandits","floor":22.0,"gold_loss":0.0,"damage_taken":0.0},{"damage_healed":0.0,"max_hp_gain":0.0,"max_hp_loss":0.0,"gold_gain":0.0,"event_name":"Colosseum","player_choice":"Fight","floor":30.0,"gold_loss":0.0,"damage_taken":0.0},{"damage_healed":0.0,"max_hp_gain":0.0,"max_hp_loss":0.0,"gold_gain":0.0,"event_name":"Colosseum","player_choice":"Fought Nobs","floor":30.0,"gold_loss":0.0,"damage_taken":0.0},{"damage_healed":0.0,"max_hp_gain":0.0,"max_hp_loss":0.0,"gold_gain":0.0,"event_name":"SensoryStone","player_choice":"Memory 3","floor":37.0,"gold_loss":0.0,"damage_taken":10.0},{"damage_healed":0.0,"max_hp_gain":0.0,"max_hp_loss":0.0,"gold_gain":0.0,"event_name":"Mysterious Sphere","player_choice":"Fight","floor":38.0,"gold_loss":0.0,"damage_taken":0.0},{"damage_healed":0.0,"max_hp_gain":0.0,"max_hp_loss":0.0,"gold_gain":222.0,"event_name":"Tomb of Lord Red Mask","player_choice":"Wore Mask","floor":42.0,"gold_loss":0.0,"damage_taken":0.0}],"is_beta":false,"boss_relics":[{"not_picked":["Runic Cube","Coffee Dripper"],"picked":"Cursed Key"},{"not_picked":["Runic Dome","Black Blood"],"picked":"Pandora\u0027s Box"}],"items_purged_floors":[2,28,53],"is_endless":false,"potions_floor_spawned":[1,5,14,16,20,21,24,27,30,30,39,40,45,46,54],"ascension_level":10}}