{"host":"xz7n3qy1zq36rzpg","time":1610886207,"event":{"mods":["BaseMod","Colored Map","Colored Powertips","Highlight Path","Minty Spire (QoL Compilation)","Quick Restart","Shop Mod"],"gold_per_floor":[117,135,135,135,151,176,188,207,207,207,307,326,345,372,372,476,476,490,506,524,542,35,35,60,11,57,6,21,21,51,64,64,64,64],"floor_reached":33,"language":"ENG","playtime":1758,"items_purged":["Defend_G"],"score":346,"play_id":"bfac62a4-5767-4cbd-8e93-1258905cbda4","local_time":"20210117132327","is_ascension_mode":true,"campfire_choices":[{"floor":10,"key":"REST"},{"floor":15,"key":"REST"},{"floor":23,"key":"REST"},{"floor":29,"key":"REST"},{"floor":32,"key":"REST"}],"circlet_count":0,"master_deck":["Strike_G","Strike_G","Strike_G","Strike_G","Defend_G","Defend_G","Defend_G","Defend_G","Survivor","Neutralize","Quick Slash+1","Crippling Poison","Flying Knee","Noxious Fumes","Cloak And Dagger","Poisoned Stab","Dash","Slice","Die Die Die+1","Deadly Poison+1","Calculated Gamble+1","Catalyst","Blade Dance","Bane"],"relics":["Philosopher\u0027s Stone","Bottled Lightning","Toy Ornithopter","Orichalcum","Fusion Hammer","StoneCalendar","PreservedInsect","White Beast Statue","Whetstone","Bird Faced Urn","Sundial"],"acts_visited":["Exordium","TheCity"],"potions_floor_usage":[14,16,16,20,28,33,33,33],"damage_taken":[{"damage":0,"enemies":"Cultist","floor":1,"turns":4},{"damage":3,"enemies":"Jaw Worm","floor":2,"turns":3},{"damage":0,"enemies":"2 Louse","floor":5,"turns":4},{"damage":35,"enemies":"Gremlin Nob","floor":6,"turns":5},{"damage":3,"enemies":"2 Fungi Beasts","floor":7,"turns":3},{"damage":8,"enemies":"Gremlin Gang","floor":8,"turns":3},{"damage":10,"enemies":"Lots of Slimes","floor":12,"turns":3},{"damage":0,"enemies":"2 Fungi Beasts","floor":13,"turns":3},{"damage":10,"enemies":"Lagavulin","floor":14,"turns":5},{"damage":40,"enemies":"The Guardian","floor":16,"turns":11},{"damage":27,"enemies":"Spheric Guardian","floor":18,"turns":6},{"damage":4,"enemies":"Chosen","floor":19,"turns":4},{"damage":20,"enemies":"Shelled Parasite and Fungi","floor":20,"turns":6},{"damage":7,"enemies":"Snake Plant","floor":21,"turns":4},{"damage":20,"enemies":"Book of Stabbing","floor":24,"turns":4},{"damage":4,"enemies":"3 Cultists","floor":28,"turns":4},{"damage":29,"enemies":"Gremlin Leader","floor":30,"turns":4},{"damage":27,"enemies":"Snecko","floor":31,"turns":5},{"damage":70,"enemies":"Champ","floor":33,"turns":8}],"seed_played":"-6565117751868269318","potions_obtained":[{"floor":5,"key":"Ancient Potion"},{"floor":7,"key":"SpeedPotion"},{"floor":8,"key":"Poison Potion"},{"floor":16,"key":"Fruit Juice"},{"floor":19,"key":"Block Potion"},{"floor":24,"key":"BlessingOfTheForge"},{"floor":28,"key":"EntropicBrew"}],"is_trial":false,"path_per_floor":["M","M","?","?","M","E","M","M","T","R","?","M","M","E","R","B",null,"M","M","M","M","$","R","E","$","T","?","M","R","E","M","R","B"],"character_chosen":"THE_SILENT","items_purchased":["StoneCalendar","PreservedInsect","PowerPotion"],"campfire_rested":5,"item_purchase_floors":[22,22,25],"current_hp_per_floor":[70,67,60,65,65,30,27,19,19,41,41,31,31,26,48,23,80,53,49,34,27,27,51,31,31,31,31,36,60,33,8,32,0,0],"gold":64,"neow_bonus":"BOSS_RELIC","is_daily":false,"chose_seed":false,"campfire_upgraded":0,"win_rate":0.0,"timestamp":1610886207,"path_taken":["M","?","?","?","M","E","M","M","T","R","?","M","M","E","R","BOSS","M","?","M","M","$","R","E","?","T","?","M","R","E","M","R","BOSS"],"items_purchased_type":["Relic","Relic","Potion"],"build_version":"2020-12-22","purchased_purges":1,"victory":false,"max_hp_per_floor":[70,70,70,75,75,75,75,75,75,75,75,75,75,75,75,80,80,80,80,80,80,80,80,80,80,80,80,80,80,80,80,80,80,80],"card_choices":[{"not_picked":["Deadly Poison","Slice"],"picked":"Quick Slash","floor":1},{"not_picked":["Night Terror","Distraction"],"picked":"Crippling Poison","floor":2},{"not_picked":["Tactician","Dagger Spray"],"picked":"Flying Knee","floor":5},{"not_picked":["Sucker Punch","Dagger Throw"],"picked":"Noxious Fumes","floor":6},{"not_picked":["Leg Sweep","Concentrate"],"picked":"Cloak And Dagger","floor":7},{"not_picked":["Eviscerate","Infinite Blades"],"picked":"Poisoned Stab","floor":8},{"not_picked":["Underhanded Strike","Deadly Poison"],"picked":"Dash","floor":12},{"not_picked":["Accuracy","Cloak And Dagger","PiercingWail"],"picked":"SKIP","floor":13},{"not_picked":["Adrenaline","Underhanded Strike"],"picked":"Slice","floor":14},{"not_picked":["Unload","Storm of Steel"],"picked":"Die Die Die","floor":16},{"not_picked":["Flying Knee","Blade Dance"],"picked":"Deadly Poison+1","floor":18},{"not_picked":["Concentrate","Cloak And Dagger"],"picked":"Calculated Gamble+1","floor":19},{"not_picked":["Deadly Poison+1","Dagger Spray"],"picked":"Catalyst","floor":20},{"not_picked":["Dodge and Roll","Dagger Spray+1","Prepared"],"picked":"SKIP","floor":21},{"not_picked":["Glass Knife","Poisoned Stab+1"],"picked":"Blade Dance","floor":24},{"not_picked":["Catalyst","Riddle With Holes"],"picked":"Bane","floor":28},{"not_picked":["Dagger Throw","Prepared","Reflex"],"picked":"SKIP","floor":30},{"not_picked":["Prepared","Flechettes+1","Finisher"],"picked":"SKIP","floor":31}],"player_experience":328706,"relics_obtained":[{"floor":6,"key":"Bottled Lightning"},{"floor":9,"key":"Toy Ornithopter"},{"floor":14,"key":"Orichalcum"},{"floor":24,"key":"White Beast Statue"},{"floor":26,"key":"Whetstone"},{"floor":30,"key":"Sundial"}],"event_choices":[{"cards_removed":["Strike_G"],"damage_healed":0,"gold_gain":0,"player_choice":"Card Removal","damage_taken":7,"max_hp_gain":0,"max_hp_loss":0,"event_name":"Golden Wing","floor":3,"gold_loss":0},{"damage_healed":0,"gold_gain":0,"player_choice":"Donut","damage_taken":0,"max_hp_gain":5,"max_hp_loss":0,"event_name":"Big Fish","floor":4,"gold_loss":0},{"damage_healed":0,"gold_gain":100,"player_choice":"Pray","damage_taken":0,"max_hp_gain":0,"max_hp_loss":0,"event_name":"Golden Shrine","floor":11,"gold_loss":0},{"damage_healed":0,"gold_gain":0,"player_choice":"Paid Gold","damage_taken":0,"relics_obtained":["Bird Faced Urn"],"max_hp_gain":0,"max_hp_loss":0,"event_name":"WeMeetAgain","floor":27,"gold_loss":51}],"is_beta":false,"boss_relics":[{"not_picked":["Tiny House","Snecko Eye"],"picked":"Fusion Hammer"}],"items_purged_floors":[22],"is_endless":false,"potions_floor_spawned":[5,7,8,13,16,19,24,28,30,31],"killed_by":"Champ","ascension_level":3}}