{"host":"j5hffomgnp4uzigj","time":1610877316,"event":{"mods":["BaseMod","Minty Spire (QoL Compilation)","UnlockEverythingMod"],"gold_per_floor":[109,23,23,39,39,83,83,126,126,126,159,177,217,241,241,365,365,365],"floor_reached":17,"language":"ZHS","playtime":628,"items_purged":[],"score":208,"play_id":"ebe656ba-e67f-466b-a7a6-31b315810bf8","local_time":"20210117175516","is_ascension_mode":true,"campfire_choices":[{"data":"Body Slam","floor":7,"key":"SMITH"},{"data":"Power Through","floor":15,"key":"SMITH"}],"circlet_count":0,"master_deck":["Strike_R","Strike_R","Strike_R","Strike_R","Strike_R","Defend_R","Defend_R","Defend_R","Defend_R","Perfected Strike","Evolve","Body Slam+1","Second Wind","Battle Trance","Shrug It Off","Power Through+1"],"relics":["Burning Blood","NeowsBlessing","Golden Idol","Dead Branch","White Beast Statue","Turnip","Odd Mushroom","Lantern","Runic Cube"],"acts_visited":["Exordium","TheCity"],"potions_floor_usage":[8,13,16,16,16],"damage_taken":[{"damage":0.0,"enemies":"2 Louse","floor":1.0,"turns":1.0},{"damage":0,"enemies":"Small Slimes","floor":4,"turns":1},{"damage":0,"enemies":"Lagavulin","floor":6,"turns":1},{"damage":21,"enemies":"3 Sentries","floor":8,"turns":6},{"damage":31,"enemies":"The Mushroom Lair","floor":11,"turns":5},{"damage":7,"enemies":"Jaw Worm","floor":12,"turns":3},{"damage":29,"enemies":"Gremlin Nob","floor":13,"turns":5},{"damage":0,"enemies":"Blue Slaver","floor":14,"turns":2},{"damage":33,"enemies":"Hexaghost","floor":16,"turns":13}],"seed_played":"-6118473514551060215","potions_obtained":[{"floor":6,"key":"AttackPotion"},{"floor":11,"key":"BloodPotion"},{"floor":12,"key":"Regen Potion"},{"floor":13,"key":"SpeedPotion"},{"floor":14,"key":"Fire Potion"},{"floor":16,"key":"LiquidMemories"}],"is_trial":false,"path_per_floor":["M","$","?","M","?","E","R","E","T","?","?","M","E","M","R","B",null],"character_chosen":"IRONCLAD","items_purchased":["Evolve","Body Slam"],"campfire_rested":0,"item_purchase_floors":[2,2],"current_hp_per_floor":[80,80,73,79,59,65,65,50,50,50,25,24,13,19,19,8,80,80],"gold":365,"neow_bonus":"THREE_ENEMY_KILL","is_daily":false,"chose_seed":false,"campfire_upgraded":2,"win_rate":0.0,"timestamp":1610877316,"path_taken":["M","$","?","M","?","E","R","E","T","?","?","M","E","?","R","BOSS"],"items_purchased_type":["Card","Card"],"build_version":"2020-12-22","purchased_purges":0,"victory":false,"max_hp_per_floor":[80,80,80,80,80,80,80,80,80,80,80,80,80,80,80,80,80,80],"card_choices":[{"not_picked":["Searing Blow","Heavy Blade"],"picked":"Perfected Strike","floor":1.0},{"not_picked":["Dual Wield","Twin Strike"],"picked":"Second Wind","floor":4},{"not_picked":["Ghostly Armor","Bludgeon"],"picked":"Battle Trance","floor":6},{"not_picked":["Clothesline","Pummel","Wild Strike"],"picked":"SKIP","floor":8},{"not_picked":["Iron Wave","Heavy Blade"],"picked":"Shrug It Off","floor":11},{"not_picked":["Shockwave","Flex"],"picked":"Power Through","floor":12},{"not_picked":["Searing Blow","Havoc","Intimidate"],"picked":"SKIP","floor":13},{"not_picked":["Headbutt","Cleave","Disarm"],"picked":"SKIP","floor":14}],"player_experience":4861,"relics_obtained":[{"floor":6,"key":"Dead Branch"},{"floor":8,"key":"White Beast Statue"},{"floor":9,"key":"Turnip"},{"floor":11,"key":"Odd Mushroom"},{"floor":13,"key":"Lantern"}],"event_choices":[{"cards_removed":["Bash"],"damage_healed":0,"gold_gain":0,"player_choice":"Card Removal","damage_taken":7,"max_hp_gain":0,"max_hp_loss":0,"event_name":"Golden Wing","floor":3,"gold_loss":0},{"damage_healed":0,"gold_gain":0,"player_choice":"Take Damage","damage_taken":20,"relics_obtained":["Golden Idol"],"max_hp_gain":0,"max_hp_loss":0,"event_name":"Golden Idol","floor":5,"gold_loss":0},{"damage_healed":0,"gold_gain":0,"player_choice":"Ignored","damage_taken":0,"max_hp_gain":0,"max_hp_loss":0,"event_name":"Liars Game","floor":10,"gold_loss":0},{"damage_healed":0,"gold_gain":0,"player_choice":"Fought Mushrooms","damage_taken":0,"max_hp_gain":0,"max_hp_loss":0,"event_name":"Mushrooms","floor":11,"gold_loss":0}],"is_beta":false,"boss_relics":[{"not_picked":["Calling Bell","Astrolabe"],"picked":"Runic Cube"}],"items_purged_floors":[],"is_endless":false,"potions_floor_spawned":[6,11,12,13,14,16],"ascension_level":1}}