{"host":"pkysykycfg9bua8p","time":1610847823,"event":{"mods":["AchievementEnabler","BaseMod","Better Third Choice","Filter the Spire","Minty Spire (QoL Compilation)","StSLib"],"gold_per_floor":[14,32,32,32,7,7,41,62,85,163,177,177,177,191,191,321,321,339,41,64,82,56,56,56],"floor_reached":23,"language":"ENG","playtime":1389,"items_purged":[],"score":251,"play_id":"13693463-9375-4965-af7a-352cb46d3be0","local_time":"20210117144343","is_ascension_mode":true,"campfire_choices":[{"data":"Anger","floor":6.0,"key":"SMITH"},{"floor":12.0,"key":"REST"},{"floor":15.0,"key":"REST"}],"circlet_count":0,"master_deck":["Strike_R","Strike_R","Strike_R","Strike_R","Strike_R","Defend_R","Defend_R","Defend_R","Defend_R","Bash","Panache","Anger+1","Injury","Warcry","Power Through","Pain","Barricade","CurseOfTheBell","Rage+1","Anger+1","Anger+1","Metallicize","Anger"],"relics":["Burning Blood","Golden Idol","betterThird:SlimedRelic","Orichalcum","Bag of Preparation","Meat on the Bone","WarpedTongs","Calling Bell","Lantern","Eternal Feather","Mango","DollysMirror","Strawberry"],"acts_visited":["Exordium","TheCity"],"potions_floor_usage":[18,18,21,23],"damage_taken":[{"damage":1.0,"enemies":"2 Louse","floor":1.0,"turns":4.0},{"damage":3.0,"enemies":"Small Slimes","floor":2.0,"turns":3.0},{"damage":20.0,"enemies":"3 Sentries","floor":7.0,"turns":9.0},{"damage":4.0,"enemies":"Cultist","floor":8.0,"turns":4.0},{"damage":26.0,"enemies":"3 Sentries","floor":10.0,"turns":13.0},{"damage":9.0,"enemies":"Gremlin Gang","floor":11.0,"turns":6.0},{"damage":7.0,"enemies":"Red Slaver","floor":14.0,"turns":4.0},{"damage":54,"enemies":"Slime Boss","floor":16,"turns":18},{"damage":14,"enemies":"Chosen","floor":18,"turns":10},{"damage":22,"enemies":"Shell Parasite","floor":20,"turns":8},{"damage":15,"enemies":"Centurion and Healer","floor":21,"turns":11},{"damage":88,"enemies":"Gremlin Leader","floor":23,"turns":11}],"seed_played":"-6763769800559419745","potions_obtained":[{"floor":2.0,"key":"BlessingOfTheForge"},{"floor":7.0,"key":"Energy Potion"},{"floor":10.0,"key":"Fire Potion"},{"floor":14.0,"key":"DistilledChaos"},{"floor":18,"key":"Dexterity Potion"},{"floor":21,"key":"Regen Potion"}],"is_trial":false,"path_per_floor":["M","M","$","?","?","R","E","M","T","?","M","R","?","M","R","B",null,"M","$","M","M","$","E"],"character_chosen":"IRONCLAD","items_purchased":["DollysMirror","Strawberry","Anger"],"campfire_rested":2,"item_purchase_floors":[19,19,22],"current_hp_per_floor":[80,80,80,80,69,69,55,57,57,37,46,70,70,69,80,44,94,86,93,77,68,68,0,0],"gold":56,"neow_bonus":"RANDOM_COLORLESS_2","is_daily":false,"chose_seed":false,"campfire_upgraded":1,"win_rate":0.0,"timestamp":1610847823,"path_taken":["M","M","$","?","?","R","E","M","T","?","M","R","?","M","R","BOSS","M","?","?","M","$","E"],"items_purchased_type":["Relic","Relic","Card"],"build_version":"2020-12-22","purchased_purges":0,"victory":false,"max_hp_per_floor":[80,80,80,80,80,80,80,80,80,80,80,80,80,80,80,80,94,94,101,101,101,101,101,101],"card_choices":[{"not_picked":["Secret Technique","Thinking Ahead"],"picked":"Panache","floor":0.0},{"not_picked":["Burning Pact","Perfected Strike","Rampage"],"picked":"SKIP","floor":1.0},{"not_picked":["Shrug It Off","Pommel Strike"],"picked":"Anger","floor":2.0},{"not_picked":["Sword Boomerang","Flex"],"picked":"Warcry","floor":7.0},{"not_picked":["Spot Weakness","Searing Blow"],"picked":"Power Through","floor":8.0},{"not_picked":["Body Slam","Headbutt","Thunderclap"],"picked":"SKIP","floor":11.0},{"not_picked":["Dropkick","Thunderclap","Searing Blow"],"picked":"SKIP","floor":14.0},{"not_picked":["Corruption","Double Tap"],"picked":"Barricade","floor":16},{"not_picked":["Rampage","True Grit"],"picked":"Rage+1","floor":18},{"not_picked":["Heavy Blade","Dark Embrace"],"picked":"Anger+1","floor":20},{"not_picked":["Rupture","Offering"],"picked":"Metallicize","floor":21}],"player_experience":56665,"relics_obtained":[{"floor":7.0,"key":"Orichalcum"},{"floor":9.0,"key":"Bag of Preparation"},{"floor":10.0,"key":"Meat on the Bone"},{"floor":17,"key":"Lantern"},{"floor":17,"key":"Eternal Feather"},{"floor":17,"key":"Mango"}],"event_choices":[{"damage_healed":0.0,"max_hp_gain":0.0,"max_hp_loss":0.0,"gold_gain":0.0,"event_name":"Golden Idol","player_choice":"Take Wound","floor":4.0,"gold_loss":0.0,"damage_taken":0.0,"relics_obtained":["Golden Idol"],"cards_obtained":["Injury"]},{"damage_healed":0.0,"max_hp_gain":0.0,"max_hp_loss":0.0,"gold_gain":0.0,"event_name":"betterThird:BetterGoop","player_choice":"Slimed","floor":5.0,"gold_loss":25.0,"damage_taken":11.0},{"damage_healed":0.0,"max_hp_gain":0.0,"max_hp_loss":0.0,"gold_gain":0.0,"event_name":"Dead Adventurer","player_choice":"Searched \u00271\u0027 times","floor":10.0,"gold_loss":0.0,"damage_taken":0.0},{"damage_healed":0.0,"max_hp_gain":0.0,"max_hp_loss":0.0,"gold_gain":0.0,"event_name":"Accursed Blacksmith","player_choice":"Rummage","floor":13.0,"gold_loss":0.0,"damage_taken":0.0,"relics_obtained":["WarpedTongs"],"cards_obtained":["Pain"]}],"is_beta":false,"boss_relics":[{"not_picked":["Ectoplasm","Black Star"],"picked":"Calling Bell"}],"items_purged_floors":[],"is_endless":false,"potions_floor_spawned":[2,7,10,14,18,21],"killed_by":"Gremlin Leader","ascension_level":1}}