{"host":"2ulm0pyp8jok7fk5","time":1610889434,"event":{"mods":["100% Spire Juice","Act Like it!","Arknights The Spire","BaseMod","Decade(Õı–°√˜)","Gensokyo","KinomotoSakuraMod(ƒæ÷Æ±æ”£)","Koishi","Lobotomy","LobotomyExtend","Marisa£®ÏF”Í°°ƒß¿Ì…≥£©","Minty Spire (QoL Compilation)","Reimu£®≤©¿ˆ¡È√Œ£©","Replay The Spire","SIMod","Shop Mod","Spicy Shops","StSLib","The Hierophant","The Servant 0.9.4","Waifu the Spire","vexMod","°æ“≈ŒÔø®≈∆°øREMEMod"],"gold_per_floor":[109,129,129,145,161,186,186,201,201,201,126,126,160,15,15,15,15],"floor_reached":16,"language":"ZHS","playtime":749,"items_purged":["Decade_SpecialSkill"],"score":110,"play_id":"069e4db1-262e-4f9d-af56-b733610495dc","local_time":"20210117211714","is_ascension_mode":false,"campfire_choices":[{"data":"KamenRide","floor":7,"key":"SMITH"},{"data":"UnarmedAttack3","floor":15,"key":"SMITH"}],"circlet_count":0,"master_deck":["Decade_Attack","Decade_Attack","Decade_Attack","Decade_Attack","KamenRide+1","Decade_Defend","Decade_Defend","Decade_Defend","UniverseFragment","Blade_Beat","Kuuga_Rising","OSAHOGD","UnarmedAttack3+1","AttackRide","PunishingBird"],"relics":["Decadriver","TOEIDeficitBill","REME_ComplimentaryCards","CogitoBucket","LetterFromLob","Ornamental Fan","FleshIdol","HornCleat","CrazyTorch:ReiMu","Lee\u0027s Waffle"],"acts_visited":["Exordium"],"potions_floor_usage":[],"damage_taken":[{"damage":0,"enemies":"Small Slimes","floor":1,"turns":2},{"damage":2,"enemies":"2 Louse","floor":2,"turns":3},{"damage":0,"enemies":"Cultist","floor":4,"turns":3},{"damage":11,"enemies":"Blue Slaver","floor":5,"turns":4},{"damage":34,"enemies":"3 Sentries","floor":6,"turns":8},{"damage":31,"enemies":"Exordium Wildlife","floor":8,"turns":3},{"damage":8,"enemies":"Gremlin Nob","floor":13,"turns":3},{"damage":100,"enemies":"Hexaghost","floor":16,"turns":1}],"seed_played":"3786427530267823923","potions_obtained":[{"floor":4,"key":"Block Potion"},{"floor":8,"key":"ZuzhouPotion:ReiMu"}],"is_trial":false,"path_per_floor":["M","M","?","M","M","E","R","M","T","M","$","?","E","$","R","B"],"character_chosen":"Decade","items_purchased":["Lee\u0027s Waffle"],"campfire_rested":0,"item_purchase_floors":[14],"current_hp_per_floor":[70,68,68,70,63,70,70,46,46,46,46,46,48,77,77,0,0],"gold":15,"neow_bonus":"","is_daily":false,"chose_seed":false,"campfire_upgraded":2,"win_rate":0.0,"timestamp":1610889434,"path_taken":["M","M","?","M","M","E","R","M","T","?","$","?","E","?","R","BOSS"],"items_purchased_type":["Relic"],"build_version":"2020-12-22","purchased_purges":1,"victory":false,"max_hp_per_floor":[70,70,70,70,70,70,70,70,70,70,70,70,70,77,77,77,77],"card_choices":[{"not_picked":["DenO_Ax","Decade_Defend3"],"picked":"UnarmedAttack1","floor":1},{"not_picked":["WallGazer","Murderer"],"picked":"UniverseFragment","floor":1},{"not_picked":["Blade_Mach","RideBooker_Skill_1","AutoVajin"],"picked":"SKIP","floor":2},{"not_picked":["FormRideDragon","Kiva_Frozen"],"picked":"Blade_Beat","floor":4},{"not_picked":["FormRideFlame","FormRideTitan"],"picked":"Kuuga_Rising","floor":5},{"not_picked":["DreamingCurrent","CherryBlossoms"],"picked":"OSAHOGD","floor":5},{"not_picked":["AutoVajin","KamenRideDecade"],"picked":"UnarmedAttack3","floor":6},{"not_picked":["Blade_Beat","TimeVent","Blade_Kick"],"picked":"SKIP","floor":6},{"not_picked":["Blade_Beat","TimeVent","Blade_Kick"],"picked":"SKIP","floor":6},{"not_picked":["UnarmedAttack6","UnarmedAttack1"],"picked":"AttackRide","floor":8},{"not_picked":["Blade_Slash","RideBooker_Skill_3","AttackRide"],"picked":"SKIP","floor":8},{"not_picked":["Variant","BeautyBeast"],"picked":"PunishingBird","floor":13},{"not_picked":["FormRideDragon","DenO_Ax","Kuuga_Rising"],"picked":"SKIP","floor":13},{"not_picked":["FormRideDragon","DenO_Ax","Kuuga_Rising"],"picked":"SKIP","floor":13}],"player_experience":95702,"relics_obtained":[{"floor":1,"key":"LetterFromLob"},{"floor":6,"key":"Ornamental Fan"},{"floor":9,"key":"HornCleat"},{"floor":13,"key":"CrazyTorch:ReiMu"}],"event_choices":[{"damage_healed":0,"gold_gain":0,"player_choice":"Ignored","damage_taken":0,"max_hp_gain":0,"max_hp_loss":0,"event_name":"Liars Game","floor":3,"gold_loss":0},{"damage_healed":0,"gold_gain":0,"player_choice":"Ignored","damage_taken":0,"max_hp_gain":0,"max_hp_loss":0,"event_name":"Golden Idol","floor":12,"gold_loss":0}],"is_beta":false,"boss_relics":[],"items_purged_floors":[11],"is_endless":false,"potions_floor_spawned":[4,8],"killed_by":"Hexaghost","ascension_level":0}}