{"host":"oqhjdqr9xcmboomw","time":1610861331,"event":{"mods":["2.2 Compatiblity","AchievementEnabler","Act Like it!","Aspiration","BaseMod","Beaked The Cultist","Better Third Choice","Conjunction","Conspire","Disable Question Mark Monsters","Elementarium","Energized Spire","GifTheSpireLib","Halation","Hallownest","Hermit","Hubris","Infinite Spire","Jorbs\u0027s Wanderer Trilogy","Mimic Mod","Minty Spire (QoL Compilation)","Random Character Button","Rare Cards Sparkle","Replay The Spire","Spicy Shops","Spikes Relics","StSLib","Stuff the Spire","The Blackbeard","The Blue Laboratory","The Cursed","The Disciple","The Gatherer","The Hierophant","The Judge","The Mystic","The Saiyan","The Wild Card","Unceasing Turn Reminder","Wandering Minibosses","vexMod"],"gold_per_floor":[113,113,46,46,46,75,75,101,126,146,21,61,77,90,90,90,90,186,186,205,120,120,120,20,20,20],"floor_reached":25,"language":"ENG","playtime":865,"items_purged":["mysticmod:PowerAttack","mysticmod:HeavyStrike"],"score":332,"play_id":"4d03be32-46b4-4dab-8842-ec3c61eb4fec","local_time":"20210117002851","is_ascension_mode":true,"campfire_choices":[{"data":"mysticmod:MagicMissile","floor":7,"key":"SMITH"},{"floor":17,"key":"DIG"}],"circlet_count":0,"master_deck":["mysticmod:Strike_Mystic+1","mysticmod:Strike_Mystic","mysticmod:Strike_Mystic","mysticmod:Strike_Mystic","mysticmod:Defend_Mystic+1","mysticmod:Defend_Mystic","mysticmod:Defend_Mystic","mysticmod:Defend_Mystic","mysticmod:ArcaneDodge","mysticmod:ShockingGrasp+1","mysticmod:Alacrity","Glass Knife","mysticmod:MagicMissile+1","StuffTheSpire:Innocence","mysticmod:ComponentsPouch+1","mysticmod:ArcaneAccuracy","mysticmod:ArcaneAccuracy","mysticmod:MysticalShield"],"relics":["StuffTheSpire:OccultApparatus","NeowsBlessing","aspiration:Lifesprig","infinitespire:Eraser","Replay:Baseball","hubris:MadmansSpellBook","Whetstone","Simple Rune","Coffee Dripper","StuffTheSpire:SapphireSignet","hubris:Icosahedron"],"acts_visited":["Exordium","TheCity"],"potions_floor_usage":[18,18,20],"damage_taken":[{"damage":0,"enemies":"Small Slimes","floor":1,"turns":1},{"damage":0,"enemies":"Replay:BlueRogue","floor":6,"turns":1},{"damage":0,"enemies":"3 Sentries","floor":8,"turns":1},{"damage":0,"enemies":"2 Louse","floor":10,"turns":1},{"damage":6,"enemies":"Jaw Worm","floor":12,"turns":7},{"damage":0,"enemies":"Jaw Worm","floor":13,"turns":2},{"damage":1,"enemies":"Looter","floor":14,"turns":3},{"damage":21,"enemies":"Fading Forest","floor":18,"turns":11},{"damage":5,"enemies":"3 Byrds","floor":20,"turns":7},{"damage":79,"enemies":"Gremlin Leader","floor":25,"turns":10}],"seed_played":"6082921772000942085","potions_obtained":[{"floor":1,"key":"AttackPotion"},{"floor":6,"key":"Strength Potion"},{"floor":8,"key":"DuplicationPotion"}],"is_trial":false,"path_per_floor":["M","?","$","?","?","E","R","E","T","M","$","MIM","M","M","PTL","PTL","R","B",null,"M","?","?","?","$","E"],"character_chosen":"MYSTIC_CLASS","items_purchased":["mysticmod:MagicMissile","hubris:MadmansSpellBook"],"campfire_rested":0,"item_purchase_floors":[3,11],"current_hp_per_floor":[69,64,64,64,57,57,57,57,57,57,57,51,51,50,50,50,50,43,69,64,64,64,72,72,0,0],"gold":20,"neow_bonus":"THREE_ENEMY_KILL","is_daily":false,"chose_seed":false,"campfire_upgraded":1,"win_rate":0.0,"timestamp":1610861331,"path_taken":["M","?","$","?","?","E","R","E","T","M","?","?","?","M","PTL","PTL","R","BOSS","M","?","?","?","$","E"],"items_purchased_type":["Card","Relic"],"build_version":"2020-12-22","purchased_purges":2,"victory":false,"max_hp_per_floor":[77,77,77,77,77,77,77,77,77,77,77,77,77,77,77,77,77,77,77,77,77,77,77,77,77,77],"card_choices":[{"not_picked":["mysticmod:Shield","mysticmod:ComponentsPouch"],"picked":"mysticmod:Alacrity","floor":1},{"not_picked":["mysticmod:Sideswipe","mysticmod:Fireball"],"picked":"mysticmod:ComponentsPouch","floor":6},{"not_picked":["mysticmod:BulkUp","mysticmod:HunkerDown"],"picked":"mysticmod:PowerAttack","floor":8},{"not_picked":["mysticmod:GreaterInvisibility","mysticmod:PreparedCaster"],"picked":"mysticmod:ArcaneAccuracy","floor":10},{"not_picked":["mysticmod:HeavyStrike","mysticmod:BladedDash"],"picked":"mysticmod:ArcaneAccuracy","floor":13},{"not_picked":["mysticmod:HeavyStrike","mysticmod:ComponentsPouch","mysticmod:Sideswipe"],"picked":"SKIP","floor":14},{"not_picked":["mysticmod:SpellRecall","mysticmod:EnchantedMoulinet"],"picked":"mysticmod:MysticalShield","floor":18},{"not_picked":["mysticmod:MightyMagic+1","mysticmod:ComponentsPouch+1"],"picked":"mysticmod:HeavyStrike","floor":20}],"player_experience":978652,"relics_obtained":[{"floor":6,"key":"aspiration:Lifesprig"},{"floor":8,"key":"infinitespire:Eraser"},{"floor":9,"key":"Replay:Baseball"},{"floor":12,"key":"Whetstone"},{"floor":17,"key":"Simple Rune"}],"event_choices":[{"damage_healed":0,"gold_gain":0,"player_choice":"Card ","damage_taken":5,"max_hp_gain":0,"max_hp_loss":0,"event_name":"betterThird:BetterScrap","floor":2,"gold_loss":0,"cards_obtained":["Glass Knife"]},{"damage_healed":0,"gold_gain":0,"player_choice":"Obtained Relic","damage_taken":0,"relics_obtained":["StuffTheSpire:SapphireSignet"],"max_hp_gain":0,"max_hp_loss":0,"event_name":"Addict","floor":21,"gold_loss":85}],"is_beta":false,"boss_relics":[{"not_picked":["vexMod:DeviousBotling","halation:LoveArrow"],"picked":"Coffee Dripper"}],"items_purged_floors":[11,24],"is_endless":false,"potions_floor_spawned":[1,6,8,10,13],"killed_by":"Gremlin Leader","ascension_level":6}}