{"host":"v54ek091sdz7ha6h","time":1610876832,"event":{"mods":["BaseMod","Better Vampires","Colored Map","Colored Powertips","Custom Start","DeckTracker","Highlight Path","KOR Keyword Fix","Minty Spire (QoL Compilation)","Rare Cards Sparkle","Relic Stats","StSLib","SuperFastMode","everything is the same but u backflip on backflip","slay the spire mod where everything is the same but ironclad has a cowboy hat"],"gold_per_floor":[116,116,136,136,148,182,182,216,216,216,234,234,261,261,261,332,332,347,361,5,20,20,20,20,46,71,71,86,120,120,138,138,216,216,228,228,240,140,140,170,182,226,264,295,327,339,351,398,410,422,422],"floor_reached":50,"language":"KOR","playtime":1458,"items_purged":["Strike_G","Strike_G"],"score":1372,"play_id":"c24d4474-5754-43ff-88af-0d6788c7b8c1","local_time":"20210117184712","is_ascension_mode":true,"campfire_choices":[{"data":"Eviscerate","floor":7.0,"key":"SMITH"},{"data":"Prepared","floor":10.0,"key":"SMITH"},{"data":"Neutralize","floor":15.0,"key":"SMITH"},{"data":"Calculated Gamble","floor":23.0,"key":"SMITH"},{"data":"Reflex","floor":30.0,"key":"SMITH"},{"floor":32.0,"key":"RECALL"},{"data":"Envenom","floor":41.0,"key":"SMITH"},{"data":"Concentrate","floor":49.0,"key":"SMITH"}],"circlet_count":0,"master_deck":["AscendersBane","Strike_G","Strike_G","Defend_G+1","Defend_G+1","Defend_G+1","Survivor","Neutralize+1","Eviscerate+1","Dagger Throw","Prepared+1","Heel Hook","Adrenaline+1","Backflip","Calculated Gamble+1","Reflex+1","Envenom+1","Acrobatics+1","Concentrate+1","Finesse"],"relics":["Ring of the Snake","White Beast Statue","Orichalcum","Eternal Feather","Snake Skull","Empty Cage","Mummified Hand","Tiny Chest","Vajra","Question Card","Black Star","Pantograph","Ancient Tea Set","MawBank","Strawberry","War Paint","Pen Nib","Omamori","Smiling Mask"],"acts_visited":["Exordium","TheCity","TheBeyond"],"potions_floor_usage":[50,50],"damage_taken":[{"damage":1.0,"enemies":"2 Louse","floor":1.0,"turns":3.0},{"damage":0.0,"enemies":"Cultist","floor":3.0,"turns":3.0},{"damage":4.0,"enemies":"Small Slimes","floor":5.0,"turns":2.0},{"damage":30.0,"enemies":"Lagavulin","floor":6.0,"turns":7.0},{"damage":3.0,"enemies":"Gremlin Nob","floor":8.0,"turns":3.0},{"damage":0.0,"enemies":"3 Louse","floor":11.0,"turns":4.0},{"damage":14.0,"enemies":"3 Sentries","floor":13.0,"turns":7.0},{"damage":37.0,"enemies":"The Guardian","floor":16.0,"turns":13.0},{"damage":1.0,"enemies":"Chosen","floor":18.0,"turns":3.0},{"damage":2.0,"enemies":"Shell Parasite","floor":19.0,"turns":4.0},{"damage":5.0,"enemies":"Snecko","floor":21.0,"turns":5.0},{"damage":5.0,"enemies":"Gremlin Leader","floor":25.0,"turns":4.0},{"damage":8.0,"enemies":"Snake Plant","floor":28.0,"turns":2.0},{"damage":0.0,"enemies":"Book of Stabbing","floor":29.0,"turns":2.0},{"damage":0.0,"enemies":"Centurion and Healer","floor":31.0,"turns":1.0},{"damage":35.0,"enemies":"Collector","floor":33.0,"turns":5.0},{"damage":11.0,"enemies":"3 Darklings","floor":35.0,"turns":5.0},{"damage":0.0,"enemies":"Orb Walker","floor":37.0,"turns":1.0},{"damage":11.0,"enemies":"Nemesis","floor":40.0,"turns":4.0},{"damage":0.0,"enemies":"Reptomancer","floor":42.0,"turns":1.0},{"damage":0.0,"enemies":"3 Darklings","floor":44.0,"turns":1.0},{"damage":19.0,"enemies":"4 Shapes","floor":45.0,"turns":2.0},{"damage":0.0,"enemies":"Nemesis","floor":48.0,"turns":1.0},{"damage":73,"enemies":"Time Eater","floor":50,"turns":7}],"seed_played":"-990927143973687962","potions_obtained":[{"floor":3.0,"key":"PowerPotion"},{"floor":6.0,"key":"SteroidPotion"},{"floor":8.0,"key":"Strength Potion"},{"floor":11.0,"key":"SkillPotion"},{"floor":13.0,"key":"LiquidMemories"},{"floor":16.0,"key":"BlessingOfTheForge"},{"floor":21.0,"key":"AttackPotion"},{"floor":25.0,"key":"Fire Potion"},{"floor":28.0,"key":"Swift Potion"},{"floor":29.0,"key":"AttackPotion"},{"floor":33.0,"key":"SkillPotion"},{"floor":35.0,"key":"CultistPotion"},{"floor":37.0,"key":"Strength Potion"},{"floor":40.0,"key":"Strength Potion"},{"floor":45.0,"key":"LiquidMemories"}],"is_trial":false,"path_per_floor":["M","?","M","?","M","E","R","E","T","R","M","?","E","?","R","B",null,"M","M","$","M","?","R","?","E","T","?","M","E","R","M","R","B",null,"M","?","M","$","T","E","R","E","T","M","M","?","?","E","R","B"],"character_chosen":"THE_SILENT","items_purchased":["Mummified Hand"],"campfire_rested":0,"item_purchase_floors":[20],"current_hp_per_floor":[58,38,38,66,62,32,32,29,29,38,38,38,24,29,38,1,54,53,51,51,46,46,55,35,30,30,30,22,22,31,31,40,5,58,47,47,47,47,47,36,45,52,52,52,33,33,33,33,45,0,0],"gold":422,"neow_bonus":"TRANSFORM_CARD","is_daily":false,"chose_seed":false,"campfire_upgraded":7,"win_rate":0.0,"timestamp":1610876832,"path_taken":["M","?","M","?","?","E","R","E","T","R","M","?","E","?","R","BOSS","M","M","$","M","?","R","?","E","T","?","M","E","R","?","R","BOSS","M","?","M","$","?","E","R","E","T","M","M","?","?","E","R","BOSS"],"items_purchased_type":["Relic"],"build_version":"2020-12-22","purchased_purges":2,"victory":false,"max_hp_per_floor":[66,66,66,66,66,66,66,66,66,66,66,66,66,71,71,71,71,71,71,71,71,71,71,76,76,76,76,76,76,76,76,76,76,76,76,76,76,76,76,76,76,83,83,83,83,83,83,83,83,83,83],"relic_stats":{"counters":[24,90],"Eternal Feather":66,"Snake Skull":[132],"Pen Nib":[5],"Orichalcum":[54],"War Paint":["Adrenaline","Defend_G"],"Question Card":10,"MawBank":120,"Smiling Mask":0,"Mummified Hand":[8],"Pantograph":25,"Tiny Chest":1,"Black Star":3,"obtain_stats":[{"Vajra":27,"Eternal Feather":9,"Snake Skull":13,"Pen Nib":43,"Omamori":48,"Orichalcum":8,"War Paint":42,"Empty Cage":17,"Question Card":29,"Ancient Tea Set":40,"MawBank":40,"Smiling Mask":48,"White Beast Statue":6,"Mummified Hand":20,"Pantograph":39,"Strawberry":42,"Tiny Chest":25,"Black Star":34,"Ring of the Snake":0},{"Vajra":12,"Eternal Feather":5,"Snake Skull":7,"Pen Nib":20,"Omamori":23,"Orichalcum":5,"War Paint":20,"Empty Cage":8,"Question Card":14,"Ancient Tea Set":19,"MawBank":19,"Smiling Mask":23,"White Beast Statue":4,"Mummified Hand":10,"Pantograph":18,"Strawberry":20,"Tiny Chest":12,"Black Star":16,"Ring of the Snake":0},{"Vajra":58,"Eternal Feather":18,"Snake Skull":29,"Pen Nib":79,"Omamori":83,"Orichalcum":18,"War Paint":79,"Empty Cage":42,"Question Card":62,"Ancient Tea Set":78,"MawBank":78,"Smiling Mask":83,"White Beast Statue":15,"Mummified Hand":49,"Pantograph":74,"Strawberry":79,"Tiny Chest":58,"Black Star":68,"Ring of the Snake":0}],"Ring of the Snake":[48]},"card_choices":[{"not_picked":["Blade Dance","Bane"],"picked":"Dagger Throw","floor":1.0},{"not_picked":["Dagger Spray","Accuracy"],"picked":"Backstab","floor":3.0},{"not_picked":["Bane","Endless Agony","Dodge and Roll"],"picked":"SKIP","floor":5.0},{"not_picked":["Dodge and Roll","Grand Finale","All Out Attack"],"picked":"SKIP","floor":6.0},{"not_picked":["Cloak And Dagger","Dagger Spray"],"picked":"Prepared","floor":8.0},{"not_picked":["Escape Plan","Setup","Quick Slash"],"picked":"SKIP","floor":11.0},{"not_picked":["Deadly Poison","Caltrops"],"picked":"Heel Hook","floor":13.0},{"not_picked":["Die Die Die","Bullet Time"],"picked":"Adrenaline","floor":16.0},{"not_picked":["Bane+1","Concentrate"],"picked":"Backflip","floor":18.0},{"not_picked":["Flying Knee+1","Sucker Punch","Infinite Blades"],"picked":"SKIP","floor":19.0},{"not_picked":["Quick Slash","Accuracy","Deadly Poison"],"picked":"SKIP","floor":21.0},{"not_picked":["Endless Agony","Deflect"],"picked":"Reflex","floor":25.0},{"not_picked":["Backflip","Catalyst","Leg Sweep"],"picked":"SKIP","floor":28.0},{"not_picked":["Flying Knee","Infinite Blades","Caltrops"],"picked":"SKIP","floor":29.0},{"not_picked":["Dash","Deadly Poison","Calculated Gamble","Noxious Fumes"],"picked":"SKIP","floor":31.0},{"not_picked":["After Image","Storm of Steel","Glass Knife"],"picked":"Envenom","floor":33.0},{"not_picked":["Distraction","Flying Knee","Quick Slash+1"],"picked":"Acrobatics","floor":35.0},{"not_picked":["Leg Sweep","Concentrate","Infinite Blades+1","Blade Dance"],"picked":"SKIP","floor":37.0},{"not_picked":["Bane+1","Poisoned Stab","All Out Attack","Slice"],"picked":"SKIP","floor":40.0},{"not_picked":["Deadly Poison","Flying Knee","Phantasmal Killer","Corpse Explosion"],"picked":"SKIP","floor":42.0},{"not_picked":["Riddle With Holes","Heel Hook","Dagger Throw+1","Escape Plan+1"],"picked":"SKIP","floor":44.0},{"not_picked":["Blade Dance+1","Backflip+1","Prepared+1","Concentrate"],"picked":"SKIP","floor":45.0},{"not_picked":["Blade Dance+1","Backflip+1","Prepared+1"],"picked":"Concentrate","floor":45.0},{"not_picked":["Mind Blast","Flash of Steel","The Bomb"],"picked":"Finesse","floor":46.0},{"not_picked":["Distraction+1","Flying Knee","Expertise","Deflect"],"picked":"SKIP","floor":48.0}],"player_experience":1451871,"relics_obtained":[{"floor":6.0,"key":"White Beast Statue"},{"floor":8.0,"key":"Orichalcum"},{"floor":9.0,"key":"Eternal Feather"},{"floor":13.0,"key":"Snake Skull"},{"floor":25.0,"key":"Tiny Chest"},{"floor":29.0,"key":"Question Card"},{"floor":39.0,"key":"Pantograph"},{"floor":40.0,"key":"Ancient Tea Set"},{"floor":40.0,"key":"MawBank"},{"floor":42.0,"key":"Strawberry"},{"floor":42.0,"key":"War Paint"},{"floor":43.0,"key":"Pen Nib"},{"floor":48.0,"key":"Omamori"},{"floor":48.0,"key":"Smiling Mask"}],"event_choices":[{"damage_healed":0.0,"max_hp_gain":0.0,"max_hp_loss":0.0,"gold_gain":0.0,"event_name":"Shining Light","player_choice":"Entered Light","floor":2.0,"gold_loss":0.0,"damage_taken":20.0,"cards_upgraded":["Defend_G","Defend_G"]},{"cards_removed":["Backstab"],"damage_healed":28.0,"max_hp_gain":0.0,"max_hp_loss":0.0,"gold_gain":0.0,"event_name":"Bonfire Elementals","player_choice":"Offered Uncommon","floor":4.0,"gold_loss":0.0,"damage_taken":0.0},{"damage_healed":0.0,"max_hp_gain":0.0,"max_hp_loss":0.0,"gold_gain":0.0,"event_name":"Liars Game","player_choice":"Ignored","floor":12.0,"gold_loss":0.0,"damage_taken":0.0},{"damage_healed":0.0,"max_hp_gain":5.0,"max_hp_loss":0.0,"gold_gain":0.0,"event_name":"Big Fish","player_choice":"Donut","floor":14.0,"gold_loss":0.0,"damage_taken":0.0},{"damage_healed":0.0,"max_hp_gain":0.0,"max_hp_loss":0.0,"gold_gain":0.0,"event_name":"The Library","player_choice":"Read","floor":22.0,"gold_loss":0.0,"damage_taken":0.0,"cards_obtained":["Calculated Gamble"]},{"damage_healed":0.0,"max_hp_gain":5.0,"max_hp_loss":0.0,"gold_gain":0.0,"event_name":"Forgotten Altar","player_choice":"Shed Blood","floor":24.0,"gold_loss":0.0,"damage_taken":25.0},{"damage_healed":0.0,"max_hp_gain":0.0,"max_hp_loss":0.0,"gold_gain":0.0,"event_name":"WeMeetAgain","player_choice":"Gave Potion","floor":27.0,"gold_loss":0.0,"damage_taken":0.0,"relics_obtained":["Vajra"]},{"damage_healed":0.0,"max_hp_gain":0.0,"max_hp_loss":0.0,"gold_gain":0.0,"event_name":"Accursed Blacksmith","player_choice":"Forge","floor":36.0,"gold_loss":0.0,"damage_taken":0.0,"cards_upgraded":["Acrobatics"]},{"damage_healed":0.0,"max_hp_gain":0.0,"max_hp_loss":0.0,"gold_gain":0.0,"event_name":"SensoryStone","player_choice":"Memory 1","floor":46.0,"gold_loss":0.0,"damage_taken":0.0},{"damage_healed":0.0,"max_hp_gain":0.0,"max_hp_loss":0.0,"gold_gain":0.0,"event_name":"Tomb of Lord Red Mask","player_choice":"Ignored","floor":47.0,"gold_loss":0.0,"damage_taken":0.0}],"is_beta":false,"boss_relics":[{"not_picked":["SacredBark","Tiny House"],"picked":"Empty Cage"},{"not_picked":["Calling Bell","Ring of the Serpent"],"picked":"Black Star"}],"items_purged_floors":[20,38],"is_endless":false,"potions_floor_spawned":[3,6,8,11,13,16,18,19,21,25,28,29,31,33,35,37,40,42,44,45,48],"killed_by":"Time Eater","ascension_level":20}}