{"host":"fkig9nrckec4xsh0","time":1610926684,"event":{"mods":["BaseMod","Colored Map","Minty Spire (QoL Compilation)","Quick Restart","Replay The Spire","StSLib"],"gold_per_floor":[112,139,139,155,155,188,204,10,10,10,85,124,124,163,163,252,252,268,268,268,268,281,42,42,42,42,76,76,76,111,6,36,52,52,127,127,138,138,138,152,162,162,190,254,290,327,339,22,63,94,94,94],"floor_reached":53,"language":"ENG","playtime":1648,"items_purged":["Defend_R","ReplayTheSpireMod:Splinters"],"score":1864,"play_id":"43f61052-b0b6-4e3f-b214-2825568676ba","local_time":"20210117183804","is_ascension_mode":true,"campfire_choices":[{"floor":10,"key":"REST"},{"floor":13,"key":"REST"},{"data":"Perfected Strike","floor":15,"key":"SMITH"},{"floor":25,"key":"REST"},{"floor":34,"key":"REST"},{"floor":42,"key":"REST"},{"floor":47,"key":"REST"},{"floor":51,"key":"DIG"}],"circlet_count":0,"master_deck":["AscendersBane","Strike_R+1","Strike_R+1","Strike_R+1","Strike_R+1","Strike_R+1","Defend_R+1","Defend_R+1","Perfected Strike","Wild Strike","Double Tap+1","Perfected Strike+1","Pommel Strike+1","Inflame+1","Perfected Strike+1","Impervious","Bloodletting+1","Shockwave","Shockwave","Necronomicurse","ReplayTheSpireMod:Limb From Limb","Disarm","Master of Strategy","Sword Boomerang","Impervious","Perfected Strike+1","Burning Pact+1","Dual Wield","Thunderclap+1","Demon Form","Pommel Strike","Secret Weapon","Limit Break","Writhe","ReplayTheSpireMod:LeadingStrike","Rage+1"],"relics":["Burning Blood","ReplayTheSpireMod:TigerMarble","Bag of Marbles","Bloody Idol","Gremlin Food","Membership Card","Divine Protection","Replay:WaspNest","Bag of Preparation","Replay:Towering Pillar of Hats","Fusion Hammer","Brimstone","Nunchaku","Necronomicon","Letter Opener","King of Hearts","Mango","Regal Pillow","Cursed Key","MawBank","Champion Belt","Centennial Puzzle","Orichalcum","Toolbox","Pocketwatch","Red Skull"],"acts_visited":["Exordium","TheCity","TheBeyond"],"potions_floor_usage":[6,16,30,44],"damage_taken":[{"damage":7,"enemies":"Cultist","floor":1,"turns":4},{"damage":2,"enemies":"2 Louse","floor":4,"turns":3},{"damage":25,"enemies":"3 Sentries","floor":6,"turns":7},{"damage":3,"enemies":"Small Slimes","floor":7,"turns":2},{"damage":32,"enemies":"Lagavulin","floor":12,"turns":4},{"damage":0,"enemies":"Gremlin Nob","floor":14,"turns":2},{"damage":36,"enemies":"Hexaghost","floor":16,"turns":5},{"damage":0,"enemies":"Chosen","floor":18,"turns":2},{"damage":0,"enemies":"3 Byrds","floor":22,"turns":4},{"damage":7,"enemies":"Slavers","floor":27,"turns":3},{"damage":0,"enemies":"Gremlin Leader","floor":30,"turns":1},{"damage":1,"enemies":"Slavers","floor":32,"turns":2},{"damage":0,"enemies":"Centurion and Healer","floor":33,"turns":2},{"damage":9,"enemies":"Automaton","floor":35,"turns":3},{"damage":0,"enemies":"Orb Walker","floor":37,"turns":1},{"damage":0,"enemies":"3 Darklings","floor":40,"turns":2},{"damage":0,"enemies":"Spire Growth","floor":41,"turns":3},{"damage":0,"enemies":"R_Hoarder","floor":43,"turns":2},{"damage":0,"enemies":"2 Orb Walkers","floor":44,"turns":1},{"damage":0,"enemies":"Reptomancer","floor":46,"turns":1},{"damage":0,"enemies":"R_Hoarder","floor":50,"turns":2},{"damage":34,"enemies":"Awakened One","floor":52,"turns":6}],"seed_played":"3064508261598208309","potions_obtained":[{"floor":4,"key":"Block Potion"},{"floor":12,"key":"Elixir"},{"floor":14,"key":"ColorlessPotion"},{"floor":16,"key":"FearPotion"},{"floor":18,"key":"Weak Potion"},{"floor":30,"key":"Fruit Juice"},{"floor":33,"key":"Weak Potion"},{"floor":37,"key":"Fire Potion"},{"floor":43,"key":"Swift Potion"},{"floor":49,"key":"HeartOfIron"},{"floor":49,"key":"DistilledChaos"}],"is_trial":false,"path_per_floor":["M","T","?","M","?","E","M","$","T","R","T","E","R","E","R","B",null,"M","?","PTL","PTL","M","$","?","R","?","E","T","?","E","$","E","M","R","B",null,"M","?","?","M","M","R","E","?","T","E","R","$","?","E","R_BF","B",null],"character_chosen":"IRONCLAD","items_purchased":["Membership Card","Pommel Strike","Shockwave","Brimstone","Nunchaku","Master of Strategy","Pommel Strike","Secret Weapon","Limit Break","Toolbox"],"campfire_rested":6,"item_purchase_floors":[8,8,23,23,23,31,48,48,48,48],"current_hp_per_floor":[67,67,67,71,45,26,29,29,29,51,51,25,47,53,53,23,62,68,68,68,68,74,74,74,75,54,53,53,53,83,83,93,94,94,94,94,94,94,94,94,94,94,94,94,94,94,94,94,94,94,94,66],"gold":94,"neow_bonus":"RANDOM_COMMON_RELIC","is_daily":false,"chose_seed":false,"campfire_upgraded":1,"win_rate":0.0,"timestamp":1610926684,"path_taken":["M","?","?","?","?","E","M","?","T","R","?","E","R","E","R","BOSS","M","?","PTL","PTL","?","$","?","R","?","E","T","?","E","?","E","M","R","BOSS","M","?","?","M","?","R","E","?","T","E","R","$","?","E","R_BF","BOSS"],"items_purchased_type":["Relic","Card","Card","Relic","Relic","Card","Card","Card","Card","Relic"],"build_version":"2020-12-22","purchased_purges":2,"victory":true,"max_hp_per_floor":[75,75,75,75,75,75,75,75,75,75,75,75,75,75,75,75,75,75,75,75,75,75,75,75,75,75,75,75,75,94,94,94,94,94,94,94,94,94,94,94,94,94,94,94,94,94,94,94,94,94,94,94],"card_choices":[{"not_picked":["Replay:Undeath\u0027s Touch","Combust"],"picked":"Perfected Strike","floor":1},{"not_picked":["Iron Wave","ReplayTheSpireMod:Stacked"],"picked":"Wild Strike","floor":4},{"not_picked":["Body Slam","Metallicize"],"picked":"Double Tap","floor":6},{"not_picked":["Pummel","Life Link"],"picked":"Perfected Strike","floor":7},{"not_picked":["Intimidate","Cleave"],"picked":"Inflame","floor":12},{"not_picked":["Disarm","Run Through"],"picked":"Perfected Strike","floor":14},{"not_picked":["Berserk","Bludgeon"],"picked":"Impervious","floor":16},{"not_picked":["Armaments","Spot Weakness","Power Through"],"picked":"SKIP","floor":18},{"not_picked":["Shrug It Off","Run Through"],"picked":"Bloodletting+1","floor":22},{"not_picked":["Clothesline","ReplayTheSpireMod:Corrosion Curse"],"picked":"ReplayTheSpireMod:Limb From Limb","floor":27},{"not_picked":["Whirlwind","Dark Embrace"],"picked":"Disarm","floor":30},{"not_picked":["Life Link+1","Sever Soul","Shrug It Off"],"picked":"SKIP","floor":32},{"not_picked":["Run Through","Havoc"],"picked":"Sword Boomerang","floor":33},{"not_picked":["Brutality","Hemogenesis"],"picked":"Impervious","floor":35},{"not_picked":["Inflame","Abandon","Anger"],"picked":"SKIP","floor":37},{"not_picked":["ReplayTheSpireMod:Strike From Hell","Havoc+1"],"picked":"Burning Pact+1","floor":40},{"not_picked":["Whirlwind","Second Wind+1","Warcry"],"picked":"SKIP","floor":41},{"not_picked":["Dark Embrace+1","Heavy Blade+1"],"picked":"Dual Wield","floor":43},{"not_picked":["Power Through","ReplayTheSpireMod:Strike From Hell"],"picked":"Thunderclap+1","floor":44},{"not_picked":["Armaments","Rampage"],"picked":"Demon Form","floor":46},{"not_picked":["Battle Trance","Second Wind"],"picked":"ReplayTheSpireMod:LeadingStrike","floor":49},{"not_picked":["Body Slam+1","Dark Embrace+1"],"picked":"Rage+1","floor":50}],"player_experience":339937,"relics_obtained":[{"floor":2,"key":"Bag of Marbles"},{"floor":6,"key":"Gremlin Food"},{"floor":9,"key":"Divine Protection"},{"floor":11,"key":"Replay:WaspNest"},{"floor":12,"key":"Bag of Preparation"},{"floor":14,"key":"Replay:Towering Pillar of Hats"},{"floor":26,"key":"Necronomicon"},{"floor":27,"key":"Letter Opener"},{"floor":28,"key":"King of Hearts"},{"floor":30,"key":"Mango"},{"floor":32,"key":"Regal Pillow"},{"floor":43,"key":"MawBank"},{"floor":44,"key":"Champion Belt"},{"floor":45,"key":"Centennial Puzzle"},{"floor":46,"key":"Orichalcum"},{"floor":50,"key":"Pocketwatch"},{"floor":51,"key":"Red Skull"}],"event_choices":[{"cards_removed":["Defend_R"],"damage_healed":0,"gold_gain":0,"player_choice":"Offered Basic","damage_taken":0,"max_hp_gain":0,"max_hp_loss":0,"event_name":"Bonfire Elementals","floor":3,"gold_loss":0},{"damage_healed":0,"gold_gain":0,"player_choice":"Take Damage","damage_taken":26,"relics_obtained":["Golden Idol"],"max_hp_gain":0,"max_hp_loss":0,"event_name":"Golden Idol","floor":5,"gold_loss":0},{"damage_healed":0,"gold_gain":0,"player_choice":"Ignored","damage_taken":0,"max_hp_gain":0,"max_hp_loss":0,"event_name":"N\u0027loth","floor":19,"gold_loss":0},{"damage_healed":0,"gold_gain":0,"player_choice":"Simplicity","damage_taken":0,"max_hp_gain":0,"max_hp_loss":0,"event_name":"Back to Basics","floor":24,"gold_loss":0,"cards_upgraded":["Strike_R","Strike_R","Strike_R","Strike_R","Defend_R"]},{"damage_healed":0,"gold_gain":0,"player_choice":"Obtained Book","damage_taken":21,"max_hp_gain":0,"max_hp_loss":0,"event_name":"Cursed Tome","floor":26,"gold_loss":0},{"damage_healed":0,"gold_gain":0,"player_choice":"Gave Idol","damage_taken":0,"relics_obtained":["Bloody Idol"],"max_hp_gain":0,"max_hp_loss":0,"event_name":"Forgotten Altar","floor":29,"relics_lost":["Golden Idol"],"gold_loss":0},{"cards_removed":["Bash"],"damage_healed":0,"gold_gain":0,"player_choice":"Removed Attack","damage_taken":0,"max_hp_gain":0,"max_hp_loss":0,"event_name":"Falling","floor":38,"gold_loss":0},{"damage_healed":0,"gold_gain":0,"player_choice":"Copied","damage_taken":0,"max_hp_gain":0,"max_hp_loss":0,"event_name":"Duplicator","floor":39,"gold_loss":0,"cards_obtained":["Perfected Strike"]},{"damage_healed":0,"gold_gain":0,"player_choice":"Fight","damage_taken":0,"max_hp_gain":0,"max_hp_loss":0,"event_name":"Mysterious Sphere","floor":44,"gold_loss":0}],"is_beta":false,"boss_relics":[{"not_picked":["SacredBark","Busted Crown"],"picked":"Fusion Hammer"},{"not_picked":["Ooze Armor","Sozu"],"picked":"Cursed Key"}],"items_purged_floors":[23,48],"is_endless":false,"potions_floor_spawned":[4,12,14,16,18,30,33,35,37,40,43],"ascension_level":17}}