{"host":"6ktzxxgjnfnrmlug","time":1610852659,"event":{"mods":["Astrologer","BaseMod","Better Third Choice","KinomotoSakuraMod(ƒæ÷Æ±æ”£)","Marisa£®ÏF”Í°°ƒß¿Ì…≥£©","Minty Spire (QoL Compilation)","Prisma Mod","Remilia£®¿Ÿ√◊¿Ú—«£©","Replay The Spire","StSLib","The Alterego","The Animator","Yakumo Yukari mod","Youmu£®ªÍ∆«—˝√Œ£©","yUi"],"gold_per_floor":[113,113,388,407,25,69,91,148,183,195,207,243,255,277,289,420,432,488,542,585,193,213,213,213,313,386,417,460,513,513,588,588,729,729,755,480,496,496,496],"floor_reached":38,"language":"ZHS","playtime":1622,"items_purged":["Regret","Strike_MRS","Strike_MRS"],"score":492,"play_id":"6ed1d8e7-5571-497e-8fb6-dadc333f83d3","local_time":"20210117110419","is_ascension_mode":false,"campfire_choices":[{"data":"ManaRampage","floor":11.0,"key":"SMITH"},{"floor":13.0,"key":"REST"},{"floor":15.0,"key":"DIG"},{"data":"WitchOfGreed","floor":24.0,"key":"SMITH"},{"floor":30.0,"key":"REST"},{"data":"ManaRampage","floor":32.0,"key":"SMITH"}],"circlet_count":0,"master_deck":["Strike_MRS","Defend_MRS","Defend_MRS","Defend_MRS","Defend_MRS","MasterSpark","UpSweep","SuperPerseids","ChargingUp","WitchOfGreed","ManaRampage+1","DarkMatter","SprinkleStarSeal","WitchOfGreed+1","UltimateShortwave","Orbital","MagicAbsorber","FinalSpark","ManaRampage+1","CollectingQuirk","MagicAbsorber"],"relics":["MiniHakkero","NeowsBlessing","Question Card","MawBank","Pen Nib","Happy Flower","Boot","Chameleon Ring","Vajra","Lantern","RampagingMagicTools","Sling","Replay:Baseball","Bag of Marbles","Letter Opener","Replay:WaspNest","Red Mask","Replay:Towering Pillar of Hats","Potion Belt","Black Star","Toolbox"],"acts_visited":["Exordium","TheCity","TheBeyond"],"potions_floor_usage":[],"damage_taken":[{"damage":0.0,"enemies":"Small Slimes","floor":1.0,"turns":1.0},{"damage":0.0,"enemies":"2 Louse","floor":4.0,"turns":1.0},{"damage":0.0,"enemies":"3 Sentries","floor":6.0,"turns":2.0},{"damage":0.0,"enemies":"Jaw Worm","floor":7.0,"turns":1.0},{"damage":9.0,"enemies":"Gremlin Nob","floor":8.0,"turns":3.0},{"damage":0.0,"enemies":"Gremlin Gang","floor":14.0,"turns":1.0},{"damage":3.0,"enemies":"Hexaghost","floor":16.0,"turns":3.0},{"damage":5.0,"enemies":"3 Byrds","floor":18.0,"turns":2.0},{"damage":5.0,"enemies":"Chosen","floor":19.0,"turns":3.0},{"damage":7.0,"enemies":"3 Cultists","floor":20.0,"turns":3.0},{"damage":0.0,"enemies":"Snecko","floor":22.0,"turns":1.0},{"damage":16.0,"enemies":"Replay:Snechameleon","floor":25.0,"turns":3.0},{"damage":0.0,"enemies":"Masked Bandits","floor":27.0,"turns":2.0},{"damage":16.0,"enemies":"Book of Stabbing","floor":28.0,"turns":3.0},{"damage":21.0,"enemies":"Centurion and Healer","floor":29.0,"turns":3.0},{"damage":27.0,"enemies":"Gremlin Leader","floor":31.0,"turns":5.0},{"damage":8.0,"enemies":"Collector","floor":33.0,"turns":5.0},{"damage":0.0,"enemies":"Orb Walker","floor":35.0,"turns":1.0},{"damage":1.0,"enemies":"3 Shapes","floor":37.0,"turns":1.0},{"damage":0,"enemies":"Transient","floor":38,"turns":1}],"seed_played":"-3875252123088294319","potions_obtained":[{"floor":1.0,"key":"Toxic Potion"},{"floor":4.0,"key":"Weak Potion"},{"floor":6.0,"key":"Strength Potion"},{"floor":6.0,"key":"Adrenaline Potion"},{"floor":8.0,"key":"Fire Potion"},{"floor":14.0,"key":"FearPotion"},{"floor":16.0,"key":"CultistPotion"},{"floor":18.0,"key":"Doom Potion"},{"floor":18.0,"key":"BlessingOfTheForge"},{"floor":18.0,"key":"SteroidPotion"},{"floor":19.0,"key":"DuplicationPotion"},{"floor":25.0,"key":"Fruit Juice"},{"floor":25.0,"key":"SkillPotion"},{"floor":25.0,"key":"Energy Potion"},{"floor":25.0,"key":"Strength Potion"},{"floor":28.0,"key":"Strength Potion"},{"floor":28.0,"key":"Strength Potion"},{"floor":29.0,"key":"Strength Potion"},{"floor":29.0,"key":"Explosive Potion"},{"floor":31.0,"key":"Block Potion"},{"floor":31.0,"key":"Swift Potion"},{"floor":33.0,"key":"Reflective Coating"},{"floor":33.0,"key":"Swift Potion"},{"floor":35.0,"key":"LifebloodPotion"},{"floor":35.0,"key":"FearPotion"}],"is_trial":false,"path_per_floor":["M","?","?","M","$","E","M","E","T","?","R","T","R","M","R","B",null,"M","M","M","$","M","T","R","E","T","?","E","M","R","E","R","B",null,"M","$","M","M"],"character_chosen":"MARISA","items_purchased":["Question Card","WitchOfGreed","Sling","Replay:Baseball","Toolbox"],"campfire_rested":2,"item_purchase_floors":[5,5,21,21,36],"current_hp_per_floor":[75,68,68,68,68,68,68,59,59,28,28,28,50,50,50,47,75,70,65,58,58,58,58,58,49,49,49,33,12,36,9,9,1,82,82,82,81,81,81],"gold":496,"neow_bonus":"THREE_ENEMY_KILL","is_daily":false,"chose_seed":false,"campfire_upgraded":3,"win_rate":0.0,"timestamp":1610852659,"path_taken":["M","?","?","?","$","E","M","E","T","?","R","?","R","M","R","BOSS","M","?","M","$","M","?","R","E","T","?","E","M","R","E","R","BOSS","M","$","M","M"],"items_purchased_type":["Relic","Card","Relic","Relic","Relic"],"build_version":"2020-12-22","purchased_purges":3,"victory":false,"max_hp_per_floor":[75,75,75,75,75,75,75,75,75,75,75,75,75,75,75,75,75,75,75,75,75,75,75,75,82,82,82,82,82,82,82,82,82,82,82,82,82,82,82],"card_choices":[{"not_picked":["MysteriousBeam","GasGiant"],"picked":"SuperPerseids","floor":1.0},{"not_picked":["DarkSpark","MysteriousBeam"],"picked":"ChargingUp","floor":4.0},{"not_picked":["GrandCross","MaximisePower","Occultation"],"picked":"ManaRampage","floor":6.0},{"not_picked":["PropBag","StarlightTyphoon","ShootingEcho"],"picked":"DarkMatter","floor":7.0},{"not_picked":["ShootTheMoon","UnstableBomb","GravityBeat"],"picked":"SprinkleStarSeal","floor":8.0},{"not_picked":["StarBarrage","IllusionStar","MysteriousBeam"],"picked":"WitchOfGreed","floor":14.0},{"not_picked":["JA","SuperNova","BinaryStars"],"picked":"UltimateShortwave","floor":16.0},{"not_picked":["6A","GrandCross","DarkMatter","WitchOfGreed"],"picked":"SKIP","floor":18.0},{"not_picked":["MysteriousBeam","PowerUp","6A","GalacticHalo"],"picked":"SKIP","floor":19.0},{"not_picked":["DoubleSpark","StarBarrage","GasGiant","LuminesStrike"],"picked":"SKIP","floor":20.0},{"not_picked":["PropBag","Acceleration","BlazeAway","CasketOfStar"],"picked":"SKIP","floor":22.0},{"not_picked":["DC+1","OrrerysSun","LuminesStrike"],"picked":"Orbital","floor":25.0},{"not_picked":["LuminesStrike","ChargingUp","OneTimeOff+1"],"picked":"MagicAbsorber","floor":27.0},{"not_picked":["NonDirectionalLaser","MysteriousBeam","EnergyRecoil"],"picked":"FinalSpark","floor":28.0},{"not_picked":["DC","UnstableBomb","AsteroidBelt","IllusionStar+1"],"picked":"SKIP","floor":29.0},{"not_picked":["BlazingStar","UnstableBomb","DoubleSpark"],"picked":"ManaRampage","floor":31.0},{"not_picked":["SatelliteIllusion","JA","AbsoluteMagnitude"],"picked":"CollectingQuirk","floor":33.0},{"not_picked":["IllusionStar","StarBarrage+1","PropBag"],"picked":"MagicAbsorber","floor":35.0},{"not_picked":["MeteoricShower+1","AsteroidBelt","FairyDestructionRay+1","LuminesStrike+1"],"picked":"SKIP","floor":37.0}],"player_experience":34539,"relics_obtained":[{"floor":6.0,"key":"MawBank"},{"floor":8.0,"key":"Pen Nib"},{"floor":9.0,"key":"Happy Flower"},{"floor":12.0,"key":"Vajra"},{"floor":15.0,"key":"Lantern"},{"floor":23.0,"key":"Bag of Marbles"},{"floor":25.0,"key":"Letter Opener"},{"floor":26.0,"key":"Replay:WaspNest"},{"floor":27.0,"key":"Red Mask"},{"floor":28.0,"key":"Replay:Towering Pillar of Hats"},{"floor":31.0,"key":"Potion Belt"}],"event_choices":[{"cards_removed":["Strike_MRS"],"damage_healed":0.0,"max_hp_gain":0.0,"max_hp_loss":0.0,"gold_gain":0.0,"event_name":"Golden Wing","player_choice":"Card Removal","floor":2.0,"gold_loss":0.0,"damage_taken":7.0},{"damage_healed":0.0,"max_hp_gain":0.0,"max_hp_loss":0.0,"gold_gain":275.0,"event_name":"Golden Shrine","player_choice":"Desecrate","floor":3.0,"gold_loss":0.0,"damage_taken":0.0,"cards_obtained":["Regret"]},{"damage_healed":0.0,"max_hp_gain":0.0,"max_hp_loss":0.0,"gold_gain":1.0,"event_name":"betterThird:BetterScrap","player_choice":"Relic Relic ","floor":10.0,"gold_loss":0.0,"damage_taken":31.0,"cards_obtained":["Omniscience"]},{"damage_healed":0.0,"max_hp_gain":0.0,"max_hp_loss":0.0,"gold_gain":0.0,"event_name":"Masked Bandits","player_choice":"Fought Bandits","floor":27.0,"gold_loss":0.0,"damage_taken":0.0}],"is_beta":false,"boss_relics":[{"not_picked":["Kintsugi","Astrolabe"],"picked":"RampagingMagicTools"},{"not_picked":["Fusion Hammer","Tiny House"],"picked":"Black Star"}],"items_purged_floors":[5,21,36],"is_endless":false,"potions_floor_spawned":[1,4,6,14,18,25,28,35],"killed_by":"Transient","ascension_level":0}}