{"host":"qqgw5gp46oujbhdl","time":1610915085,"event":{"mods":["Aspiration","BaseMod","BetterRewards","Downfall","Hermit","Infinite Spire","Minty Spire (QoL Compilation)","StSLib","The Disciple","The Forsaken","The Hierophant","The Servant 0.9.4","The Spell Scribe","The Valiant","TheBandit","Wandering Minibosses"],"gold_per_floor":[99,115,132,149,160,180,180,355,355,386,386,411,421,456,469,469,469,469],"floor_reached":16,"language":"POL","playtime":1579,"items_purged":[],"score":124,"play_id":"db69a7f8-9ab5-45be-84e5-73a10935963f","local_time":"20210117212445","is_ascension_mode":false,"campfire_choices":[{"data":"Mayhem","floor":1,"key":"SMITH"},{"floor":9,"key":"REST"},{"data":"Guardian:TwinSlam","floor":11,"key":"SMITH"}],"circlet_count":0,"master_deck":["Guardian:Strike_Guardian","Guardian:Strike_Guardian","Guardian:Strike_Guardian","Guardian:Strike_Guardian","Guardian:Defend_Guardian","Guardian:Defend_Guardian","Guardian:Defend_Guardian","Guardian:Defend_Guardian","Guardian:CurlUp","Guardian:TwinSlam+1","Mayhem+1","Guardian:ChargeCore","Guardian:BronzeArmor","Guardian:RevengeProtocol","Guardian:Recover","Doubt","Guardian:Gem_White","Guardian:StasisField+1","Guardian:DecasProtection+1"],"relics":["Guardian:ModeShifter","Toxic Egg 2","aspiration:DSix","Lantern","Oddly Smooth Stone"],"acts_visited":["Exordium"],"potions_floor_usage":[12,14,16,16],"damage_taken":[{"damage":10,"enemies":"Small Slimes","floor":2,"turns":5},{"damage":5,"enemies":"2 Louse","floor":3,"turns":3},{"damage":1,"enemies":"Cultist","floor":4,"turns":4},{"damage":9,"enemies":"Gremlin Gang","floor":5,"turns":6},{"damage":0,"enemies":"Large Slime","floor":6,"turns":7},{"damage":19,"enemies":"3 Sentries","floor":10,"turns":12},{"damage":9,"enemies":"Gremlin Nob","floor":12,"turns":6},{"damage":7,"enemies":"2 Fungi Beasts","floor":13,"turns":4},{"damage":10,"enemies":"3 Sentries","floor":14,"turns":12},{"damage":0,"enemies":"3 Louse","floor":15,"turns":4},{"damage":62,"enemies":"IC_STATUS_ARCHETYPE","floor":16,"turns":23}],"seed_played":"4439526802878778642","potions_obtained":[{"floor":2,"key":"Weak Potion"},{"floor":3,"key":"Dexterity Potion"},{"floor":6,"key":"sneckomod:MuddlingPotion"},{"floor":12,"key":"ColorlessPotion"},{"floor":14,"key":"Guardian:AcceleratePotion"},{"floor":15,"key":"FairyPotion"}],"is_trial":false,"path_per_floor":["R","M","M","M","M","M","T","?","R","E","R","E","M","E","M","B"],"character_chosen":"GUARDIAN","items_purchased":[],"campfire_rested":1,"item_purchase_floors":[],"current_hp_per_floor":[56,46,41,40,31,31,31,31,55,36,36,27,20,10,10,0,0,0],"gold":469,"neow_bonus":"RANDOM_COLORLESS_2","is_daily":false,"chose_seed":false,"campfire_upgraded":2,"win_rate":0.0,"timestamp":1610915085,"path_taken":["R","M","M","M","M","M","T","?","R","E","R","E","M","E","M","BOSS"],"items_purchased_type":[],"build_version":"2020-12-22","purchased_purges":0,"victory":false,"max_hp_per_floor":[80,80,80,80,80,80,80,80,80,80,80,80,80,80,80,80,80,80],"card_choices":[{"not_picked":["Metamorphosis","Master of Strategy"],"picked":"Mayhem","floor":0},{"not_picked":["Guardian:Planning","Guardian:VentSteam"],"picked":"Guardian:ChargeCore","floor":2},{"not_picked":["Guardian:Repulse","Guardian:Reroute"],"picked":"Guardian:BronzeArmor","floor":3},{"not_picked":["Guardian:Recover","Guardian:PiercingHide"],"picked":"Guardian:RevengeProtocol","floor":4},{"not_picked":["Guardian:PrismaticBeam","Guardian:Reroute"],"picked":"Guardian:Gem_Cyan","floor":5},{"not_picked":["Guardian:FloatingOrbs","Guardian:TemporalStrike"],"picked":"Guardian:Recover","floor":6},{"not_picked":["Guardian:Incinerate","Guardian:CrystalBeam"],"picked":"Guardian:Gem_Cyan","floor":10},{"not_picked":["Guardian:RefractedBeam","Guardian:CrystalBeam"],"picked":"Guardian:Gem_White","floor":12},{"not_picked":["Guardian:Recover+1","Guardian:Gem_Lightblue"],"picked":"Guardian:StasisField+1","floor":13},{"not_picked":["Guardian:RefractedBeam","Guardian:FloatingOrbs","Guardian:TemporalShield+1"],"picked":"SKIP","floor":14},{"not_picked":["Guardian:ShieldSpikes+1","Guardian:PiercingHide+1"],"picked":"Guardian:DecasProtection+1","floor":15}],"player_experience":374498,"relics_obtained":[{"floor":7,"key":"Toxic Egg 2"},{"floor":10,"key":"aspiration:DSix"},{"floor":12,"key":"Lantern"},{"floor":14,"key":"Oddly Smooth Stone"}],"event_choices":[],"is_beta":false,"boss_relics":[],"items_purged_floors":[],"is_endless":false,"potions_floor_spawned":[2,3,6,12,14,15],"killed_by":"IC_STATUS_ARCHETYPE","ascension_level":0}}