{"host":"lxgv1wbl12oya7hr","time":1610848473,"event":{"mods":["BaseMod","Minty Spire (QoL Compilation)","Permanent Neow","StSLib"],"gold_per_floor":[116,116,116,128,141,141,316,349,349,349,392,410,410,93,93,214,214,235,235,235,235,251,251,251,276,327,327,363,26,40,40,40],"floor_reached":31,"language":"ENG","playtime":1666,"items_purged":["Doubt","Strike_R"],"score":274,"play_id":"a8acf2d5-6d9b-437f-a2f4-ab182cb8ea01","local_time":"20210116175432","is_ascension_mode":true,"campfire_choices":[{"data":"Fiend Fire","floor":6,"key":"SMITH"},{"floor":13,"key":"REST"},{"data":"Defend_R","floor":15,"key":"SMITH"},{"floor":27,"key":"REST"}],"circlet_count":0,"master_deck":["Strike_R","Strike_R","Strike_R+1","Defend_R","Defend_R+1","Defend_R","Defend_R+1","Bash","Clothesline+1","Pommel Strike","Fiend Fire+1","Metallicize","Berserk","Havoc+1","Brutality","Cleave","Infernal Blade+1","Shockwave+1","Carnage","Anger+1","Master of Strategy+1","Evolve+1"],"relics":["Philosopher\u0027s Stone","Toxic Egg 2","Bottled Flame","Golden Idol","Blue Candle","Mummified Hand","Mark of Pain","Nilry\u0027s Codex","Thread and Needle","Shuriken"],"acts_visited":["Exordium","TheCity"],"potions_floor_usage":[8,16,28,30],"damage_taken":[{"damage":1,"enemies":"Small Slimes","floor":1,"turns":4},{"damage":0,"enemies":"2 Louse","floor":4,"turns":2},{"damage":1,"enemies":"Jaw Worm","floor":5,"turns":2},{"damage":39,"enemies":"3 Sentries","floor":8,"turns":11},{"damage":10,"enemies":"Lagavulin","floor":11,"turns":5},{"damage":12,"enemies":"Exordium Thugs","floor":12,"turns":4},{"damage":20,"enemies":"The Guardian","floor":16,"turns":14},{"damage":12,"enemies":"Chosen","floor":18,"turns":5},{"damage":21,"enemies":"3 Byrds","floor":22,"turns":5},{"damage":11,"enemies":"Snake Plant","floor":25,"turns":3},{"damage":39,"enemies":"Slavers","floor":28,"turns":5},{"damage":9,"enemies":"Sentry and Sphere","floor":30,"turns":4},{"damage":0,"enemies":"Cultist and Chosen","floor":31,"turns":1}],"seed_played":"2493083068939557475","potions_obtained":[{"floor":5,"key":"BlessingOfTheForge"},{"floor":12,"key":"DistilledChaos"},{"floor":25,"key":"Regen Potion"},{"floor":28,"key":"SpeedPotion"},{"floor":30,"key":"BloodPotion"}],"is_trial":false,"path_per_floor":["M","?","?","M","M","R","?","E","T","?","E","M","R","$","R","B",null,"M","?","?","?","M","?","T","M","T","R","E","$","M","M"],"character_chosen":"IRONCLAD","items_purchased":["Mummified Hand","Master of Strategy+1","DistilledChaos"],"campfire_rested":2,"item_purchase_floors":[14,29,29],"current_hp_per_floor":[79,63,63,63,62,62,62,23,23,23,13,1,23,23,23,3,74,62,62,46,46,25,25,25,14,14,36,11,11,2,2,2],"gold":40,"neow_bonus":"BOSS_RELIC","is_daily":false,"chose_seed":false,"campfire_upgraded":2,"win_rate":0.0,"timestamp":1610848472,"path_taken":["M","?","?","M","M","R","?","E","T","?","E","?","R","?","R","BOSS","M","?","?","?","?","?","?","M","T","R","E","$","M","M"],"items_purchased_type":["Relic","Card","Potion"],"build_version":"2020-12-22","purchased_purges":2,"victory":false,"max_hp_per_floor":[80,80,80,80,80,80,80,80,80,74,74,74,74,74,74,74,74,74,74,74,74,74,74,74,74,74,74,74,74,74,74,74],"card_choices":[{"not_picked":["Warcry","Dual Wield"],"picked":"Clothesline","floor":1},{"not_picked":["Shrug It Off","Clash"],"picked":"Pommel Strike","floor":4},{"not_picked":["Sword Boomerang","Pummel"],"picked":"Fiend Fire","floor":5},{"not_picked":["Wild Strike","Body Slam"],"picked":"Metallicize","floor":8},{"not_picked":["Power Through+1","Twin Strike"],"picked":"Berserk","floor":11},{"not_picked":["Heavy Blade","Wild Strike"],"picked":"Havoc+1","floor":12},{"not_picked":["Fiend Fire","Corruption"],"picked":"Brutality","floor":16},{"not_picked":["Armaments+1","Sever Soul"],"picked":"Cleave","floor":18},{"not_picked":["Iron Wave","Impervious+1"],"picked":"Infernal Blade+1","floor":22},{"not_picked":["Headbutt","Twin Strike"],"picked":"Carnage","floor":25},{"not_picked":["Pummel","Fiend Fire"],"picked":"Anger+1","floor":28},{"not_picked":["Thunderclap","Clash+1"],"picked":"Evolve+1","floor":30}],"player_experience":2284601,"relics_obtained":[{"floor":8,"key":"Toxic Egg 2"},{"floor":9,"key":"Bottled Flame"},{"floor":11,"key":"Blue Candle"},{"floor":20,"key":"Nilry\u0027s Codex"},{"floor":24,"key":"Thread and Needle"},{"floor":28,"key":"Shuriken"}],"event_choices":[{"damage_healed":0,"gold_gain":0,"player_choice":"Entered Light","damage_taken":16,"max_hp_gain":0,"max_hp_loss":0,"event_name":"Shining Light","floor":2,"gold_loss":0,"cards_upgraded":["Strike_R","Defend_R"]},{"damage_healed":0,"gold_gain":0,"player_choice":"Grow","damage_taken":0,"max_hp_gain":0,"max_hp_loss":0,"event_name":"Living Wall","floor":3,"gold_loss":0,"cards_upgraded":["Clothesline"]},{"damage_healed":0,"gold_gain":175,"player_choice":"AGREE","damage_taken":0,"max_hp_gain":0,"max_hp_loss":0,"event_name":"Liars Game","floor":7,"gold_loss":0,"cards_obtained":["Doubt"]},{"damage_healed":0,"gold_gain":0,"player_choice":"Lose Max HP","damage_taken":0,"relics_obtained":["Golden Idol"],"max_hp_gain":0,"max_hp_loss":6,"event_name":"Golden Idol","floor":10,"gold_loss":0},{"damage_healed":0,"gold_gain":0,"player_choice":"Ignored","damage_taken":0,"max_hp_gain":0,"max_hp_loss":0,"event_name":"Ghosts","floor":19,"gold_loss":0},{"damage_healed":0,"gold_gain":0,"player_choice":"Obtained Book","damage_taken":16,"max_hp_gain":0,"max_hp_loss":0,"event_name":"Cursed Tome","floor":20,"gold_loss":0},{"cards_removed":["Strike_R"],"damage_healed":0,"gold_gain":0,"player_choice":"Purged","damage_taken":0,"max_hp_gain":0,"max_hp_loss":0,"event_name":"Purifier","floor":21,"gold_loss":0},{"damage_healed":0,"gold_gain":0,"player_choice":"Read","damage_taken":0,"max_hp_gain":0,"max_hp_loss":0,"event_name":"The Library","floor":23,"gold_loss":0,"cards_obtained":["Shockwave"]}],"is_beta":false,"boss_relics":[{"not_picked":["Black Star","SacredBark"],"picked":"Mark of Pain"}],"items_purged_floors":[14,29],"is_endless":false,"potions_floor_spawned":[5,12,25,28,30],"killed_by":"Cultist and Chosen","ascension_level":1}}