{"host":"b4asi0laiv85suj9","time":1610862389,"event":{"mods":["ATMod(阿瑾Mod)","BaseMod","Colored Powertips","Minty Spire (QoL Compilation)","MostiFishMod","Quick Restart","Relic Stats","StSLib","TestMod","noobMod"],"gold_per_floor":[113,126,8,8,21,21,21,53,53,85,160,186,212,268,268,341,341,358,358,375,395,412,437,453,488,488,508,537,548,147,147,147,226,226,242,253,268,2,112,171,171,279,305,275,326,365,468,78,78,128,253,253,253,11,66,91],"floor_reached":57,"language":"ZHS","playtime":1838,"items_purged":["Pain","Strike_P","Strike_P"],"score":3975,"play_id":"1c7a65f0-8000-4b47-bf40-4fe9fb985260","local_time":"20210117134629","is_ascension_mode":true,"campfire_choices":[{"data":"Tantrum","floor":6.0,"key":"SMITH"},{"floor":15.0,"key":"REST"},{"data":"Adaptation","floor":32.0,"key":"SMITH"},{"data":"TalkToTheHand","floor":41,"key":"SMITH"},{"floor":49,"key":"RECALL"},{"data":"AT_ChampionKick","floor":53,"key":"SMITH"}],"circlet_count":0,"master_deck":["AscendersBane","Strike_P+1","Defend_P","Defend_P","Defend_P","Defend_P","Eruption","Vigilance","AT_WarpDrive","Tantrum+1","Crescendo","InnerPeace","FearNoEvil+1","Sanctity","ClearTheMind","Prostrate","TalkToTheHand+1","AT_ChampionKick+1","MostiFishMod:Nomercy","Collect","Adaptation","DevaForm","WheelKick+1","Fasting2","Adaptation+1","MostiFishMod:DustFall","MostiFishMod:PathToVictory+1","MentalFortress","EmptyMind+1","TalkToTheHand"],"relics":["PureWater","testmod-TestBox","DaveBox","ice","AT_ATBox","NeowsBlessing","testmod-EqualTreatment","PatriotShield","SynthV:TestCard","AT_RedNoBalance","Bottled Flame","Mercury Hourglass","testmod-IndustrialRevolution","AT_ArcaneBoots","Odd Mushroom","SynthV:C4","Calling Bell","Oddly Smooth Stone","AT_DeathDance","testmod-Déjàvu","WarpedTongs","Damaru","Ornamental Fan","Torii","Potion Belt","DollysMirror","HereWithMe","AT_MibuBalloonWealth","Happy Flower","AT_EbonyIvory","Whetstone","Question Card","Pocketwatch","testmod-Justice","Membership Card","testmod-LifeArmor","Akabeko"],"acts_visited":["Exordium","TheCity","TheBeyond","TheEnding"],"potions_floor_usage":[55],"damage_taken":[{"damage":0.0,"enemies":"Cultist","floor":1.0,"turns":1.0},{"damage":0.0,"enemies":"2 Louse","floor":2.0,"turns":1.0},{"damage":0.0,"enemies":"Small Slimes","floor":5.0,"turns":1.0},{"damage":0.0,"enemies":"3 Sentries","floor":8.0,"turns":2.0},{"damage":0.0,"enemies":"Lagavulin","floor":10.0,"turns":1.0},{"damage":0.0,"enemies":"Gremlin Nob","floor":12.0,"turns":1.0},{"damage":0.0,"enemies":"The Mushroom Lair","floor":13.0,"turns":1.0},{"damage":0.0,"enemies":"Gremlin Nob","floor":14.0,"turns":1.0},{"damage":0.0,"enemies":"Slime Boss","floor":16.0,"turns":1.0},{"damage":0.0,"enemies":"Spheric Guardian","floor":18.0,"turns":1.0},{"damage":0.0,"enemies":"Chosen","floor":20.0,"turns":1.0},{"damage":0.0,"enemies":"Snake Plant","floor":21.0,"turns":1.0},{"damage":0.0,"enemies":"3 Cultists","floor":22.0,"turns":2.0},{"damage":1.0,"enemies":"Slavers","floor":23.0,"turns":2.0},{"damage":2.0,"enemies":"Shelled Parasite and Fungi","floor":24.0,"turns":1.0},{"damage":3.0,"enemies":"Book of Stabbing","floor":25.0,"turns":2.0},{"damage":0.0,"enemies":"Snecko","floor":27.0,"turns":1.0},{"damage":0.0,"enemies":"Slavers","floor":28.0,"turns":1.0},{"damage":0.0,"enemies":"Cultist and Chosen","floor":29.0,"turns":2.0},{"damage":0.0,"enemies":"Champ","floor":33.0,"turns":2.0},{"damage":0.0,"enemies":"3 Darklings","floor":35.0,"turns":2.0},{"damage":0.0,"enemies":"3 Shapes","floor":36.0,"turns":1.0},{"damage":0.0,"enemies":"Jaw Worm Horde","floor":37.0,"turns":1.0},{"damage":19,"enemies":"4 Shapes","floor":39,"turns":1},{"damage":0,"enemies":"Nemesis","floor":40,"turns":1},{"damage":0,"enemies":"Reptomancer","floor":42,"turns":1},{"damage":0,"enemies":"Nemesis","floor":45,"turns":3},{"damage":0,"enemies":"Writhing Mass","floor":46,"turns":1},{"damage":0,"enemies":"Reptomancer","floor":47,"turns":1},{"damage":0,"enemies":"Donu and Deca","floor":50,"turns":4},{"damage":0,"enemies":"Awakened One","floor":51,"turns":3},{"damage":0,"enemies":"Shield and Spear","floor":55,"turns":1},{"damage":2,"enemies":"The Heart","floor":56,"turns":7}],"seed_played":"8207927175554616808","potions_obtained":[{"floor":1.0,"key":"SpeedPotion"},{"floor":12.0,"key":"SkillPotion"},{"floor":13.0,"key":"testmod-EscapePotion"},{"floor":24.0,"key":"PowerPotion"},{"floor":39,"key":"SpeedPotion"},{"floor":44,"key":"LiquidMemories"},{"floor":44,"key":"Ambrosia"},{"floor":55,"key":"GamblersBrew"}],"is_trial":false,"path_per_floor":["M","M","$","?","M","R","?","E","T","E","?","E","?","?","R","B",null,"M","?","M","M","M","E","M","E","T","M","E","M","$","?","R","B",null,"M","M","M","$","M","E","R","E","T","?","E","M","E","$","R","B","B",null,"R","$","E","B",null],"character_chosen":"WATCHER","items_purchased":["InnerPeace","FearNoEvil","Potion Belt","DollysMirror","AT_MibuBalloonWealth","testmod-Justice","Membership Card","testmod-LifeArmor"],"campfire_rested":1,"item_purchase_floors":[3,3,30,30,38,48,54,54],"current_hp_per_floor":[61,61,61,61,61,61,35,34,34,34,23,34,34,34,54,34,60,34,34,34,34,34,33,32,31,31,34,34,34,34,34,34,34,60,34,34,34,34,15,15,15,15,15,15,15,15,15,15,15,15,68,68,68,68,68,66],"gold":91,"neow_bonus":"THREE_ENEMY_KILL","is_daily":false,"chose_seed":false,"campfire_upgraded":4,"win_rate":0.0,"timestamp":1610862389,"path_taken":["M","M","$","?","?","R","?","E","T","E","?","E","?","?","R","BOSS","M","?","M","M","M","E","M","E","T","M","E","?","$","?","R","BOSS","M","M","M","$","M","E","R","E","T","?","E","M","E","?","R","BOSS","BOSS","R","$","E","BOSS"],"items_purchased_type":["Card","Card","Relic","Relic","Relic","Relic","Relic","Relic"],"build_version":"2020-12-22","purchased_purges":3,"victory":true,"max_hp_per_floor":[68,68,68,68,68,68,68,68,68,68,68,68,68,68,68,68,68,68,68,68,68,68,68,68,68,68,68,68,68,68,68,68,68,68,68,68,68,68,68,68,68,68,68,68,68,68,68,68,68,68,68,68,68,68,68,130],"relic_stats":{"Torii":0,"Happy Flower":[7],"counters":[33,52],"Ornamental Fan":[72],"Whetstone":["Strike_P","FearNoEvil"],"Question Card":3,"obtain_stats":[{"PatriotShield":0,"AT_ATBox":0,"DaveBox":0,"Torii":28,"AT_MibuBalloonWealth":38,"testmod-EqualTreatment":0,"testmod-LifeArmor":54,"AT_ArcaneBoots":56,"ice":0,"Whetstone":43,"SynthV:C4":14,"DollysMirror":30,"HereWithMe":34,"testmod-Déjàvu":17,"AT_RedNoBalance":35,"Potion Belt":30,"testmod-TestBox":0,"NeowsBlessing":0,"Happy Flower":40,"Oddly Smooth Stone":17,"Damaru":23,"AT_SilverBalance":7,"AT_EbonyIvory":42,"Odd Mushroom":13,"testmod-Justice":48,"testmod-IndustrialRevolution":10,"Question Card":45,"Akabeko":55,"Mercury Hourglass":9,"WarpedTongs":19,"Calling Bell":17,"Bottled Flame":8,"AT_SpeedBoots":12,"SynthV:TestCard":1,"Ornamental Fan":25,"Membership Card":54,"PureWater":0,"AT_DeathDance":17,"Pocketwatch":47},{"PatriotShield":0,"AT_ATBox":0,"DaveBox":0,"Torii":18,"AT_MibuBalloonWealth":23,"testmod-EqualTreatment":0,"testmod-LifeArmor":31,"AT_ArcaneBoots":33,"ice":0,"Whetstone":26,"SynthV:C4":8,"DollysMirror":19,"HereWithMe":20,"testmod-Déjàvu":9,"AT_RedNoBalance":21,"Potion Belt":19,"testmod-TestBox":0,"NeowsBlessing":0,"Happy Flower":25,"Oddly Smooth Stone":9,"Damaru":14,"AT_SilverBalance":3,"AT_EbonyIvory":26,"Odd Mushroom":7,"testmod-Justice":29,"testmod-IndustrialRevolution":5,"Question Card":27,"Akabeko":32,"Mercury Hourglass":4,"WarpedTongs":10,"Calling Bell":9,"Bottled Flame":4,"AT_SpeedBoots":6,"SynthV:TestCard":1,"Ornamental Fan":16,"Membership Card":31,"PureWater":0,"AT_DeathDance":9,"Pocketwatch":29},{"PatriotShield":0,"AT_ATBox":0,"DaveBox":0,"Torii":22,"AT_MibuBalloonWealth":29,"testmod-EqualTreatment":0,"testmod-LifeArmor":44,"AT_ArcaneBoots":51,"ice":0,"Whetstone":32,"SynthV:C4":9,"DollysMirror":23,"HereWithMe":25,"testmod-Déjàvu":10,"AT_RedNoBalance":25,"Potion Belt":23,"testmod-TestBox":0,"NeowsBlessing":0,"Happy Flower":31,"Oddly Smooth Stone":10,"Damaru":17,"AT_SilverBalance":3,"AT_EbonyIvory":32,"Odd Mushroom":8,"testmod-Justice":37,"testmod-IndustrialRevolution":6,"Question Card":35,"Akabeko":45,"Mercury Hourglass":5,"WarpedTongs":11,"Calling Bell":10,"Bottled Flame":5,"AT_SpeedBoots":7,"SynthV:TestCard":1,"Ornamental Fan":20,"Membership Card":44,"PureWater":0,"AT_DeathDance":10,"Pocketwatch":37}],"Mercury Hourglass":[201],"WarpedTongs":[41],"Pocketwatch":[6]},"card_choices":[{"not_picked":["EmptyMind","FollowUp"],"picked":"Tantrum","floor":1.0},{"not_picked":["Halt","Perseverance","FlurryOfBlows","SandsOfTime"],"picked":"Crescendo","floor":2.0},{"not_picked":["Protect","Alpha","Study","PathToVictory"],"picked":"Sanctity","floor":5.0},{"not_picked":["Protect","EmptyMind","AT_DivineConfetti","BowlingBash","Consecrate"],"picked":"SKIP","floor":8.0},{"not_picked":["JustLucky","WindmillStrike","FlyingSleeves","Halt"],"picked":"ClearTheMind","floor":10.0},{"not_picked":["ThirdEye","Crescendo","Tantrum","CrushJoints"],"picked":"Prostrate","floor":12.0},{"not_picked":["CutThroughFate","EmptyBody","SashWhip","Evaluate"],"picked":"TalkToTheHand","floor":14.0},{"not_picked":["Devotion","AT_MachinaRedman","MostiFishMod:Dust","AT_IrregularMenstruation"],"picked":"AT_ChampionKick","floor":16.0},{"not_picked":["FearNoEvil","PathToVictory","CrushJoints+1","AT_ChampionStep","BowlingBash"],"picked":"SKIP","floor":18.0},{"not_picked":["MostiFishMod:Nomercy","LikeWater","CrushJoints","JustLucky","AT_ChampionStep"],"picked":"SKIP","floor":20.0},{"not_picked":["PathToVictory+1","AT_ChampionStep+1","Prostrate","DeceiveReality","BowlingBash"],"picked":"SKIP","floor":21.0},{"not_picked":["Devotion","Fasting2","FollowUp","ThirdEye"],"picked":"MostiFishMod:Nomercy","floor":22.0},{"not_picked":["BowlingBash+1","AT_ChampionKick","PathToVictory","FlyingSleeves","AT_OneInchPunch+1"],"picked":"SKIP","floor":23.0},{"not_picked":["Sanctity","EmptyFist+1","Crescendo","Halt+1"],"picked":"Collect","floor":24.0},{"not_picked":["Indignation","CrushJoints","ReachHeaven","Protect"],"picked":"Adaptation","floor":25.0},{"not_picked":["Prostrate","ForeignInfluence","ThirdEye","FollowUp"],"picked":"DevaForm","floor":27.0},{"not_picked":["Wireheading","MostiFishMod:Unraveling","EmptyBody","CutThroughFate"],"picked":"WheelKick+1","floor":28.0},{"not_picked":["Prostrate","Perseverance","Protect","Halt"],"picked":"Fasting2","floor":29.0},{"not_picked":["AT_RealColorLess","MostiFishMod:Pointsdynamics","Alpha","MostiFishMod:StarWish"],"picked":"MostiFishMod:DustFall","floor":33.0},{"not_picked":["CrushJoints","FollowUp","BowlingBash","AT_SoftenMuscles","Adaptation"],"picked":"SKIP","floor":35.0},{"not_picked":["Crescendo","SignatureMove+1","FlyingSleeves","CutThroughFate"],"picked":"MostiFishMod:PathToVictory+1","floor":36.0},{"not_picked":["CrushJoints+1","Halt","Vengeance","Consecrate","ThirdEye"],"picked":"SKIP","floor":37.0},{"not_picked":["Consecrate","PathToVictory","Alpha","ClearTheMind"],"picked":"MentalFortress","floor":39},{"not_picked":["MostiFishMod:LegendTransform","ClearTheMind","DeceiveReality","AT_ChampionStep"],"picked":"EmptyMind+1","floor":40},{"not_picked":["SashWhip","Prostrate+1","Nirvana+1","MostiFishMod:PathToVictory","Crescendo"],"picked":"SKIP","floor":42},{"not_picked":["Brilliance","SashWhip+1","EmptyBody","ThirdEye","CrushJoints"],"picked":"SKIP","floor":45},{"not_picked":["Wireheading+1","BowlingBash","DeceiveReality","FlurryOfBlows+1","Pray+1","ThirdEye"],"picked":"SKIP","floor":46},{"not_picked":["Fasting2+1","Pray","EmptyFist","Consecrate","Brilliance","AT_RealFormLess"],"picked":"SKIP","floor":47},{"not_picked":["FlurryOfBlows","Crescendo","Consecrate+1","MostiFishMod:StarLaLaLa","Tantrum"],"picked":"TalkToTheHand","floor":55}],"player_experience":306083,"relics_obtained":[{"floor":1.0,"key":"SynthV:TestCard"},{"floor":8.0,"key":"Bottled Flame"},{"floor":9.0,"key":"Mercury Hourglass"},{"floor":10.0,"key":"testmod-IndustrialRevolution"},{"floor":12.0,"key":"AT_SpeedBoots"},{"floor":13.0,"key":"Odd Mushroom"},{"floor":14.0,"key":"SynthV:C4"},{"floor":17.0,"key":"Oddly Smooth Stone"},{"floor":17.0,"key":"AT_DeathDance"},{"floor":17.0,"key":"testmod-Déjàvu"},{"floor":23.0,"key":"Damaru"},{"floor":25.0,"key":"Ornamental Fan"},{"floor":28.0,"key":"Torii"},{"floor":40,"key":"Happy Flower"},{"floor":42,"key":"AT_EbonyIvory"},{"floor":43,"key":"Whetstone"},{"floor":45,"key":"Question Card"},{"floor":47,"key":"Pocketwatch"},{"floor":55,"key":"Akabeko"}],"event_choices":[{"cards_removed":["Strike_P"],"damage_healed":0.0,"max_hp_gain":0.0,"max_hp_loss":0.0,"gold_gain":0.0,"event_name":"Purifier","player_choice":"Purged","floor":4.0,"gold_loss":0.0,"damage_taken":0.0},{"damage_healed":0.0,"max_hp_gain":0.0,"max_hp_loss":0.0,"gold_gain":0.0,"event_name":"Scrap Ooze","player_choice":"Success","floor":7.0,"gold_loss":0.0,"damage_taken":26.0,"relics_obtained":["AT_SilverBalance"]},{"damage_healed":0.0,"max_hp_gain":0.0,"max_hp_loss":0.0,"gold_gain":75.0,"event_name":"World of Goop","player_choice":"Gather Gold","floor":11.0,"gold_loss":0.0,"damage_taken":11.0},{"damage_healed":0.0,"max_hp_gain":0.0,"max_hp_loss":0.0,"gold_gain":0.0,"event_name":"Mushrooms","player_choice":"Fought Mushrooms","floor":13.0,"gold_loss":0.0,"damage_taken":0.0},{"damage_healed":0.0,"max_hp_gain":0.0,"max_hp_loss":0.0,"gold_gain":0.0,"event_name":"Dead Adventurer","player_choice":"Searched \u00272\u0027 times","floor":14.0,"gold_loss":0.0,"damage_taken":0.0},{"damage_healed":0.0,"max_hp_gain":0.0,"max_hp_loss":0.0,"gold_gain":0.0,"event_name":"Accursed Blacksmith","player_choice":"Rummage","floor":19.0,"gold_loss":0.0,"damage_taken":0.0,"relics_obtained":["WarpedTongs"],"cards_obtained":["Pain"]},{"damage_healed":0.0,"max_hp_gain":0.0,"max_hp_loss":0.0,"gold_gain":0.0,"event_name":"给自己的盒子","player_choice":"Ignored","floor":31.0,"gold_loss":0.0,"damage_taken":0.0},{"damage_healed":0,"gold_gain":0,"player_choice":"Bought 2 Potions","damage_taken":0,"max_hp_gain":0,"max_hp_loss":0,"event_name":"The Woman in Blue","floor":44,"gold_loss":0}],"is_beta":false,"boss_relics":[{"not_picked":["Velvet Choker","SacredBark"],"picked":"Calling Bell"},{"not_picked":["VioletLotus","testmod-CardMagician"],"picked":"HereWithMe"}],"items_purged_floors":[30,38,48],"is_endless":false,"potions_floor_spawned":[1,12,13,16,18,22,24,25,29,39,46,47,55],"ascension_level":20}}