{"host":"uy3vg6glkp8m6iit","time":1610864324,"event":{"mods":["AchievementEnabler","BaseMod","Colored Map","DeckTracker","Highlight Path","Keyboard Shortcuts","Minty Spire (QoL Compilation)","Quick Restart","Random Character Button","Rare Cards Sparkle","Relic Stats","StSLib","everything is the same but u backflip on backflip"],"gold_per_floor":[114,0,0,17,17,17,36,66,66,66,79,29,39,39,39,141,141,157,157,183,199,213,213,245,345,371,406,406,418,4,36,36,133,133,144,159,179,129,149,188,188,216,270,303,303,329,329,191,191,191,191,191,18,59,59],"floor_reached":56,"language":"KOR","playtime":3288,"items_purged":["Strike_G","Defend_G","Dagger Spray+1","Defend_G"],"score":2344,"play_id":"efafb7ef-32e7-40f0-99ad-e2a31e897d61","local_time":"20210117151844","is_ascension_mode":true,"campfire_choices":[{"data":"Dagger Spray","floor":6.0,"key":"SMITH"},{"data":"Crippling Poison","floor":10.0,"key":"SMITH"},{"floor":15.0,"key":"REST"},{"data":"Tactician","floor":23.0,"key":"SMITH"},{"data":"Acrobatics","floor":28.0,"key":"SMITH"},{"data":"Well Laid Plans","floor":32.0,"key":"SMITH"},{"data":"Tactician","floor":41.0,"key":"SMITH"},{"floor":45.0,"key":"RECALL"},{"data":"Prepared","floor":49.0,"key":"SMITH"},{"data":"Grand Finale","floor":52.0,"key":"SMITH"}],"circlet_count":0,"master_deck":["AscendersBane","Defend_G","Survivor","Neutralize","Well Laid Plans+1","Cloak And Dagger","Tactician+1","Backstab","Crippling Poison+1","PiercingWail","Backflip","Grand Finale+1","Infinite Blades+1","Tools of the Trade+1","Venomology+1","Acrobatics","Acrobatics+1","Blade Dance","Wraith Form v2","Expertise+1","Tactician+1","Prepared+1","Terror","Reflex+1"],"relics":["Ring of the Snake","Ornamental Fan","Paper Crane","Astrolabe","Red Mask","Bag of Preparation","Anchor","Membership Card","Omamori","Kunai","Bottled Lightning","Black Star","CeramicFish","Pantograph","Sundial","Pen Nib","Potion Belt","Ancient Tea Set","Orichalcum","Vajra","OrangePellets","Akabeko","Letter Opener"],"acts_visited":["Exordium","TheCity","TheBeyond","TheEnding"],"potions_floor_usage":[54,54,55,55],"damage_taken":[{"damage":8.0,"enemies":"Jaw Worm","floor":1.0,"turns":5.0},{"damage":0.0,"enemies":"2 Louse","floor":4.0,"turns":4.0},{"damage":0.0,"enemies":"Small Slimes","floor":7.0,"turns":2.0},{"damage":28.0,"enemies":"Gremlin Nob","floor":8.0,"turns":4.0},{"damage":2.0,"enemies":"Exordium Wildlife","floor":11.0,"turns":5.0},{"damage":0.0,"enemies":"Red Slaver","floor":13.0,"turns":3.0},{"damage":0.0,"enemies":"The Guardian","floor":16.0,"turns":16.0},{"damage":0.0,"enemies":"3 Byrds","floor":18.0,"turns":3.0},{"damage":2.0,"enemies":"Masked Bandits","floor":20.0,"turns":2.0},{"damage":1.0,"enemies":"Chosen","floor":21.0,"turns":3.0},{"damage":5.0,"enemies":"Centurion and Healer","floor":22.0,"turns":11.0},{"damage":0.0,"enemies":"Slavers","floor":24.0,"turns":3.0},{"damage":4.0,"enemies":"Gremlin Leader","floor":27.0,"turns":6.0},{"damage":0.0,"enemies":"Snake Plant","floor":29.0,"turns":3.0},{"damage":6.0,"enemies":"Book of Stabbing","floor":31.0,"turns":5.0},{"damage":0.0,"enemies":"Automaton","floor":33.0,"turns":4.0},{"damage":1.0,"enemies":"3 Shapes","floor":35.0,"turns":4.0},{"damage":0.0,"enemies":"Orb Walker","floor":36.0,"turns":2.0},{"damage":0.0,"enemies":"Maw","floor":37.0,"turns":8.0},{"damage":0.0,"enemies":"3 Darklings","floor":39.0,"turns":2.0},{"damage":0.0,"enemies":"Giant Head","floor":40.0,"turns":5.0},{"damage":0.0,"enemies":"Reptomancer","floor":42.0,"turns":5.0},{"damage":2.0,"enemies":"Nemesis","floor":44.0,"turns":5.0},{"damage":0.0,"enemies":"4 Shapes","floor":46.0,"turns":4.0},{"damage":0.0,"enemies":"Time Eater","floor":50.0,"turns":8.0},{"damage":18,"enemies":"Shield and Spear","floor":54,"turns":5},{"damage":29,"enemies":"The Heart","floor":55,"turns":6}],"seed_played":"8986875746401745650","potions_obtained":[{"floor":7.0,"key":"DistilledChaos"},{"floor":8.0,"key":"BlessingOfTheForge"},{"floor":18.0,"key":"SkillPotion"},{"floor":27.0,"key":"FearPotion"},{"floor":29.0,"key":"Fire Potion"},{"floor":33.0,"key":"PowerPotion"},{"floor":35.0,"key":"Swift Potion"},{"floor":46.0,"key":"DuplicationPotion"},{"floor":54,"key":"SpeedPotion"}],"is_trial":false,"path_per_floor":["M","$","?","M","?","R","M","E","T","R","M","?","M","$","R","B",null,"M","?","?","M","M","R","E","?","T","E","R","M","$","E","R","B",null,"M","M","M","$","M","E","R","E","T","E","R","M","?","$","R","B",null,"R","$","E","B",null],"character_chosen":"THE_SILENT","items_purchased":["Tactician","Backstab","Membership Card","Omamori","Blade Dance","Kunai","Vajra","Terror","OrangePellets"],"campfire_rested":1,"item_purchase_floors":[2,2,30,30,30,30,48,53,53],"current_hp_per_floor":[55,55,55,55,55,55,55,27,27,27,25,25,25,25,43,43,58,58,58,56,55,50,50,50,50,50,46,46,46,46,40,40,40,57,56,56,56,56,56,56,56,56,56,54,54,54,54,54,54,60,60,60,60,42,31],"gold":59,"neow_bonus":"TRANSFORM_TWO_CARDS","is_daily":false,"chose_seed":false,"campfire_upgraded":8,"win_rate":0.0,"timestamp":1610864324,"path_taken":["M","$","?","M","?","R","M","E","T","R","M","?","?","?","R","BOSS","M","?","?","M","M","R","E","?","T","E","R","M","$","E","R","BOSS","M","M","M","$","M","E","R","E","T","E","R","?","?","$","R","BOSS","R","$","E","BOSS"],"items_purchased_type":["Card","Card","Relic","Relic","Card","Relic","Relic","Card","Relic"],"build_version":"2020-12-22","purchased_purges":4,"victory":true,"max_hp_per_floor":[63,63,63,63,63,63,63,63,63,63,63,63,63,63,63,63,63,63,63,63,63,63,63,63,63,63,63,63,63,63,63,63,63,63,63,63,63,63,63,63,63,63,63,63,63,63,60,60,60,60,60,60,60,60,60],"relic_stats":{"counters":[27,133],"Astrolabe":["Infinite Blades","Tools of the Trade","Venomology"],"CeramicFish":36,"Pen Nib":[10],"Bag of Preparation":[30],"Letter Opener":[40],"Orichalcum":[12],"OrangePellets":[4],"Ornamental Fan":[348],"Sundial":[14],"Pantograph":24,"Black Star":4,"Kunai":[61],"obtain_stats":[{"Potion Belt":43,"Astrolabe":17,"CeramicFish":40,"Vajra":48,"Pen Nib":42,"Bag of Preparation":24,"Omamori":30,"Letter Opener":54,"Paper Crane":9,"Orichalcum":44,"Ancient Tea Set":44,"Akabeko":54,"OrangePellets":53,"Anchor":27,"Ornamental Fan":8,"Sundial":42,"Pantograph":40,"Red Mask":20,"Black Star":34,"Membership Card":30,"Kunai":30,"Bottled Lightning":31,"Ring of the Snake":0},{"Potion Belt":22,"Astrolabe":7,"CeramicFish":21,"Vajra":24,"Pen Nib":22,"Bag of Preparation":12,"Omamori":14,"Letter Opener":26,"Paper Crane":4,"Orichalcum":23,"Ancient Tea Set":23,"Akabeko":26,"OrangePellets":25,"Anchor":13,"Ornamental Fan":4,"Sundial":22,"Pantograph":21,"Red Mask":9,"Black Star":16,"Membership Card":14,"Kunai":14,"Bottled Lightning":15,"Ring of the Snake":0},{"Potion Belt":105,"Astrolabe":39,"CeramicFish":100,"Vajra":114,"Pen Nib":105,"Bag of Preparation":61,"Omamori":70,"Letter Opener":127,"Paper Crane":15,"Orichalcum":110,"Ancient Tea Set":110,"Akabeko":127,"OrangePellets":122,"Anchor":67,"Ornamental Fan":15,"Sundial":105,"Pantograph":100,"Red Mask":44,"Black Star":79,"Membership Card":70,"Kunai":70,"Bottled Lightning":75,"Ring of the Snake":0}],"Ring of the Snake":[54]},"card_choices":[{"not_picked":["Choke","Deflect"],"picked":"Cloak And Dagger","floor":1.0},{"not_picked":["Poisoned Stab","Endless Agony"],"picked":"Dagger Spray","floor":4.0},{"not_picked":["Flechettes","Dodge and Roll","Slice"],"picked":"SKIP","floor":7.0},{"not_picked":["Bouncing Flask","Terror"],"picked":"Crippling Poison","floor":8.0},{"not_picked":["Dagger Throw","Distraction"],"picked":"PiercingWail","floor":11.0},{"not_picked":["Slice","Distraction"],"picked":"Backflip","floor":13.0},{"not_picked":["Wraith Form v2","Corpse Explosion"],"picked":"Grand Finale","floor":16.0},{"not_picked":["Predator","Escape Plan","Riddle With Holes+1"],"picked":"SKIP","floor":18.0},{"not_picked":["Dodge and Roll","Dash","Underhanded Strike+1"],"picked":"SKIP","floor":21.0},{"not_picked":["Blur","Bane"],"picked":"Acrobatics","floor":22.0},{"not_picked":["Deadly Poison","Dagger Spray+1","All Out Attack"],"picked":"SKIP","floor":24.0},{"not_picked":["Underhanded Strike","Dagger Throw"],"picked":"Acrobatics","floor":27.0},{"not_picked":["Riddle With Holes","Poisoned Stab","Corpse Explosion"],"picked":"SKIP","floor":29.0},{"not_picked":["Cloak And Dagger","Acrobatics","Prepared"],"picked":"SKIP","floor":31.0},{"not_picked":["Venomology","Corpse Explosion"],"picked":"Wraith Form v2","floor":33.0},{"not_picked":["Endless Agony","Dodge and Roll","All Out Attack"],"picked":"SKIP","floor":35.0},{"not_picked":["Dagger Spray","Flying Knee","Blur"],"picked":"SKIP","floor":36.0},{"not_picked":["PiercingWail","Expertise+1","Accuracy"],"picked":"SKIP","floor":37.0},{"not_picked":["PiercingWail","Accuracy"],"picked":"Expertise+1","floor":37.0},{"not_picked":["Acrobatics","Crippling Poison","Finisher+1"],"picked":"SKIP","floor":39.0},{"not_picked":["Quick Slash","Masterful Stab"],"picked":"Tactician","floor":40.0},{"not_picked":["Flechettes","Dagger Throw","Blade Dance"],"picked":"SKIP","floor":42.0},{"not_picked":["Well Laid Plans","All Out Attack","Quick Slash"],"picked":"SKIP","floor":44.0},{"not_picked":["Acrobatics","Blade Dance+1"],"picked":"Prepared","floor":46.0},{"not_picked":["Escape Plan","Backstab+1"],"picked":"Reflex+1","floor":54}],"player_experience":1478552,"relics_obtained":[{"floor":8.0,"key":"Ornamental Fan"},{"floor":9.0,"key":"Paper Crane"},{"floor":20.0,"key":"Red Mask"},{"floor":24.0,"key":"Bag of Preparation"},{"floor":27.0,"key":"Anchor"},{"floor":31.0,"key":"Bottled Lightning"},{"floor":40.0,"key":"CeramicFish"},{"floor":40.0,"key":"Pantograph"},{"floor":42.0,"key":"Sundial"},{"floor":42.0,"key":"Pen Nib"},{"floor":43.0,"key":"Potion Belt"},{"floor":44.0,"key":"Ancient Tea Set"},{"floor":44.0,"key":"Orichalcum"},{"floor":54,"key":"Akabeko"},{"floor":54,"key":"Letter Opener"}],"event_choices":[{"damage_healed":0.0,"max_hp_gain":0.0,"max_hp_loss":0.0,"gold_gain":0.0,"event_name":"Liars Game","player_choice":"Ignored","floor":3.0,"gold_loss":0.0,"damage_taken":0.0},{"cards_removed":["Catalyst"],"damage_healed":0.0,"max_hp_gain":0.0,"max_hp_loss":0.0,"gold_gain":0.0,"event_name":"Living Wall","player_choice":"Forget","floor":5.0,"gold_loss":0.0,"damage_taken":0.0},{"cards_removed":["Strike_G"],"damage_healed":0.0,"max_hp_gain":0.0,"max_hp_loss":0.0,"gold_gain":0.0,"event_name":"The Cleric","player_choice":"Card Removal","floor":12.0,"gold_loss":50.0,"damage_taken":0.0},{"damage_healed":0.0,"max_hp_gain":0.0,"max_hp_loss":0.0,"gold_gain":0.0,"event_name":"Ghosts","player_choice":"Ignored","floor":19.0,"gold_loss":0.0,"damage_taken":0.0},{"damage_healed":0.0,"max_hp_gain":0.0,"max_hp_loss":0.0,"gold_gain":0.0,"event_name":"Masked Bandits","player_choice":"Fought Bandits","floor":20.0,"gold_loss":0.0,"damage_taken":0.0},{"damage_healed":0.0,"max_hp_gain":0.0,"max_hp_loss":0.0,"gold_gain":100.0,"event_name":"Golden Shrine","player_choice":"Pray","floor":25.0,"gold_loss":0.0,"damage_taken":0.0},{"damage_healed":0.0,"max_hp_gain":0.0,"max_hp_loss":3.0,"gold_gain":0.0,"event_name":"Winding Halls","player_choice":"Max HP","floor":47.0,"gold_loss":0.0,"damage_taken":0.0}],"is_beta":false,"boss_relics":[{"not_picked":["SacredBark","Snecko Eye"],"picked":"Astrolabe"},{"not_picked":["Velvet Choker","Tiny House"],"picked":"Black Star"}],"items_purged_floors":[30,38,48,53],"is_endless":false,"potions_floor_spawned":[7,8,18,22,27,29,33,35,40,42,46,54],"ascension_level":12}}