{"host":"gcgybqvjrjs283ro","time":1610874128,"event":{"mods":["Aspiration","BaseMod","Beaked The Cultist","Downfall","GifTheSpireLib","Glutton Mod","Hermit","Hubris","Infinite Spire","Jorbs\u0027s Wanderer Trilogy","Minty Spire (QoL Compilation)","READ ME - Snecko Mod","Shade Mod","StSLib","The Construct","The Cursed","The Disciple","The Jungle","The Mystic","The Necromancer","The Runesmith","vexMod"],"gold_per_floor":[110,110,22,32,32,66,66,82,82,82,10,40,40,66,66,163,163,183,183,197,210,210,245,245,263,289,305,220,220,246,258,258,359,359,375,375,375],"floor_reached":36,"language":"ENG","playtime":2579,"items_purged":[],"score":435,"play_id":"fe738ed7-d6bc-42fd-83b0-7fff2091b6cd","local_time":"20210117100208","is_ascension_mode":false,"campfire_choices":[{"floor":7,"key":"RECALL"},{"floor":10,"key":"REST"},{"floor":15,"key":"REST"},{"floor":24,"key":"REST"},{"floor":32,"key":"REST"}],"circlet_count":0,"master_deck":["Strike_B","Strike_B","Strike_B","Defend_B","Defend_B","Defend_B","Defend_B","Zap+1","Dualcast","Hello World","Storm+1","Steam+1","Tempest+1","Conserve Battery+1","BootSequence+1","Loop+1","infinitespire:Fortify+1","Fusion+1","Thunder Strike","Hello World","Genetic Algorithm+1","Rainbow+1","Static Discharge+1","BootSequence+1","Barrage+1","Sweeping Beam","Stack+1","Compile Driver+1","hubris:SpecializedCircuitry+1","Auto Shields+1"],"relics":["Cracked Core","NeowsBlessing","Toxic Egg 2","hubris:Zylophone","Calipers","Letter Opener","Black Star","beaked:ShinyBauble","hubris:64BitClover","infinitespire:SolderingIron","Potion Belt","Anchor","aspiration:EmptySkull","Smiling Mask","vexMod:ImprovementManual"],"acts_visited":["Exordium","TheCity","TheBeyond"],"potions_floor_usage":[16,23,23,23,27],"damage_taken":[{"damage":0,"enemies":"Small Slimes","floor":1,"turns":1},{"damage":0,"enemies":"Cultist","floor":4,"turns":1},{"damage":0,"enemies":"Gremlin Nob","floor":6,"turns":1},{"damage":12,"enemies":"2 Louse","floor":8,"turns":2},{"damage":5,"enemies":"3 Sentries","floor":14,"turns":6},{"damage":39,"enemies":"The Guardian","floor":16,"turns":10},{"damage":0,"enemies":"Chosen","floor":18,"turns":5},{"damage":2,"enemies":"Shell Parasite","floor":20,"turns":6},{"damage":10,"enemies":"Snecko","floor":21,"turns":5},{"damage":23,"enemies":"Nightmare","floor":23,"turns":7},{"damage":12,"enemies":"Snake Plant","floor":25,"turns":5},{"damage":11,"enemies":"Centurion and Healer","floor":27,"turns":4},{"damage":15,"enemies":"Book of Stabbing","floor":30,"turns":6},{"damage":5,"enemies":"Chosen and Byrds","floor":31,"turns":7},{"damage":39,"enemies":"Automaton","floor":33,"turns":10},{"damage":48,"enemies":"3 Shapes","floor":35,"turns":4},{"damage":27,"enemies":"3 Darklings","floor":36,"turns":5}],"seed_played":"-1155646551729452576","potions_obtained":[{"floor":1,"key":"GamblersBrew"},{"floor":4,"key":"Strength Potion"},{"floor":8,"key":"Swift Potion"},{"floor":20,"key":"FearPotion"},{"floor":21,"key":"BlessingOfTheForge"},{"floor":25,"key":"Explosive Potion"},{"floor":30,"key":"FearPotion"}],"is_trial":false,"path_per_floor":["M","?","$","M","$","E","R","M","T","R","$","?","?","E","R","B",null,"M","AVR","M","M","?","NM","R","M","T","M","?","?","E","M","R","B",null,"M","M"],"character_chosen":"DEFECT","items_purchased":["Storm","Steam+1","Loop"],"campfire_rested":4,"item_purchase_floors":[3,3,11],"current_hp_per_floor":[75,75,75,75,75,75,75,63,63,75,75,75,56,51,73,34,75,75,75,73,63,63,40,62,50,50,39,39,39,24,19,41,2,75,27,0,0],"gold":375,"neow_bonus":"THREE_ENEMY_KILL","is_daily":false,"chose_seed":false,"campfire_upgraded":0,"win_rate":0.0,"timestamp":1610874128,"path_taken":["M","?","$","M","$","E","R","M","T","R","?","?","?","E","R","BOSS","M","AVR","M","M","?","NM","R","M","T","M","?","?","E","M","R","BOSS","M","M"],"items_purchased_type":["Card","Card","Card"],"build_version":"2020-12-22","purchased_purges":0,"victory":false,"max_hp_per_floor":[75,75,75,75,75,75,75,75,75,75,75,75,75,75,75,75,75,75,75,75,75,75,75,75,75,75,75,75,75,75,75,75,75,75,75,75,75],"card_choices":[{"not_picked":["Steam","Chaos"],"picked":"Hello World","floor":1},{"not_picked":["Skim+1","Force Field+1"],"picked":"Tempest+1","floor":4},{"not_picked":["Steam+1","Barrage"],"picked":"Conserve Battery+1","floor":6},{"not_picked":["Conserve Battery+1","Leap+1"],"picked":"BootSequence+1","floor":8},{"not_picked":["hubris:Rewind","infinitespire:SealOfDarkness+"],"picked":"infinitespire:Fortify","floor":13},{"not_picked":["hubris:DoWhile+1","Compile Driver"],"picked":"Fusion+1","floor":14},{"not_picked":["Reboot+1","Meteor Strike"],"picked":"Thunder Strike","floor":16},{"not_picked":["Rebound","Steam+1"],"picked":"Hello World","floor":18},{"not_picked":["Sweeping Beam","Leap+1"],"picked":"Genetic Algorithm+1","floor":20},{"not_picked":["Stack+1","Coolheaded+1"],"picked":"Rainbow+1","floor":21},{"not_picked":["Steam+1","Rebound"],"picked":"BootSequence+1","floor":23},{"not_picked":["Steam+1","Reprogram+1"],"picked":"Barrage+1","floor":25},{"not_picked":["Gash","Streamline"],"picked":"Sweeping Beam","floor":27},{"not_picked":["Tempest+1","Thunder Strike"],"picked":"Stack+1","floor":30},{"not_picked":["Cold Snap","Heatsinks"],"picked":"Compile Driver+1","floor":31},{"not_picked":["Thunder Strike","Reboot+1"],"picked":"hubris:SpecializedCircuitry","floor":33},{"not_picked":["Conserve Battery+1","Darkness+1"],"picked":"Auto Shields+1","floor":35}],"player_experience":160371,"relics_obtained":[{"floor":6,"key":"hubris:Zylophone"},{"floor":14,"key":"Letter Opener"},{"floor":23,"key":"hubris:64BitClover"},{"floor":23,"key":"infinitespire:SolderingIron"},{"floor":26,"key":"Potion Belt"},{"floor":30,"key":"aspiration:EmptySkull"},{"floor":30,"key":"Smiling Mask"}],"event_choices":[{"damage_healed":0,"gold_gain":0,"player_choice":"Gave Potion","damage_taken":0,"relics_obtained":["Toxic Egg 2"],"max_hp_gain":0,"max_hp_loss":0,"event_name":"WeMeetAgain","floor":2,"gold_loss":0},{"damage_healed":0,"gold_gain":30,"player_choice":"Searched \u00273\u0027 times","damage_taken":0,"relics_obtained":["Calipers"],"max_hp_gain":0,"max_hp_loss":0,"event_name":"Dead Adventurer","floor":12,"gold_loss":0},{"damage_healed":0,"gold_gain":0,"player_choice":"Read","damage_taken":0,"max_hp_gain":0,"max_hp_loss":0,"event_name":"The Library","floor":22,"gold_loss":0,"cards_obtained":["Static Discharge"]},{"damage_healed":0,"gold_gain":0,"player_choice":"Obtained Relic","damage_taken":0,"relics_obtained":["Anchor"],"max_hp_gain":0,"max_hp_loss":0,"event_name":"Addict","floor":28,"gold_loss":85},{"cards_removed":["Strike_B"],"damage_healed":0,"gold_gain":0,"player_choice":"Purged","damage_taken":0,"max_hp_gain":0,"max_hp_loss":0,"event_name":"Purifier","floor":29,"gold_loss":0}],"is_beta":false,"boss_relics":[{"not_picked":["bronze:MakeshiftBattery","aspiration:SecretTechniqueScroll"],"picked":"Black Star"},{"not_picked":["Fusion Hammer","vexMod:MysteryBossChallenge"],"picked":"vexMod:ImprovementManual"}],"items_purged_floors":[],"is_endless":true,"potions_floor_spawned":[1,4,8,20,21,25,30],"killed_by":"3 Darklings","ascension_level":0}}