{"host":"d7fiu2yjkssjxoz6","time":1610875560,"event":{"mods":["AchievementEnabler","BaseMod","Duelist Mod","GifTheSpireLib","Minty Spire (QoL Compilation)","StSLib"],"gold_per_floor":[135,135,146,146,157,157,192,204,204,204,204,218,218,26,26,156,156,181,162,162,185,206,240,240,261,316,329,329,329],"floor_reached":28,"language":"ENG","playtime":984,"items_purged":["Injury"],"score":358,"play_id":"9f9fc599-b125-4d27-93f7-bf2855310ed3","local_time":"20210117012600","is_ascension_mode":true,"campfire_choices":[{"floor":6.0,"key":"RECALL"},{"data":"theDuelist:FiendMegacyber","floor":11,"key":"SMITH"},{"floor":15,"key":"REST"},{"data":"theDuelist:ArchfiendGeneral","floor":24,"key":"SMITH"}],"circlet_count":0,"master_deck":["theDuelist:ArchfiendSoldier","theDuelist:ArchfiendSoldier","theDuelist:ArchfiendSoldier","theDuelist:CastleWalls","theDuelist:CastleWalls","theDuelist:CastleWalls","theDuelist:FiendMegacyber+1","theDuelist:Sparks","theDuelist:Sparks","theDuelist:SummonedSkull","theDuelist:GravekeeperCurse","theDuelist:DarkMasterZorc","theDuelist:EvilswarmNightmare","theDuelist:UmbralHorrorUniform","theDuelist:HammerShot+1","theDuelist:MsJudge","theDuelist:MudGolem","Parasite","theDuelist:MudGolem","theDuelist:Doomdog","theDuelist:GarbageLord","theDuelist:PutridPudding","theDuelist:RainbowOverdragon","theDuelist:Nameless:War:ForbiddenLance","theDuelist:DarklordMarie","theDuelist:ArchfiendGeneral+1","theDuelist:EvilswarmNightmare","theDuelist:Zombyra+1","theDuelist:GrossGhost"],"relics":["theDuelist:MillenniumPuzzle","theDuelist:CardPoolRelic","theDuelist:CardPoolBasicRelic","theDuelist:BoosterPackPoolRelic","theDuelist:CardPoolAddRelic","theDuelist:CardPoolMinusRelic","theDuelist:CardPoolSaveRelic","theDuelist:CardPoolOptionsRelic","theDuelist:BoosterPackSpellEgg","theDuelist:MillenniumPeriapt","Centennial Puzzle","Mercury Hourglass","Golden Idol","Black Star","theDuelist:NamelessPowerRelicA","Pen Nib","Tingsha","Letter Opener"],"acts_visited":["Exordium","TheCity"],"potions_floor_usage":[16,25,28,28],"damage_taken":[{"damage":6.0,"enemies":"2 Louse","floor":1.0,"turns":2.0},{"damage":0.0,"enemies":"Cultist","floor":3.0,"turns":3.0},{"damage":5.0,"enemies":"Small Slimes","floor":5.0,"turns":3.0},{"damage":38.0,"enemies":"3 Sentries","floor":7.0,"turns":6.0},{"damage":1.0,"enemies":"Looter","floor":8.0,"turns":2.0},{"damage":18,"enemies":"Large Slime","floor":12,"turns":4},{"damage":10,"enemies":"The Guardian","floor":16,"turns":5},{"damage":6,"enemies":"Spheric Guardian","floor":18,"turns":3},{"damage":6,"enemies":"3 Byrds","floor":21,"turns":2},{"damage":18,"enemies":"Centurion and Healer","floor":22,"turns":3},{"damage":0,"enemies":"theDuelist:KaibaA2","floor":23,"turns":3},{"damage":20,"enemies":"Shelled Parasite and Fungi","floor":25,"turns":2},{"damage":18,"enemies":"Snecko","floor":27,"turns":4},{"damage":5,"enemies":"Slavers","floor":28,"turns":1}],"seed_played":"9039475804771223330","potions_obtained":[{"floor":1.0,"key":"SpeedPotion"},{"floor":8,"key":"ColorlessPotion"},{"floor":12,"key":"Energy Potion"},{"floor":21,"key":"theDuelist:StunPotion"},{"floor":25,"key":"theDuelist:FlamingBottle"}],"is_trial":false,"path_per_floor":["M","?","M","?","M","R","E","M","T","?","R","M","?","$","R","B",null,"M","?","?","M","M","E","R","M","T","M","E"],"character_chosen":"THE_DUELIST","items_purchased":["theDuelist:Doomdog","theDuelist:GarbageLord"],"campfire_rested":1,"item_purchase_floors":[14,14],"current_hp_per_floor":[66,60,60,54,49,49,11,10,10,30,30,12,12,12,36,26,67,61,61,61,55,37,37,37,17,17,2,0,0],"gold":329,"neow_bonus":"THREE_RARE_CARDS","is_daily":false,"chose_seed":false,"campfire_upgraded":2,"win_rate":0.0,"timestamp":1610875560,"path_taken":["M","?","M","?","?","R","E","?","T","?","R","M","?","$","R","BOSS","M","?","?","M","M","E","R","M","T","M","E"],"items_purchased_type":["Card","Card"],"build_version":"2020-12-22","purchased_purges":1,"victory":false,"max_hp_per_floor":[80,80,80,80,80,80,80,80,80,80,80,80,80,80,80,80,80,80,80,80,80,80,80,80,80,80,80,80,80],"card_choices":[{"not_picked":["theDuelist:Tierra","theDuelist:CallGrave"],"picked":"theDuelist:DarkMasterZorc","floor":0.0},{"not_picked":["theDuelist:ArchfiendSoldier","theDuelist:GrossGhost","theDuelist:DarknessNeosphere","theDuelist:FabledAshenveil"],"picked":"theDuelist:EvilswarmNightmare","floor":1.0},{"not_picked":["theDuelist:DarkTinker","theDuelist:CheerfulCoffin+1","theDuelist:TerraTerrible","theDuelist:DarkFusion+1"],"picked":"theDuelist:UmbralHorrorUniform","floor":3.0},{"not_picked":["theDuelist:Fissure+1","theDuelist:RainbowGravity","theDuelist:BattleguardKing","theDuelist:LightningVortex+1"],"picked":"theDuelist:HammerShot+1","floor":5.0},{"not_picked":["theDuelist:DoomsdayHorror","theDuelist:DarkBlade","theDuelist:AlienTelepath","theDuelist:GoblinKing"],"picked":"theDuelist:MsJudge","floor":7.0},{"not_picked":["theDuelist:MillenniumGolem","theDuelist:RainbowBridge+1","theDuelist:ForbiddenChalice+1","theDuelist:BigKoala"],"picked":"theDuelist:MudGolem","floor":8},{"not_picked":["theDuelist:EarthquakeGiant","theDuelist:GaiaMidNightSun","theDuelist:Hinotama+1","theDuelist:PowerGiant"],"picked":"theDuelist:MudGolem","floor":12},{"not_picked":["theDuelist:DarkMasterZorc","theDuelist:FabledGallabas","theDuelist:ArchfiendCommander","theDuelist:FeatherShot+1"],"picked":"theDuelist:PutridPudding","floor":16},{"not_picked":["theDuelist:FiendSkull","theDuelist:PurplePainOni","theDuelist:RainbowKuriboh","theDuelist:RedHeadedOni+1"],"picked":"theDuelist:RainbowOverdragon","floor":18},{"not_picked":["theDuelist:KingYami","theDuelist:FlyingSaucer","theDuelist:Pumpking+1","theDuelist:ArchfiendInterceptor"],"picked":"theDuelist:DarklordMarie","floor":21},{"not_picked":["theDuelist:DarkMasterZorc+1","theDuelist:FeatherShot+1"],"picked":"theDuelist:ArchfiendGeneral","floor":22},{"not_picked":["theDuelist:ArchfiendCommander","theDuelist:BlastAsmodian+1"],"picked":"theDuelist:EvilswarmNightmare","floor":23},{"not_picked":["theDuelist:DarkTinker","theDuelist:DarkFusion+1","theDuelist:BeastTalwar","theDuelist:CheerfulCoffin+1"],"picked":"theDuelist:Zombyra+1","floor":25},{"not_picked":["theDuelist:TributeDoomed+1","theDuelist:PotDuality+1","theDuelist:DarkHunter","theDuelist:MsJudge+1"],"picked":"theDuelist:GrossGhost","floor":27}],"player_experience":219554,"relics_obtained":[{"floor":7.0,"key":"Centennial Puzzle"},{"floor":9,"key":"Mercury Hourglass"},{"floor":23,"key":"Tingsha"},{"floor":23,"key":"Letter Opener"}],"event_choices":[{"damage_healed":0.0,"max_hp_gain":0.0,"max_hp_loss":0.0,"gold_gain":0.0,"event_name":"Aknamkanon\u0027s Tomb","player_choice":"Dig - random Duelist relic","duelist":true,"floor":2.0,"gold_loss":0.0,"damage_taken":0.0},{"damage_healed":0.0,"max_hp_gain":0.0,"max_hp_loss":0.0,"gold_gain":0.0,"event_name":"Aknamkanon\u0027s Tomb","player_choice":"Dig - random Duelist relic","duelist":true,"floor":4.0,"gold_loss":0.0,"damage_taken":0.0},{"damage_healed":20,"gold_gain":0,"player_choice":"Healed and dodged fight","damage_taken":0,"max_hp_gain":0,"max_hp_loss":0,"event_name":"Mushrooms","floor":10,"gold_loss":0,"cards_obtained":["Parasite"]},{"damage_healed":0,"gold_gain":0,"player_choice":"Take Wound","damage_taken":0,"relics_obtained":["Golden Idol"],"max_hp_gain":0,"max_hp_loss":0,"event_name":"Golden Idol","floor":13,"gold_loss":0,"cards_obtained":["Injury"]},{"power_reward":2,"total_magic_score":45,"gold_gain":0,"duelist":true,"damage_taken":0,"relics_obtained":["theDuelist:NamelessPowerRelicA"],"points":6,"war_reward":4,"max_hp_gain":0,"max_hp_loss":0,"spent_points":{"magic":0,"greed":0,"war":4,"power":2,"hunger":0},"event_name":"Nameless Tomb","floor":19,"gold_loss":19,"cards_obtained":["theDuelist:Nameless:War:ForbiddenLance"]},{"damage_healed":0,"gold_gain":0,"player_choice":"Opened","damage_taken":0,"relics_obtained":["Pen Nib"],"max_hp_gain":0,"max_hp_loss":0,"event_name":"The Mausoleum","floor":20,"gold_loss":0}],"is_beta":false,"boss_relics":[{"not_picked":["theDuelist:ElectricKey","Runic Dome"],"picked":"Black Star"}],"items_purged_floors":[14],"is_endless":false,"potions_floor_spawned":[1,8,12,21,22,25],"killed_by":"Slavers","ascension_level":7}}