{"host":"a4s27ghlnr83kbqz","time":1610856998,"event":{"mods":["AchievementEnabler","BaseMod","Colored Map","Minty Spire (QoL Compilation)","Permanent Neow","SuperFastMode"],"gold_per_floor":[118,133,144,164,179,179,208,208,208,219,235,235,245,277,277,277,277],"floor_reached":16,"language":"KOR","playtime":318,"items_purged":[],"score":232,"play_id":"a9393fcc-7646-49a9-9a81-7f369932c93a","local_time":"20210117121638","is_ascension_mode":true,"campfire_choices":[{"data":"Carnage","floor":6,"key":"SMITH"},{"data":"Infernal Blade","floor":8,"key":"SMITH"},{"data":"Shockwave","floor":12,"key":"SMITH"},{"floor":15,"key":"REST"}],"circlet_count":0,"master_deck":["AscendersBane","Strike_R","Strike_R","Strike_R","Strike_R","Defend_R","Defend_R","Defend_R","Bash","Infernal Blade+1","Metallicize","Carnage+1","Shockwave+1","Fire Breathing"],"relics":["Burning Blood","Letter Opener","Bottled Tornado","Art of War"],"acts_visited":["Exordium"],"potions_floor_usage":[7,16],"damage_taken":[{"damage":18,"enemies":"Small Slimes","floor":1,"turns":4},{"damage":4,"enemies":"Jaw Worm","floor":2,"turns":5},{"damage":5,"enemies":"2 Louse","floor":3,"turns":3},{"damage":12,"enemies":"Looter","floor":4,"turns":3},{"damage":14,"enemies":"3 Louse","floor":5,"turns":2},{"damage":12,"enemies":"Lagavulin","floor":7,"turns":4},{"damage":7,"enemies":"2 Fungi Beasts","floor":10,"turns":3},{"damage":13,"enemies":"Exordium Thugs","floor":11,"turns":3},{"damage":9,"enemies":"3 Louse","floor":13,"turns":3},{"damage":21,"enemies":"3 Sentries","floor":14,"turns":5},{"damage":60,"enemies":"The Guardian","floor":16,"turns":11}],"seed_played":"4532723508878761121","potions_obtained":[{"floor":1,"key":"AttackPotion"},{"floor":5,"key":"FairyPotion"},{"floor":11,"key":"SneckoOil"},{"floor":13,"key":"EssenceOfSteel"}],"is_trial":false,"path_per_floor":["M","M","M","M","M","R","E","R","T","M","M","R","M","E","R","B"],"character_chosen":"IRONCLAD","items_purchased":[],"campfire_rested":1,"item_purchase_floors":[],"current_hp_per_floor":[56,58,59,53,45,45,39,39,39,38,31,31,28,13,33,0,0],"gold":277,"neow_bonus":"REMOVE_TWO","is_daily":false,"chose_seed":false,"campfire_upgraded":3,"win_rate":0.0,"timestamp":1610856998,"path_taken":["M","M","M","M","M","R","E","R","T","M","M","R","M","E","R","BOSS"],"items_purchased_type":[],"build_version":"2020-12-22","purchased_purges":0,"victory":false,"max_hp_per_floor":[68,68,68,68,68,68,68,68,68,68,68,68,68,68,68,68,68],"card_choices":[{"not_picked":["Inflame","Anger"],"picked":"Infernal Blade","floor":1},{"not_picked":["Warcry","Sword Boomerang"],"picked":"Metallicize","floor":2},{"not_picked":["Flex","Infernal Blade","Thunderclap"],"picked":"SKIP","floor":3},{"not_picked":["Heavy Blade","Intimidate"],"picked":"Carnage","floor":4},{"not_picked":["Searing Blow","Barricade","Hemokinesis"],"picked":"SKIP","floor":5},{"not_picked":["Anger","Metallicize"],"picked":"Shockwave","floor":7},{"not_picked":["Metallicize","Anger","Infernal Blade"],"picked":"SKIP","floor":10},{"not_picked":["Flex","Sword Boomerang","Warcry"],"picked":"SKIP","floor":11},{"not_picked":["Headbutt","Twin Strike","Fire Breathing"],"picked":"SKIP","floor":13},{"not_picked":["Headbutt","Twin Strike"],"picked":"Fire Breathing","floor":13},{"not_picked":["Flex","Sword Boomerang","Juggernaut"],"picked":"SKIP","floor":14}],"player_experience":1104540,"relics_obtained":[{"floor":7,"key":"Letter Opener"},{"floor":9,"key":"Bottled Tornado"},{"floor":14,"key":"Art of War"}],"event_choices":[],"is_beta":false,"boss_relics":[],"items_purged_floors":[],"is_endless":false,"potions_floor_spawned":[1,5,11,13],"killed_by":"The Guardian","ascension_level":20}}