{"host":"TheHustler","time":1610878852,"event":{"mods":["BaseMod","Block Reminder","Colored Map","Colored Powertips","Minty Spire (QoL Compilation)","Quick Restart","StSLib","SuperFastMode","Unceasing Turn Reminder"],"gold_per_floor":[144,144,189,1,1,1,91,136,136,181,226,271,271,361,361,661,661,706,751,327,327,156,246,246,336,336,381,480,480,570,615,615,915,915,960,960,1005,1050,1095,1185,1185,1275,1275,1320,1320,788,833,878,878,878],"floor_reached":51,"language":"ENG","playtime":1851,"items_purged":[],"score":1129,"play_id":"6ddd2180-85ac-46a7-900a-8141e7bac43f","local_time":"20210117112052","daily_mods":["SealedDeck","Hoarder","Midas"],"is_ascension_mode":false,"campfire_choices":[{"floor":6,"key":"REST"},{"floor":15,"key":"REST"},{"floor":32,"key":"REST"},{"floor":41,"key":"REST"},{"floor":49,"key":"REST"}],"circlet_count":0,"master_deck":["Stack+1","Stack","Hologram","Hologram","Hologram","Loop","Loop","Loop","Conserve Battery","Conserve Battery","Conserve Battery","Leap","Leap","Leap","Coolheaded","Coolheaded","Coolheaded","Go for the Eyes","Go for the Eyes","Go for the Eyes","Go for the Eyes","Go for the Eyes","Go for the Eyes","Beam Cell","Beam Cell","Beam Cell","Beam Cell","Beam Cell","Beam Cell","Core Surge","Core Surge","Core Surge","Bandage Up","Bandage Up","Bandage Up","FTL","FTL","FTL","Tempest+1","Tempest","Tempest","Undo","Undo","Undo","Machine Learning","Machine Learning","Machine Learning","FTL","FTL","FTL","Rainbow","Rainbow","Rainbow","Ball Lightning","Ball Lightning","Ball Lightning","Reboot","Reboot","Reboot","Capacitor","Capacitor","Capacitor","Biased Cognition","Biased Cognition","Biased Cognition","Skim","Skim","Skim","Skim+1","Skim+1","Skim+1","Coolheaded+1","Coolheaded+1","Coolheaded+1","Gash","Gash","Gash","Electrodynamics","Electrodynamics","Electrodynamics","Turbo+1","Turbo+1","Turbo+1","Coolheaded+1","Coolheaded+1","Coolheaded+1","Defragment+1","Defragment+1","Defragment+1","Amplify+1","Amplify+1","Amplify+1","Thinking Ahead+1","Thinking Ahead+1","Thinking Ahead+1","Chaos+1","Chaos+1","Chaos+1","Compile Driver","Compile Driver","Compile Driver","Aggregate+1","Aggregate+1","Aggregate+1"],"relics":["Cracked Core","Membership Card","Pear","Darkstone Periapt","Potion Belt","Fusion Hammer","Mango","Bottled Lightning","Medical Kit","OrangePellets","Orichalcum","Bottled Flame","Toxic Egg 2","Matryoshka","Vajra","Shuriken","Bird Faced Urn","Black Star","PreservedInsect","Bottled Tornado","Gambling Chip","War Paint","Ancient Tea Set","Bag of Preparation","Ice Cream","FossilizedHelix","Chemical X"],"acts_visited":["Exordium","TheCity","TheBeyond"],"potions_floor_usage":[16,50,50,50],"damage_taken":[{"damage":2,"enemies":"2 Louse","floor":1,"turns":3},{"damage":0,"enemies":"Cultist","floor":3,"turns":4},{"damage":15,"enemies":"3 Sentries","floor":7,"turns":6},{"damage":7,"enemies":"Small Slimes","floor":8,"turns":2},{"damage":1,"enemies":"Looter","floor":10,"turns":3},{"damage":0,"enemies":"2 Fungi Beasts","floor":11,"turns":3},{"damage":0,"enemies":"Large Slime","floor":12,"turns":4},{"damage":12,"enemies":"Lagavulin","floor":14,"turns":6},{"damage":12,"enemies":"Slime Boss","floor":16,"turns":8},{"damage":6,"enemies":"Spheric Guardian","floor":18,"turns":4},{"damage":8,"enemies":"Chosen","floor":19,"turns":4},{"damage":27,"enemies":"Slavers","floor":23,"turns":6},{"damage":11,"enemies":"Gremlin Leader","floor":25,"turns":6},{"damage":6,"enemies":"3 Cultists","floor":27,"turns":4},{"damage":4,"enemies":"Book of Stabbing","floor":30,"turns":5},{"damage":7,"enemies":"Snake Plant","floor":31,"turns":3},{"damage":1,"enemies":"Automaton","floor":33,"turns":7},{"damage":8,"enemies":"3 Darklings","floor":35,"turns":5},{"damage":0,"enemies":"3 Shapes","floor":37,"turns":4},{"damage":21,"enemies":"Transient","floor":38,"turns":5},{"damage":31,"enemies":"Writhing Mass","floor":39,"turns":4},{"damage":20,"enemies":"Reptomancer","floor":40,"turns":6},{"damage":11,"enemies":"Nemesis","floor":42,"turns":7},{"damage":9,"enemies":"Jaw Worm Horde","floor":44,"turns":3},{"damage":0,"enemies":"3 Darklings","floor":47,"turns":4},{"damage":0,"enemies":"4 Shapes","floor":48,"turns":3},{"damage":0,"enemies":"Awakened One","floor":50,"turns":10}],"seed_played":"7372172642885907109","potions_obtained":[{"floor":8,"key":"SteroidPotion"},{"floor":10,"key":"FearPotion"},{"floor":12,"key":"SpeedPotion"},{"floor":16,"key":"BlessingOfTheForge"},{"floor":19,"key":"SteroidPotion"},{"floor":25,"key":"CultistPotion"},{"floor":36,"key":"LiquidMemories"},{"floor":47,"key":"EntropicBrew"}],"is_trial":false,"path_per_floor":["M","?","M","$","?","R","E","M","T","M","M","M","?","E","R","B",null,"M","M","$","?","$","E","?","E","T","M","?","T","E","M","R","B",null,"M","?","M","M","M","E","R","E","T","M","?","$","M","M","R","B",null],"character_chosen":"DEFECT","items_purchased":["Membership Card","Core Surge","Mango","Bottled Lightning","Medical Kit","Reboot","OrangePellets","Orichalcum","Capacitor","Ice Cream","FossilizedHelix","Chemical X","Thinking Ahead+1","Chaos+1","Compile Driver"],"campfire_rested":5,"item_purchase_floors":[4,4,20,20,20,20,22,22,22,46,46,46,46,46,46],"current_hp_per_floor":[73,66,66,66,66,75,70,67,67,70,74,82,82,77,85,77,85,79,75,89,89,89,74,74,71,71,69,69,69,65,70,99,99,99,99,99,99,88,69,63,92,99,99,96,94,94,94,94,94,94],"gold":878,"neow_bonus":"","is_daily":true,"chose_seed":false,"campfire_upgraded":0,"win_rate":0.0,"timestamp":1610878852,"path_taken":["M","?","M","$","?","R","E","M","T","M","?","M","?","E","R","BOSS","M","M","$","?","$","E","?","E","T","M","?","?","E","M","R","BOSS","M","?","M","M","?","E","R","E","T","M","?","$","M","M","R","BOSS"],"items_purchased_type":["Relic","Card","Relic","Relic","Relic","Card","Relic","Relic","Card","Relic","Relic","Relic","Card","Card","Card"],"build_version":"2020-12-18","purchased_purges":0,"victory":true,"max_hp_per_floor":[75,75,75,75,75,75,85,85,85,85,85,85,85,85,85,85,85,85,85,99,99,99,99,99,99,99,99,99,99,99,99,99,99,99,99,99,99,99,99,99,99,99,99,99,94,94,94,94,94,94],"card_choices":[{"not_picked":["Leap","Scrape","Streamline"],"picked":"SKIP","floor":1},{"not_picked":["Cold Snap","Streamline","Double Energy"],"picked":"SKIP","floor":3},{"not_picked":["Rebound","Static Discharge"],"picked":"Tempest","floor":7},{"not_picked":["Turbo","Barrage"],"picked":"Undo","floor":8},{"not_picked":["Go for the Eyes","Consume"],"picked":"Machine Learning","floor":10},{"not_picked":["Redo","Chill"],"picked":"FTL","floor":11},{"not_picked":["Compile Driver","Go for the Eyes","Conserve Battery"],"picked":"SKIP","floor":12},{"not_picked":["Go for the Eyes","Cold Snap","Beam Cell"],"picked":"SKIP","floor":14},{"not_picked":["Amplify","Multi-Cast"],"picked":"Rainbow","floor":16},{"not_picked":["Streamline","Storm"],"picked":"Ball Lightning","floor":18},{"not_picked":["Static Discharge","Double Energy","Genetic Algorithm"],"picked":"SKIP","floor":19},{"not_picked":["FTL","BootSequence"],"picked":"Biased Cognition","floor":23},{"not_picked":["Self Repair+1","Undo+1"],"picked":"Skim+1","floor":25},{"not_picked":["Streamline+1","Gash+1"],"picked":"Coolheaded+1","floor":27},{"not_picked":["Cold Snap","Amplify+1","Consume+1"],"picked":"SKIP","floor":30},{"not_picked":["Self Repair","Barrage"],"picked":"Gash","floor":31},{"not_picked":["Thunder Strike","Core Surge"],"picked":"Electrodynamics","floor":33},{"not_picked":["Redo+1","Conserve Battery+1","Barrage"],"picked":"SKIP","floor":35},{"not_picked":["Barrage","Creative AI","Ball Lightning"],"picked":"SKIP","floor":37},{"not_picked":["Lockon","Static Discharge"],"picked":"Turbo+1","floor":38},{"not_picked":["Barrage+1","Genetic Algorithm+1"],"picked":"Coolheaded+1","floor":39},{"not_picked":["Turbo+1","Redo+1"],"picked":"Defragment+1","floor":40},{"not_picked":["Go for the Eyes+1","Barrage","Blizzard"],"picked":"SKIP","floor":42},{"not_picked":["Consume+1","Steam+1"],"picked":"Amplify+1","floor":44},{"not_picked":["Compile Driver","Streamline","Beam Cell"],"picked":"SKIP","floor":47},{"not_picked":["White Noise+1","Redo+1"],"picked":"Aggregate+1","floor":48}],"player_experience":636146,"relics_obtained":[{"floor":7,"key":"Pear"},{"floor":9,"key":"Darkstone Periapt"},{"floor":14,"key":"Potion Belt"},{"floor":23,"key":"Bottled Flame"},{"floor":25,"key":"Toxic Egg 2"},{"floor":26,"key":"Matryoshka"},{"floor":29,"key":"Vajra"},{"floor":29,"key":"Shuriken"},{"floor":30,"key":"Bird Faced Urn"},{"floor":40,"key":"PreservedInsect"},{"floor":40,"key":"Bottled Tornado"},{"floor":42,"key":"Gambling Chip"},{"floor":42,"key":"War Paint"},{"floor":43,"key":"Ancient Tea Set"},{"floor":43,"key":"Bag of Preparation"}],"event_choices":[{"cards_removed":["Stack"],"damage_healed":0,"gold_gain":0,"player_choice":"Card Removal","damage_taken":7,"max_hp_gain":0,"max_hp_loss":0,"event_name":"Golden Wing","floor":2,"gold_loss":0},{"damage_healed":0,"gold_gain":0,"player_choice":"2 cards matched","damage_taken":0,"max_hp_gain":0,"max_hp_loss":0,"event_name":"Match and Keep!","floor":5,"gold_loss":0,"cards_obtained":["Bandage Up","FTL"]},{"damage_healed":0,"gold_gain":0,"player_choice":"Ignored","damage_taken":0,"max_hp_gain":0,"max_hp_loss":0,"event_name":"Liars Game","floor":13,"gold_loss":0},{"damage_healed":0,"gold_gain":0,"player_choice":"Ignored","damage_taken":0,"max_hp_gain":0,"max_hp_loss":0,"event_name":"Beggar","floor":21,"gold_loss":0},{"damage_healed":0,"gold_gain":0,"player_choice":"Read","damage_taken":0,"max_hp_gain":0,"max_hp_loss":0,"event_name":"The Library","floor":24,"gold_loss":0,"cards_obtained":["Skim"]},{"damage_healed":0,"gold_gain":99,"player_choice":"Stole From Cult","damage_taken":0,"max_hp_gain":0,"max_hp_loss":0,"event_name":"Nest","floor":28,"gold_loss":0},{"damage_healed":0,"gold_gain":0,"player_choice":"Got Potions","damage_taken":0,"max_hp_gain":0,"max_hp_loss":0,"event_name":"Lab","floor":36,"gold_loss":0},{"damage_healed":0,"gold_gain":0,"player_choice":"Max HP","damage_taken":0,"max_hp_gain":0,"max_hp_loss":5,"event_name":"Winding Halls","floor":45,"gold_loss":0}],"is_beta":true,"boss_relics":[{"not_picked":["SlaversCollar","Philosopher\u0027s Stone"],"picked":"Fusion Hammer"},{"not_picked":["Nuclear Battery","Astrolabe"],"picked":"Black Star"}],"items_purged_floors":[],"is_endless":false,"potions_floor_spawned":[8,10,12,16,19,25,30,37,40,42,44,47],"ascension_level":0}}