{"host":"cw25u8qal1h0d7ia","time":1610842627,"event":{"mods":["BaseMod","Downfall","Minty Spire (QoL Compilation)","StSLib"],"gold_per_floor":[99,99,99,32,32,67,67,67,86,86,86,104,279,309,323,323,323],"floor_reached":16,"language":"ENG","playtime":1003,"items_purged":[],"score":131,"play_id":"bf4a8ba1-9d3b-40b6-94c2-42cdf6309eb5","local_time":"20210117011707","is_ascension_mode":false,"campfire_choices":[{"data":"bronze:Goto","floor":1,"key":"SMITH"},{"data":"bronze:HardenedForm","floor":8,"key":"SMITH"},{"floor":10,"key":"REST"}],"circlet_count":0,"master_deck":["bronze:Strike","bronze:Strike","bronze:Strike","bronze:Strike","bronze:Defend","bronze:Defend","bronze:Defend","bronze:Defend","bronze:Replicate","bronze:Goto+1","bronze:OilSpill","bronze:HardenedForm+1","bronze:Optimize","bronze:Invalidate","Doubt","bronze:SpaghettiCode"],"relics":["bronze:BronzeCore","downfall:HeartsMalice","Bag of Marbles","Gambling Chip","Turnip","Bottled Flame"],"acts_visited":["Exordium"],"potions_floor_usage":[12,15],"damage_taken":[{"damage":0,"enemies":"Jaw Worm","floor":2,"turns":1},{"damage":0,"enemies":"Small Slimes","floor":3,"turns":1},{"damage":0,"enemies":"downfall:FleeingMerchant","floor":4,"turns":1},{"damage":22,"enemies":"Lagavulin","floor":6,"turns":5},{"damage":7,"enemies":"2 Louse","floor":9,"turns":2},{"damage":1,"enemies":"3 Louse","floor":12,"turns":2},{"damage":0,"enemies":"Gremlin Nob","floor":14,"turns":3},{"damage":0,"enemies":"2 Fungi Beasts","floor":15,"turns":2},{"damage":68,"enemies":"IC_STATUS_ARCHETYPE","floor":16,"turns":8}],"seed_played":"-7224660437823060771","potions_obtained":[{"floor":6,"key":"DistilledChaos"},{"floor":14,"key":"Explosive Potion"},{"floor":15,"key":"SneckoOil"}],"is_trial":false,"path_per_floor":["R","M","M","$","?","E","T","R","M","R","?","M","?","E","M","B"],"character_chosen":"THE_AUTOMATON","items_purchased":["bronze:Optimize"],"campfire_rested":1,"item_purchase_floors":[4],"current_hp_per_floor":[70,70,70,70,63,41,41,41,34,55,55,54,54,54,54,0,0],"gold":323,"neow_bonus":"THREE_ENEMY_KILL","is_daily":false,"chose_seed":false,"campfire_upgraded":2,"win_rate":0.0,"timestamp":1610842627,"path_taken":["R","M","M","$","?","E","T","R","M","R","?","M","?","E","M","BOSS"],"items_purchased_type":["Card"],"build_version":"2020-12-22","purchased_purges":0,"victory":false,"max_hp_per_floor":[70,70,70,70,70,70,70,70,70,70,70,70,70,70,70,70,70],"card_choices":[{"not_picked":["bronze:NullPointer","bronze:BitShift"],"picked":"bronze:OilSpill","floor":2},{"not_picked":["bronze:Shield","bronze:Philosophize","bronze:Repair"],"picked":"SKIP","floor":3},{"not_picked":["bronze:Iterate","bronze:WhirlingStrike"],"picked":"bronze:HardenedForm","floor":4},{"not_picked":["bronze:BronzeOrb","bronze:DelayedSlice","bronze:Frontload"],"picked":"SKIP","floor":6},{"not_picked":["bronze:ChildClass","bronze:DelayedGuard","bronze:Turbo"],"picked":"SKIP","floor":9},{"not_picked":["bronze:Allocate","bronze:WhirlingStrike"],"picked":"bronze:Invalidate","floor":12},{"not_picked":["bronze:WildBeam","bronze:NullPointer"],"picked":"bronze:SpaghettiCode","floor":14},{"not_picked":["bronze:NullPointer","bronze:CutThrough","bronze:Iterate"],"picked":"SKIP","floor":15}],"player_experience":539349,"relics_obtained":[{"floor":6,"key":"Gambling Chip"},{"floor":7,"key":"Turnip"},{"floor":14,"key":"Bottled Flame"}],"event_choices":[{"damage_healed":0,"gold_gain":0,"player_choice":"Success","damage_taken":7,"relics_obtained":["Bag of Marbles"],"max_hp_gain":0,"max_hp_loss":0,"event_name":"Scrap Ooze","floor":5,"gold_loss":0}],"is_beta":false,"boss_relics":[],"items_purged_floors":[],"is_endless":false,"potions_floor_spawned":[6,14,15],"killed_by":"IC_STATUS_ARCHETYPE","ascension_level":0}}