{"host":"5dow3bd5jfgo9g35","time":1610923282,"event":{"mods":["AchievementEnabler","BaseMod","Colored Powertips","Minty Spire (QoL Compilation)","Quick Restart"],"gold_per_floor":[116,136,86,102,112,112,137,137,160,160,160,191,201,213,213,312,312,326,182,182,194,226,226,261,280,306,316,316,316,316],"floor_reached":29,"language":"ENG","playtime":2717,"items_purged":[],"score":293,"play_id":"9adb286c-b5c4-400f-a0a6-2463e6f627d5","local_time":"20210117174122","is_ascension_mode":true,"campfire_choices":[{"data":"Backstab","floor":6,"key":"SMITH"},{"data":"Jack Of All Trades","floor":11,"key":"SMITH"},{"data":"Neutralize","floor":15,"key":"SMITH"},{"data":"Envenom","floor":23,"key":"SMITH"}],"circlet_count":0,"master_deck":["Survivor","Neutralize+1","Jack Of All Trades+1","Backstab+1","Heel Hook","Noxious Fumes","Leg Sweep","A Thousand Cuts+1","Phantasmal Killer","Poisoned Stab+1","Reflex","Envenom+1","Infinite Blades","Terror","Bane","Crippling Poison","Cloak And Dagger","Leg Sweep","Finisher+1","Cloak And Dagger+1","Corpse Explosion","Crippling Poison","Footwork+1","Choke+1","Dash","Dagger Throw+1","Expertise+1"],"relics":["Ring of the Snake","Regal Pillow","Nunchaku","Blood Vial","Meat on the Bone","Pandora\u0027s Box","Whetstone","Red Mask","Dream Catcher","Centennial Puzzle"],"acts_visited":["Exordium","TheCity"],"potions_floor_usage":[7,12,16,22,22,25,29],"damage_taken":[{"damage":2,"enemies":"2 Louse","floor":1,"turns":3},{"damage":0,"enemies":"Jaw Worm","floor":2,"turns":3},{"damage":0,"enemies":"Small Slimes","floor":4,"turns":4},{"damage":23,"enemies":"Exordium Wildlife","floor":5,"turns":5},{"damage":8,"enemies":"Lagavulin","floor":7,"turns":6},{"damage":19,"enemies":"Gremlin Nob","floor":12,"turns":4},{"damage":0,"enemies":"Exordium Thugs","floor":13,"turns":5},{"damage":9,"enemies":"Red Slaver","floor":14,"turns":3},{"damage":5,"enemies":"The Guardian","floor":16,"turns":12},{"damage":24,"enemies":"Spheric Guardian","floor":18,"turns":4},{"damage":9,"enemies":"Shell Parasite","floor":21,"turns":6},{"damage":4,"enemies":"Masked Bandits","floor":22,"turns":3},{"damage":25,"enemies":"Gremlin Leader","floor":24,"turns":7},{"damage":19,"enemies":"Centurion and Healer","floor":25,"turns":5},{"damage":10,"enemies":"Snecko","floor":27,"turns":4},{"damage":16,"enemies":"Sentry and Sphere","floor":29,"turns":3}],"seed_played":"-8038105976147509297","potions_obtained":[{"floor":2,"key":"FearPotion"},{"floor":5,"key":"ColorlessPotion"},{"floor":14,"key":"SpeedPotion"},{"floor":16,"key":"BlessingOfTheForge"},{"floor":18,"key":"Strength Potion"},{"floor":24,"key":"Dexterity Potion"},{"floor":25,"key":"Strength Potion"}],"is_trial":false,"path_per_floor":["M","M","?","M","M","R","E","T","T","?","R","E","M","M","R","B",null,"M","$","?","M","?","R","E","M","T","M","?","M"],"character_chosen":"THE_SILENT","items_purchased":["Whetstone"],"campfire_rested":0,"item_purchase_floors":[19],"current_hp_per_floor":[68,68,68,68,45,45,37,37,37,37,37,20,34,39,39,36,70,46,46,46,39,37,37,26,21,21,25,12,0,0],"gold":316,"neow_bonus":"RANDOM_COLORLESS","is_daily":false,"chose_seed":false,"campfire_upgraded":4,"win_rate":0.0,"timestamp":1610923282,"path_taken":["M","M","?","M","M","R","E","?","T","?","R","E","M","M","R","BOSS","M","$","?","M","?","R","E","M","T","M","?","M"],"items_purchased_type":["Relic"],"build_version":"2020-12-22","purchased_purges":0,"victory":false,"max_hp_per_floor":[70,70,70,70,70,70,70,70,70,70,70,70,70,70,70,70,70,70,70,70,70,70,70,70,70,70,70,75,75,75],"card_choices":[{"not_picked":["Finesse","Dramatic Entrance"],"picked":"Jack Of All Trades","floor":0},{"not_picked":["Sucker Punch","Heel Hook"],"picked":"Backstab","floor":1},{"not_picked":["Underhanded Strike","Outmaneuver"],"picked":"Heel Hook","floor":2},{"not_picked":["Finisher","Distraction"],"picked":"Noxious Fumes","floor":4},{"not_picked":["Outmaneuver","Dagger Throw"],"picked":"Leg Sweep","floor":5},{"not_picked":["Flechettes","Eviscerate"],"picked":"A Thousand Cuts","floor":7},{"not_picked":["Masterful Stab","Outmaneuver"],"picked":"Phantasmal Killer","floor":12},{"not_picked":["Deadly Poison","Blade Dance"],"picked":"Poisoned Stab","floor":13},{"not_picked":["Skewer","Underhanded Strike"],"picked":"Reflex","floor":14},{"not_picked":["Grand Finale","A Thousand Cuts"],"picked":"Envenom","floor":16},{"not_picked":["Sucker Punch","Slice"],"picked":"Cloak And Dagger+1","floor":18},{"not_picked":["Accuracy","Blade Dance"],"picked":"Footwork+1","floor":21},{"not_picked":["Cloak And Dagger","Calculated Gamble"],"picked":"Choke+1","floor":22},{"not_picked":["Sucker Punch","Wraith Form v2"],"picked":"Dash","floor":24},{"not_picked":["Predator","Slice+1"],"picked":"Dagger Throw+1","floor":25},{"not_picked":["Poisoned Stab","Corpse Explosion"],"picked":"Expertise+1","floor":27}],"player_experience":1017125,"relics_obtained":[{"floor":7,"key":"Regal Pillow"},{"floor":8,"key":"Nunchaku"},{"floor":9,"key":"Blood Vial"},{"floor":12,"key":"Meat on the Bone"},{"floor":22,"key":"Red Mask"},{"floor":24,"key":"Dream Catcher"},{"floor":26,"key":"Centennial Puzzle"}],"event_choices":[{"cards_removed":["Strike_G"],"damage_healed":0,"gold_gain":0,"player_choice":"Card Removal","damage_taken":0,"max_hp_gain":0,"max_hp_loss":0,"event_name":"The Cleric","floor":3,"gold_loss":50},{"damage_healed":0,"gold_gain":0,"player_choice":"Grow","damage_taken":0,"max_hp_gain":0,"max_hp_loss":0,"event_name":"Living Wall","floor":10,"gold_loss":0,"cards_upgraded":["A Thousand Cuts"]},{"damage_healed":0,"gold_gain":0,"cards_transformed":["Outmaneuver","Sucker Punch"],"player_choice":"Became Test Subject","damage_taken":0,"max_hp_gain":0,"max_hp_loss":0,"event_name":"Drug Dealer","floor":20,"gold_loss":0,"cards_obtained":["Corpse Explosion","Crippling Poison"]},{"damage_healed":0,"gold_gain":0,"player_choice":"Fought Bandits","damage_taken":0,"max_hp_gain":0,"max_hp_loss":0,"event_name":"Masked Bandits","floor":22,"gold_loss":0},{"damage_healed":0,"gold_gain":0,"player_choice":"Shed Blood","damage_taken":18,"max_hp_gain":5,"max_hp_loss":0,"event_name":"Forgotten Altar","floor":28,"gold_loss":0}],"is_beta":false,"boss_relics":[{"not_picked":["Cursed Key","Busted Crown"],"picked":"Pandora\u0027s Box"}],"items_purged_floors":[],"is_endless":false,"potions_floor_spawned":[2,5,14,16,18,24,25],"killed_by":"Sentry and Sphere","ascension_level":3}}