{"host":"s2ap0bnrs90y0f0j","time":1610849759,"event":{"mods":["BaseMod","Minty Spire (QoL Compilation)","StSLib","TheBandit"],"gold_per_floor":[119,119,129,129,129,129,149,68,68,80,33,33,49,81,81,184,184,204,219,134,134,152,152,152,152],"floor_reached":23,"language":"ENG","playtime":1178,"items_purged":[],"score":220,"play_id":"e5a8bf6b-3707-4883-a5e4-6edf1b4db1c6","local_time":"20210116211559","is_ascension_mode":true,"campfire_choices":[{"data":"wariomod:BoomBoom","floor":6.0,"key":"SMITH"},{"data":"wariomod:SmallSprint","floor":12.0,"key":"SMITH"},{"floor":15.0,"key":"REST"}],"circlet_count":0,"master_deck":["wariomod:Strike","wariomod:Strike","wariomod:Strike","wariomod:Defend","wariomod:Defend","wariomod:Defend","wariomod:Step","wariomod:Leap","wariomod:BodyBlock","wariomod:DoubleDip","wariomod:BoomBoom+1","wariomod:SmallSprint+1","wariomod:Purify","wariomod:Hopshield","wariomod:Hopshield","wariomod:CursedSpaces","wariomod:VeryLongJump","wariomod:SpacialMastery","wariomod:Hopshield+1","wariomod:DisarmingMoves+1","wariomod:BoomBoom+1"],"relics":["wariomod:PropellerHat","Pantograph","Tiny Chest","Ancient Tea Set","Philosopher\u0027s Stone","Strawberry"],"acts_visited":["Exordium","TheCity"],"potions_floor_usage":[23],"damage_taken":[{"damage":0.0,"enemies":"Small Slimes","floor":1.0,"turns":3.0},{"damage":2.0,"enemies":"2 Louse","floor":3.0,"turns":3.0},{"damage":0.0,"enemies":"Cultist","floor":7.0,"turns":3.0},{"damage":34.0,"enemies":"Exordium Thugs","floor":10.0,"turns":6.0},{"damage":1.0,"enemies":"Exordium Wildlife","floor":13.0,"turns":4.0},{"damage":32.0,"enemies":"Gremlin Nob","floor":14.0,"turns":4.0},{"damage":32.0,"enemies":"Hexaghost","floor":16.0,"turns":12.0},{"damage":16.0,"enemies":"Spheric Guardian","floor":18.0,"turns":4.0},{"damage":20.0,"enemies":"3 Byrds","floor":19.0,"turns":4.0},{"damage":13.0,"enemies":"Sentry and Sphere","floor":22.0,"turns":4.0},{"damage":42,"enemies":"Book of Stabbing","floor":23,"turns":5}],"seed_played":"8102361972986727742","potions_obtained":[{"floor":7.0,"key":"FearPotion"},{"floor":10.0,"key":"Fire Potion"},{"floor":16.0,"key":"LiquidMemories"},{"floor":19.0,"key":"Energy Potion"}],"is_trial":false,"path_per_floor":["M","?","M","?","?","R","M","$","T","M","$","R","M","E","R","B",null,"M","M","?","?","M","E"],"character_chosen":"THE_BANDIT","items_purchased":["wariomod:Purify","wariomod:Hopshield"],"campfire_rested":1,"item_purchase_floors":[8,11],"current_hp_per_floor":[80,77,75,75,75,75,75,75,75,41,41,41,40,8,32,25,80,64,44,51,51,38,0,0,0],"gold":152,"neow_bonus":"BOSS_RELIC","is_daily":false,"chose_seed":false,"campfire_upgraded":2,"win_rate":0.0,"timestamp":1610849759,"path_taken":["M","?","M","?","?","R","?","$","T","M","?","R","M","E","R","BOSS","M","M","?","?","M","E"],"items_purchased_type":["Card","Card"],"build_version":"2020-12-22","purchased_purges":0,"victory":false,"max_hp_per_floor":[80,80,80,80,80,80,80,80,80,80,80,80,80,80,80,80,80,80,80,87,87,87,87,87,87],"card_choices":[{"not_picked":["wariomod:SimpleShield","wariomod:Smackflip"],"picked":"wariomod:BodyBlock","floor":1.0},{"not_picked":["wariomod:SimpleShield","wariomod:DamnedStrength"],"picked":"wariomod:DoubleDip","floor":3.0},{"not_picked":["wariomod:ThatsNotAll","wariomod:Smackflip"],"picked":"wariomod:SmallSprint","floor":7.0},{"not_picked":["wariomod:SpaceSwap","wariomod:Smackflip"],"picked":"wariomod:Hopshield","floor":10.0},{"not_picked":["wariomod:DanceDash","wariomod:TheGrandJourney"],"picked":"wariomod:CursedSpaces","floor":13.0},{"not_picked":["wariomod:AwfulLook","wariomod:Boomsmack"],"picked":"wariomod:VeryLongJump","floor":14.0},{"not_picked":["wariomod:VeryLongJump","wariomod:FabulousPrizes"],"picked":"wariomod:SpacialMastery","floor":16.0},{"not_picked":["wariomod:SpikeSlash","wariomod:ThatsNotAll"],"picked":"wariomod:Hopshield+1","floor":18.0},{"not_picked":["wariomod:HappyHop","wariomod:DoubleDash+1"],"picked":"wariomod:DisarmingMoves+1","floor":19.0},{"not_picked":["wariomod:BlastDash","wariomod:SmallSprint"],"picked":"wariomod:BoomBoom+1","floor":22.0}],"player_experience":492044,"relics_obtained":[{"floor":9.0,"key":"Tiny Chest"},{"floor":14.0,"key":"Ancient Tea Set"}],"event_choices":[{"damage_healed":0.0,"max_hp_gain":0.0,"max_hp_loss":0.0,"gold_gain":0.0,"event_name":"Scrap Ooze","player_choice":"Success","floor":2.0,"gold_loss":0.0,"damage_taken":3.0,"relics_obtained":["Pantograph"]},{"cards_removed":["wariomod:Defend"],"damage_healed":0.0,"max_hp_gain":0.0,"max_hp_loss":0.0,"gold_gain":0.0,"event_name":"Living Wall","player_choice":"Forget","floor":4.0,"gold_loss":0.0,"damage_taken":0.0},{"damage_healed":0.0,"max_hp_gain":0.0,"max_hp_loss":0.0,"gold_gain":0.0,"cards_transformed":["wariomod:Strike"],"event_name":"Transmorgrifier","player_choice":"Transformed","floor":5.0,"gold_loss":0.0,"damage_taken":0.0,"cards_obtained":["wariomod:BoomBoom"]},{"damage_healed":0.0,"max_hp_gain":0.0,"max_hp_loss":0.0,"gold_gain":0.0,"event_name":"Addict","player_choice":"Obtained Relic","floor":20.0,"gold_loss":85.0,"damage_taken":0.0,"relics_obtained":["Strawberry"]},{"damage_healed":0.0,"max_hp_gain":0.0,"max_hp_loss":0.0,"gold_gain":0.0,"event_name":"Vampires","player_choice":"Ignored","floor":21.0,"gold_loss":0.0,"damage_taken":0.0}],"is_beta":false,"boss_relics":[{"not_picked":["Runic Pyramid","Runic Dome"],"picked":"Philosopher\u0027s Stone"}],"items_purged_floors":[],"is_endless":false,"potions_floor_spawned":[7,10,16,19],"killed_by":"Book of Stabbing","ascension_level":3}}