{"host":"jpzdg3po3tjxdjri","time":1610893078,"event":{"mods":["BaseMod","Better Third Choice","Colored Map","Colored Powertips","Minty Spire (QoL Compilation)","StSLib"],"gold_per_floor":[363,381,25,35,35,68,68,103,103,118,118,133,148,177,177,276,276,286,313,313,27,44,75,75,107,107,107,32,63,63,13,13,13,13],"floor_reached":33,"language":"ENG","playtime":1326,"items_purged":["Strike_R","Strike_R"],"score":337,"play_id":"c3c1a362-001c-484f-a7d6-e20449934c7c","local_time":"20210117141758","is_ascension_mode":true,"campfire_choices":[{"data":"Rampage","floor":7,"key":"SMITH"},{"floor":11,"key":"RECALL"},{"floor":15,"key":"REST"},{"floor":24,"key":"REST"},{"data":"Strike_R","floor":27,"key":"PURGE"},{"floor":32,"key":"REST"}],"circlet_count":0,"master_deck":["Strike_R","Defend_R","Defend_R","Defend_R","Defend_R","Bash","Carnage","Rampage+1","Iron Wave","Warcry","Headbutt","Uppercut","Demon Form","True Grit","Cleave","Seeing Red","Fiend Fire","Dark Embrace+1","Inflame","Feel No Pain","Headbutt","Rampage+1","Flex+1","Heavy Blade","Evolve+1"],"relics":["Burning Blood","Dead Branch","Bottled Lightning","Bottled Flame","Shuriken","Ice Cream","Mark of Pain","Red Mask","Membership Card","Boot","Peace Pipe","MealTicket","Dream Catcher","Enchiridion"],"acts_visited":["Exordium","TheCity"],"potions_floor_usage":[6,6,12,14,16,23,29],"damage_taken":[{"damage":3,"enemies":"2 Louse","floor":1,"turns":3},{"damage":3,"enemies":"Jaw Worm","floor":2,"turns":4},{"damage":0,"enemies":"Small Slimes","floor":4,"turns":3},{"damage":40,"enemies":"3 Sentries","floor":6,"turns":9},{"damage":16,"enemies":"Gremlin Nob","floor":8,"turns":3},{"damage":14,"enemies":"Blue Slaver","floor":10,"turns":3},{"damage":18,"enemies":"Lots of Slimes","floor":12,"turns":4},{"damage":16,"enemies":"Large Slime","floor":13,"turns":4},{"damage":31,"enemies":"Lagavulin","floor":14,"turns":5},{"damage":41,"enemies":"The Guardian","floor":16,"turns":8},{"damage":18,"enemies":"2 Thieves","floor":18,"turns":4},{"damage":19,"enemies":"Masked Bandits","floor":19,"turns":5},{"damage":12,"enemies":"Shell Parasite","floor":22,"turns":3},{"damage":38,"enemies":"Book of Stabbing","floor":23,"turns":7},{"damage":11,"enemies":"Gremlin Leader","floor":25,"turns":7},{"damage":20,"enemies":"Book of Stabbing","floor":29,"turns":4},{"damage":66,"enemies":"Automaton","floor":33,"turns":6}],"seed_played":"-6263594783599785145","potions_obtained":[{"floor":1,"key":"BloodPotion"},{"floor":6,"key":"BloodPotion"},{"floor":10,"key":"Regen Potion"},{"floor":13,"key":"PowerPotion"},{"floor":14,"key":"Energy Potion"},{"floor":19,"key":"Dexterity Potion"},{"floor":25,"key":"PowerPotion"}],"is_trial":false,"path_per_floor":["M","M","$","M","?","E","R","E","T","M","R","M","M","E","R","B",null,"M","?","?","$","M","E","R","E","T","R","?","E","?","$","R","B"],"character_chosen":"IRONCLAD","items_purchased":["Dead Branch","Iron Wave","Membership Card","Feel No Pain","Boot"],"campfire_rested":3,"item_purchase_floors":[3,3,21,21,21],"current_hp_per_floor":[59,62,62,68,73,73,73,63,63,55,55,55,45,20,45,10,85,73,60,60,60,54,22,47,42,42,42,42,28,12,27,52,0,0],"gold":13,"neow_bonus":"TWO_FIFTY_GOLD","is_daily":false,"chose_seed":false,"campfire_upgraded":1,"win_rate":0.0,"timestamp":1610893078,"path_taken":["M","M","$","M","?","E","R","E","T","M","R","M","M","E","R","BOSS","M","?","?","$","M","E","R","E","T","R","?","E","?","$","R","BOSS"],"items_purchased_type":["Relic","Card","Relic","Card","Relic"],"build_version":"2020-12-22","purchased_purges":2,"victory":false,"max_hp_per_floor":[80,80,80,80,85,85,85,85,85,85,85,85,85,85,85,85,85,85,85,85,85,85,85,85,85,85,85,85,85,85,85,85,85,85],"card_choices":[{"not_picked":["Disarm","Sword Boomerang"],"picked":"Carnage","floor":1},{"not_picked":["Pommel Strike","Sword Boomerang"],"picked":"Rampage","floor":2},{"not_picked":["Havoc","Body Slam"],"picked":"Warcry","floor":4},{"not_picked":["Iron Wave","Immolate"],"picked":"Headbutt","floor":6},{"not_picked":["Wild Strike","Warcry"],"picked":"Uppercut","floor":8},{"not_picked":["Sword Boomerang","Shrug It Off"],"picked":"Demon Form","floor":10},{"not_picked":["Havoc","Wild Strike"],"picked":"True Grit","floor":12},{"not_picked":["Pommel Strike","Armaments"],"picked":"Cleave","floor":13},{"not_picked":["Uppercut","Spot Weakness"],"picked":"Seeing Red","floor":14},{"not_picked":["Bludgeon","Brutality"],"picked":"Fiend Fire","floor":16},{"not_picked":["Reckless Charge+1","Battle Trance"],"picked":"Dark Embrace+1","floor":18},{"not_picked":["Body Slam","Anger+1"],"picked":"Inflame","floor":19},{"not_picked":["Spot Weakness","Blood for Blood"],"picked":"Headbutt","floor":22},{"not_picked":["Pommel Strike","Anger+1"],"picked":"Rampage+1","floor":23},{"not_picked":["Shockwave","Bludgeon"],"picked":"Flex+1","floor":25},{"not_picked":["Clothesline","Feed"],"picked":"Heavy Blade","floor":29},{"not_picked":["Wild Strike","Dark Embrace+1"],"picked":"Evolve+1","floor":32}],"player_experience":838487,"relics_obtained":[{"floor":6,"key":"Bottled Lightning"},{"floor":8,"key":"Bottled Flame"},{"floor":9,"key":"Shuriken"},{"floor":14,"key":"Ice Cream"},{"floor":19,"key":"Red Mask"},{"floor":23,"key":"Peace Pipe"},{"floor":25,"key":"MealTicket"},{"floor":29,"key":"Dream Catcher"},{"floor":30,"key":"Enchiridion"}],"event_choices":[{"damage_healed":0,"gold_gain":0,"player_choice":"Donut","damage_taken":0,"max_hp_gain":5,"max_hp_loss":0,"event_name":"Big Fish","floor":5,"gold_loss":0},{"damage_healed":0,"gold_gain":0,"player_choice":"Fought Bandits","damage_taken":0,"max_hp_gain":0,"max_hp_loss":0,"event_name":"Masked Bandits","floor":19,"gold_loss":0},{"damage_healed":0,"gold_gain":0,"player_choice":"Ignored","damage_taken":0,"max_hp_gain":0,"max_hp_loss":0,"event_name":"Vampires","floor":20,"gold_loss":0},{"cards_removed":["Strike_R"],"damage_healed":0,"gold_gain":0,"player_choice":"Gave Gold","damage_taken":0,"max_hp_gain":0,"max_hp_loss":0,"event_name":"Beggar","floor":28,"gold_loss":75},{"damage_healed":0,"gold_gain":0,"player_choice":"Obtained Book","damage_taken":16,"max_hp_gain":0,"max_hp_loss":0,"event_name":"Cursed Tome","floor":30,"gold_loss":0}],"is_beta":false,"boss_relics":[{"not_picked":["Runic Pyramid","Calling Bell"],"picked":"Mark of Pain"}],"items_purged_floors":[21,31],"is_endless":false,"potions_floor_spawned":[1,6,10,13,14,19,25],"killed_by":"Automaton","ascension_level":1}}