{"host":"d9m9v0h6vo0edadb","time":1610884656,"event":{"mods":["BaseMod","Hermit","Keyboard Shortcuts","Minty Spire (QoL Compilation)","StSLib","SuperFastMode","The Cursed"],"gold_per_floor":[111,111,130,144,69,69,88,103,126,158,208,221,233,158,158,158,158],"floor_reached":16,"language":"KOR","playtime":2518,"items_purged":["Strike_G"],"score":208,"play_id":"8bc402fe-e582-4fa3-8f83-1d744f33ce3f","local_time":"20210117205736","is_ascension_mode":true,"campfire_choices":[{"data":"Cloak And Dagger","floor":6,"key":"SMITH"},{"floor":15,"key":"REST"}],"circlet_count":0,"master_deck":["AscendersBane","Strike_G","Strike_G","Defend_G","Defend_G","Defend_G","Defend_G","Defend_G","Survivor","Neutralize","Cloak And Dagger+1","Dagger Throw","Dagger Throw","Well Laid Plans","Blade Dance","Blade Dance"],"relics":["Ring of the Snake","Art of War","Centennial Puzzle","Lantern"],"acts_visited":["Exordium"],"potions_floor_usage":[10,13,16],"damage_taken":[{"damage":0,"enemies":"2 Louse","floor":1,"turns":3},{"damage":0,"enemies":"Jaw Worm","floor":3,"turns":6},{"damage":0,"enemies":"Small Slimes","floor":4,"turns":4},{"damage":2,"enemies":"Red Slaver","floor":7,"turns":4},{"damage":10,"enemies":"Exordium Wildlife","floor":8,"turns":6},{"damage":17,"enemies":"Lagavulin","floor":10,"turns":8},{"damage":10,"enemies":"Large Slime","floor":12,"turns":4},{"damage":4,"enemies":"Red Slaver","floor":13,"turns":2},{"damage":37,"enemies":"Slime Boss","floor":16,"turns":8}],"seed_played":"-5263566297278088638","potions_obtained":[{"floor":3,"key":"Energy Potion"},{"floor":4,"key":"Poison Potion"},{"floor":10,"key":"Regen Potion"}],"is_trial":false,"path_per_floor":["M","?","M","M","?","R","M","M","T","E","T","M","M","$","R","B"],"character_chosen":"THE_SILENT","items_purchased":[],"campfire_rested":1,"item_purchase_floors":[],"current_hp_per_floor":[59,59,59,59,59,59,57,47,47,30,30,20,16,16,35,0,0],"gold":158,"neow_bonus":"REMOVE_CARD","is_daily":false,"chose_seed":false,"campfire_upgraded":1,"win_rate":0.0,"timestamp":1610884656,"path_taken":["M","?","M","M","?","R","M","M","T","E","?","M","?","$","R","BOSS"],"items_purchased_type":[],"build_version":"2020-12-22","purchased_purges":1,"victory":false,"max_hp_per_floor":[66,66,66,66,66,66,66,66,66,66,66,66,66,66,66,66,66],"card_choices":[{"not_picked":["Dagger Spray","Setup"],"picked":"Cloak And Dagger","floor":1},{"not_picked":["Deadly Poison","Poisoned Stab"],"picked":"Dagger Throw","floor":3},{"not_picked":["Bane","Quick Slash"],"picked":"Dagger Throw","floor":4},{"not_picked":["Leg Sweep","Endless Agony"],"picked":"Well Laid Plans","floor":7},{"not_picked":["Dagger Spray","Flying Knee","Deflect"],"picked":"SKIP","floor":8},{"not_picked":["Die Die Die","Bullet Time"],"picked":"Blade Dance","floor":10},{"not_picked":["Dagger Spray","Flying Knee"],"picked":"Blade Dance","floor":12},{"not_picked":["Quick Slash","Outmaneuver","Prepared"],"picked":"SKIP","floor":13}],"player_experience":973133,"relics_obtained":[{"floor":9,"key":"Art of War"},{"floor":10,"key":"Centennial Puzzle"},{"floor":11,"key":"Lantern"}],"event_choices":[{"damage_healed":0,"gold_gain":0,"player_choice":"Ignored","damage_taken":0,"max_hp_gain":0,"max_hp_loss":0,"event_name":"Liars Game","floor":2,"gold_loss":0},{"cards_removed":["Strike_G"],"damage_healed":0,"gold_gain":0,"player_choice":"Card Removal","damage_taken":0,"max_hp_gain":0,"max_hp_loss":0,"event_name":"The Cleric","floor":5,"gold_loss":75}],"is_beta":false,"boss_relics":[],"items_purged_floors":[14],"is_endless":false,"potions_floor_spawned":[3,4,10],"killed_by":"Slime Boss","ascension_level":20}}