{"host":"v16t4fbv9yk4gg06","time":1610844947,"event":{"mods":["BaseMod","Bestiary","Dark Map","Fox Events","Minty Spire (QoL Compilation)","Robot Space Explorer","Spicy Shops","StSLib"],"gold_per_floor":[118,118,118,68,2,27,27,27,27,38,38,73,83,118,118,220,220,235,235,249,25,25,51,70,104,104,119,131,131,144,155,155,255,255,265,265,278,278,51,83,33,33,33,52,52,67,82,95,95,95],"floor_reached":51,"language":"ENG","playtime":2547,"items_purged":["Regret","Shame"],"score":761,"play_id":"5bb3bcfb-e690-468c-a306-b7247fad97a1","local_time":"20210117015547","is_ascension_mode":false,"campfire_choices":[{"data":"RobotSpaceExplorer:StarLightning","floor":8,"key":"SMITH"},{"floor":15,"key":"REST"},{"floor":29,"key":"REST"},{"data":"RobotSpaceExplorer:PowerGlove","floor":32,"key":"SMITH"},{"data":"RobotSpaceExplorer:PlasmaMissile","floor":42,"key":"SMITH"},{"data":"RobotSpaceExplorer:Comet","floor":49,"key":"SMITH"}],"circlet_count":0,"master_deck":["RobotSpaceExplorer:Defend","RobotSpaceExplorer:Defend","RobotSpaceExplorer:Scan+1","RobotSpaceExplorer:MiniLasers+1","RobotSpaceExplorer:Pulsar","RobotSpaceExplorer:StarLightning+1","RobotSpaceExplorer:Pulsar","RobotSpaceExplorer:DualCore","RobotSpaceExplorer:MiniDrones","RobotSpaceExplorer:StunGrenade","RobotSpaceExplorer:Comet+1","Bite","Bite","Bite","Bite+1","Bite","RobotSpaceExplorer:PowerGlove+1","RobotSpaceExplorer:MiniBoosters","RobotSpaceExplorer:TrailblazerForm","RobotSpaceExplorer:DualCore","RobotSpaceExplorer:PlasmaMissile+1","Writhe","RobotSpaceExplorer:Pulsar+1"],"relics":["Cursed Key","Mummified Hand","Ornamental Fan","PreservedInsect","Shuriken","Meat on the Bone","War Paint","Busted Crown","Membership Card","Bag of Marbles","RobotSpaceExplorer:RingOfTheNewt","Unceasing Top","Question Card","Philosopher\u0027s Stone","Whetstone","Strawberry","Torii","Toxic Egg 2","Spirit Poop"],"acts_visited":["Exordium","TheCity","TheBeyond"],"potions_floor_usage":[23,50],"damage_taken":[{"damage":0.0,"enemies":"Small Slimes","floor":1.0,"turns":3.0},{"damage":16,"enemies":"Lagavulin","floor":6,"turns":6},{"damage":0,"enemies":"Jaw Worm","floor":10,"turns":3},{"damage":18,"enemies":"Gremlin Nob","floor":12,"turns":4},{"damage":3,"enemies":"2 Louse","floor":13,"turns":3},{"damage":9,"enemies":"Lagavulin","floor":14,"turns":5},{"damage":19,"enemies":"The Guardian","floor":16,"turns":11},{"damage":24,"enemies":"3 Byrds","floor":18,"turns":5},{"damage":23,"enemies":"Chosen","floor":20,"turns":5},{"damage":15,"enemies":"Book of Stabbing","floor":23,"turns":5},{"damage":7,"enemies":"Shelled Parasite and Fungi","floor":24,"turns":5},{"damage":46,"enemies":"Gremlin Leader","floor":25,"turns":5},{"damage":26,"enemies":"3 Cultists","floor":27,"turns":6},{"damage":10,"enemies":"Cultist and Chosen","floor":28,"turns":7},{"damage":6,"enemies":"Shelled Parasite and Fungi","floor":30,"turns":6},{"damage":9,"enemies":"Snecko","floor":31,"turns":4},{"damage":68,"enemies":"Automaton","floor":33,"turns":10},{"damage":28,"enemies":"3 Shapes","floor":35,"turns":3},{"damage":6,"enemies":"3 Darklings","floor":37,"turns":5},{"damage":3,"enemies":"Nemesis","floor":40,"turns":5},{"damage":0,"enemies":"Spire Growth","floor":44,"turns":5},{"damage":0,"enemies":"Transient","floor":46,"turns":5},{"damage":14,"enemies":"Writhing Mass","floor":47,"turns":6},{"damage":2,"enemies":"Sphere and 2 Shapes","floor":48,"turns":4},{"damage":52,"enemies":"Donu and Deca","floor":50,"turns":10}],"seed_played":"8128822099303882348","potions_obtained":[{"floor":1.0,"key":"BlessingOfTheForge"},{"floor":12,"key":"RobotSpaceExplorer:RecyclePotion"},{"floor":16,"key":"BlessingOfTheForge"},{"floor":27,"key":"EntropicBrew"}],"is_trial":false,"path_per_floor":["M","?","$","?","$","E","T","R","T","M","?","E","M","E","R","B",null,"M","?","M","$","?","E","M","E","T","M","M","R","M","M","R","B",null,"M","?","M","?","$","E","$","R","T","M","?","M","M","M","R","B",null],"character_chosen":"RobotSpaceExplorer","items_purchased":["RobotSpaceExplorer:StarLightning","RobotSpaceExplorer:Pulsar","Membership Card","Bag of Marbles","Whetstone","RobotSpaceExplorer:DualCore","Strawberry"],"campfire_rested":2,"item_purchase_floors":[5,5,21,21,39,39,39],"current_hp_per_floor":[75,60,60,60,60,44,44,44,44,44,44,26,35,38,60,41,75,51,51,40,40,40,40,47,25,25,23,33,48,50,49,49,22,52,28,28,36,36,43,55,55,55,55,59,59,59,59,59,59,36],"gold":95,"neow_bonus":"BOSS_RELIC","is_daily":false,"chose_seed":false,"campfire_upgraded":4,"win_rate":0.0,"timestamp":1610844947,"path_taken":["M","?","?","?","$","E","?","R","T","M","?","E","?","E","R","BOSS","M","?","M","$","?","E","?","E","T","?","M","R","M","M","R","BOSS","M","?","M","?","$","E","$","R","T","M","?","M","M","M","R","BOSS"],"items_purchased_type":["Card","Card","Relic","Relic","Relic","Card","Relic"],"build_version":"2020-12-22","purchased_purges":2,"victory":true,"max_hp_per_floor":[75,75,75,75,75,75,75,75,75,75,75,75,75,75,75,75,75,75,75,75,75,52,52,52,52,52,52,52,52,52,52,52,52,52,52,52,52,52,59,59,59,59,59,59,59,59,59,59,59,59],"card_choices":[{"not_picked":["RobotSpaceExplorer:ShovelStrike","RobotSpaceExplorer:SlimeMissile"],"picked":"RobotSpaceExplorer:Pulsar","floor":1.0},{"not_picked":["RobotSpaceExplorer:SwiftStep","RobotSpaceExplorer:Probe","RobotSpaceExplorer:FrostMissile"],"picked":"SKIP","floor":6},{"not_picked":["RobotSpaceExplorer:ShockKick","RobotSpaceExplorer:FranticSearch"],"picked":"RobotSpaceExplorer:DualCore","floor":10},{"not_picked":["RobotSpaceExplorer:Blitz","RobotSpaceExplorer:FrostMissile"],"picked":"RobotSpaceExplorer:MiniDrones","floor":12},{"not_picked":["RobotSpaceExplorer:Electropulse","RobotSpaceExplorer:Pulsar"],"picked":"RobotSpaceExplorer:StunGrenade","floor":13},{"not_picked":["RobotSpaceExplorer:ScrapShield","RobotSpaceExplorer:FreezingShield","RobotSpaceExplorer:Counterblock"],"picked":"SKIP","floor":14},{"not_picked":["RobotSpaceExplorer:BlastShield","RobotSpaceExplorer:Blaster"],"picked":"RobotSpaceExplorer:Comet","floor":16},{"not_picked":["RobotSpaceExplorer:FrostMissile"],"picked":"SKIP","floor":18},{"not_picked":["RobotSpaceExplorer:Probe+1"],"picked":"SKIP","floor":20},{"not_picked":["RobotSpaceExplorer:ShockKick"],"picked":"SKIP","floor":23},{"not_picked":["RobotSpaceExplorer:SurgingShield+1"],"picked":"SKIP","floor":24},{"not_picked":[],"picked":"RobotSpaceExplorer:Wormhole","floor":25},{"not_picked":["RobotSpaceExplorer:RigExplosive","RobotSpaceExplorer:Probe+1"],"picked":"SKIP","floor":27},{"not_picked":["RobotSpaceExplorer:Ammunition"],"picked":"RobotSpaceExplorer:PowerGlove","floor":28},{"not_picked":["RobotSpaceExplorer:MetalStrike"],"picked":"RobotSpaceExplorer:MiniBoosters","floor":30},{"not_picked":["RobotSpaceExplorer:RigExplosive","RobotSpaceExplorer:SelfCleaning+1"],"picked":"SKIP","floor":31},{"not_picked":["RobotSpaceExplorer:ChargingLaser"],"picked":"RobotSpaceExplorer:TrailblazerForm","floor":33},{"not_picked":["RobotSpaceExplorer:TurboDodge+1","RobotSpaceExplorer:SurgingStrike+1"],"picked":"SKIP","floor":35},{"not_picked":["RobotSpaceExplorer:GlueShot","RobotSpaceExplorer:StunGrenade"],"picked":"SKIP","floor":37},{"not_picked":["RobotSpaceExplorer:IronShell+1"],"picked":"RobotSpaceExplorer:PlasmaMissile","floor":40},{"not_picked":["RobotSpaceExplorer:ExhaustFan","RobotSpaceExplorer:ImprovisedAttack+1"],"picked":"SKIP","floor":44},{"not_picked":["RobotSpaceExplorer:MiniDrones","RobotSpaceExplorer:Smokescreen+1"],"picked":"SKIP","floor":46},{"not_picked":["RobotSpaceExplorer:ScrapMissile","RobotSpaceExplorer:Ammunition+1"],"picked":"SKIP","floor":47},{"not_picked":["RobotSpaceExplorer:BigMissile+1"],"picked":"RobotSpaceExplorer:Pulsar+1","floor":48}],"player_experience":281132,"relics_obtained":[{"floor":6,"key":"Mummified Hand"},{"floor":7,"key":"Ornamental Fan"},{"floor":9,"key":"PreservedInsect"},{"floor":12,"key":"Meat on the Bone"},{"floor":14,"key":"War Paint"},{"floor":23,"key":"RobotSpaceExplorer:RingOfTheNewt"},{"floor":25,"key":"Unceasing Top"},{"floor":26,"key":"Question Card"},{"floor":40,"key":"Torii"},{"floor":43,"key":"Toxic Egg 2"}],"event_choices":[{"damage_healed":0.0,"max_hp_gain":0.0,"max_hp_loss":0.0,"gold_gain":0.0,"event_name":"Shining Light","player_choice":"Entered Light","floor":2.0,"gold_loss":0.0,"damage_taken":15.0,"cards_upgraded":["RobotSpaceExplorer:Strike","RobotSpaceExplorer:Strike"]},{"cards_removed":["RobotSpaceExplorer:Defend"],"damage_healed":0,"gold_gain":0,"player_choice":"Card Removal","damage_taken":0,"max_hp_gain":0,"max_hp_loss":0,"event_name":"The Cleric","floor":4,"gold_loss":50},{"damage_healed":0,"gold_gain":0,"player_choice":"Box","damage_taken":0,"relics_obtained":["Shuriken"],"max_hp_gain":0,"max_hp_loss":0,"event_name":"Big Fish","floor":11,"gold_loss":0,"cards_obtained":["Regret"]},{"damage_healed":0,"gold_gain":0,"player_choice":"Became a vampire","damage_taken":0,"max_hp_gain":0,"max_hp_loss":23,"event_name":"Vampires","floor":22,"gold_loss":0,"cards_obtained":["Bite","Bite","Bite","Bite","Bite"]},{"cards_removed":["RobotSpaceExplorer:Defend"],"damage_healed":0,"gold_gain":0,"player_choice":"Removed Skill","damage_taken":0,"max_hp_gain":0,"max_hp_loss":0,"event_name":"Falling","floor":36,"gold_loss":0},{"damage_healed":0,"gold_gain":0,"player_choice":"Memory 1","damage_taken":0,"max_hp_gain":0,"max_hp_loss":0,"event_name":"SensoryStone","floor":38,"gold_loss":0},{"cards_removed":["Clumsy"],"damage_healed":0,"gold_gain":0,"player_choice":"Offered Curse","damage_taken":0,"relics_obtained":["Spirit Poop"],"max_hp_gain":0,"max_hp_loss":0,"event_name":"Bonfire Elementals","floor":45,"gold_loss":0}],"is_beta":false,"boss_relics":[{"not_picked":["Tiny House","SlaversCollar"],"picked":"Busted Crown"},{"not_picked":["Velvet Choker","RobotSpaceExplorer:SearchSpecs"],"picked":"Philosopher\u0027s Stone"}],"items_purged_floors":[39,41],"is_endless":false,"potions_floor_spawned":[1,12,16,18,24,27,31,40,44,48],"ascension_level":0}}