{"host":"v5j5rnxu2olnd6jo","time":1610859883,"event":{"mods":["BaseMod","Custom Start","DeckTracker","Keyboard Shortcuts","Minty Spire (QoL Compilation)","Permanent Neow","Quick Restart","StSLib","SuperFastMode"],"gold_per_floor":[210,230,248,7,18,45,45,55,137,167,187,200,200,210,210,286,286,298,97,97,97,111,438,452,452,500,415,415,432,432,448,448,525,525,536,536,556,576,242,242,242,242,242,242,242,78,104,104,104,104,104,104,104,121,27,57,57,57],"floor_reached":57,"language":"KOR","playtime":3123,"items_purged":["Strike_B","Strike_B+1"],"score":2483,"play_id":"5bf3aed8-715a-4f51-bba6-cda035cbb212","local_time":"20210117140443","is_ascension_mode":true,"campfire_choices":[{"data":"Barrage","floor":7.0,"key":"SMITH"},{"floor":13.0,"key":"REST"},{"data":"Defragment","floor":15.0,"key":"SMITH"},{"data":"Dualcast","floor":25.0,"key":"SMITH"},{"data":"Coolheaded","floor":28.0,"key":"SMITH"},{"data":"Streamline","floor":32.0,"key":"SMITH"},{"data":"Hologram","floor":40.0,"key":"SMITH"},{"floor":44.0,"key":"RECALL"},{"data":"Trip","floor":49.0,"key":"SMITH"}],"circlet_count":0,"master_deck":["AscendersBane","Strike_B+1","Strike_B+1","Defend_B+1","Defend_B+1","Defend_B+1","Defend_B+1","Zap","Dualcast+1","Ball Lightning","Go for the Eyes+1","Barrage+1","Coolheaded+1","Undo","Rebound","Self Repair","Defragment+1","Turbo","Biased Cognition","Barrage","Compile Driver","Streamline+1","Core Surge","Loop","Doom and Gloom","Secret Weapon","Trip+1","Blind","Hologram+1","Hologram+1","Master of Strategy"],"relics":["FrozenCore","Membership Card","DataDisk","Bag of Marbles","Kunai","Odd Mushroom","Bird Faced Urn","Old Coin","MealTicket","Sozu","Runic Capacitor","Incense Burner","Ornamental Fan","Cables","Akabeko","Nunchaku"],"acts_visited":["Exordium","TheCity","TheBeyond","TheEnding"],"potions_floor_usage":[],"damage_taken":[{"damage":0.0,"enemies":"2 Louse","floor":1.0,"turns":3.0},{"damage":5.0,"enemies":"Small Slimes","floor":2.0,"turns":3.0},{"damage":2.0,"enemies":"Jaw Worm","floor":3.0,"turns":3.0},{"damage":7.0,"enemies":"Looter","floor":5.0,"turns":4.0},{"damage":19.0,"enemies":"3 Sentries","floor":6.0,"turns":6.0},{"damage":0.0,"enemies":"Large Slime","floor":8.0,"turns":4.0},{"damage":9.0,"enemies":"The Mushroom Lair","floor":10.0,"turns":4.0},{"damage":1.0,"enemies":"Lots of Slimes","floor":11.0,"turns":3.0},{"damage":11.0,"enemies":"Exordium Wildlife","floor":12.0,"turns":5.0},{"damage":0.0,"enemies":"Looter","floor":14.0,"turns":3.0},{"damage":5.0,"enemies":"Slime Boss","floor":16.0,"turns":8.0},{"damage":0.0,"enemies":"Chosen","floor":18.0,"turns":5.0},{"damage":6.0,"enemies":"3 Byrds","floor":22.0,"turns":6.0},{"damage":17.0,"enemies":"Book of Stabbing","floor":23.0,"turns":7.0},{"damage":22.0,"enemies":"Snake Plant","floor":24.0,"turns":5.0},{"damage":0.0,"enemies":"3 Cultists","floor":29.0,"turns":7.0},{"damage":0.0,"enemies":"Snecko","floor":31.0,"turns":6.0},{"damage":60.0,"enemies":"Champ","floor":33.0,"turns":14.0},{"damage":5.0,"enemies":"3 Shapes","floor":35.0,"turns":6.0},{"damage":16.0,"enemies":"3 Darklings","floor":37.0,"turns":6.0},{"damage":48.0,"enemies":"Jaw Worm Horde","floor":38.0,"turns":6.0},{"damage":0.0,"enemies":"Giant Head","floor":47.0,"turns":9.0},{"damage":19.0,"enemies":"Donu and Deca","floor":50.0,"turns":13.0},{"damage":20.0,"enemies":"Time Eater","floor":51.0,"turns":16.0},{"damage":0.0,"enemies":"Time Eater","floor":54.0,"turns":1.0},{"damage":72.0,"enemies":"Shield and Spear","floor":56.0,"turns":17.0},{"damage":19,"enemies":"The Heart","floor":57,"turns":2}],"seed_played":"3676076875269976345","potions_obtained":[{"floor":2.0,"key":"PotionOfCapacity"},{"floor":3.0,"key":"Fire Potion"},{"floor":10.0,"key":"EssenceOfDarkness"},{"floor":12.0,"key":"Strength Potion"},{"floor":18.0,"key":"BlessingOfTheForge"},{"floor":22.0,"key":"DuplicationPotion"},{"floor":29.0,"key":"Explosive Potion"},{"floor":33.0,"key":"Energy Potion"}],"is_trial":false,"path_per_floor":["M","M","M","$","M","E","R","M","T","?","M","M","R","M","R","B",null,"M","$","?","?","M","E","M","R","T","?","R","M","?","M","R","B",null,"M","?","M","M","$","R","?","?","T","R","?","$","E","?","R","B","B",null,"R","M","$","E","B"],"character_chosen":"DEFECT","items_purchased":["Membership Card","DataDisk","Bird Faced Urn","Runic Capacitor","Incense Burner","Loop","Cables","Hologram","Master of Strategy"],"campfire_rested":1,"item_purchase_floors":[4,4,19,39,39,39,46,46,55],"current_hp_per_floor":[64,59,57,57,50,31,31,31,31,22,21,17,38,45,45,47,65,71,71,71,71,67,64,55,55,55,55,55,68,68,71,71,24,59,65,65,60,25,40,40,40,40,40,40,40,55,67,57,57,53,48,62,62,62,67,10,0,0],"gold":57,"neow_bonus":"HUNDRED_GOLD","is_daily":false,"chose_seed":false,"campfire_upgraded":7,"win_rate":0.0,"timestamp":1610859883,"path_taken":["M","M","M","$","M","E","R","M","T","?","M","M","R","M","R","BOSS","M","$","?","?","M","E","M","R","T","?","R","M","?","?","R","BOSS","M","?","M","M","$","R","?","?","T","R","?","$","E","?","R","BOSS","BOSS","R","$","E","BOSS"],"items_purchased_type":["Relic","Relic","Relic","Relic","Relic","Card","Relic","Card","Card"],"build_version":"2020-12-22","purchased_purges":2,"victory":false,"max_hp_per_floor":[71,71,71,71,71,71,71,71,71,71,71,71,71,71,71,71,71,71,71,71,71,71,71,71,71,71,71,71,71,71,71,71,71,71,71,67,67,67,67,67,67,67,67,67,67,67,67,67,67,67,67,67,67,67,67,67,67,67],"card_choices":[{"not_picked":["Turbo","Steam Power"],"picked":"Ball Lightning","floor":1.0},{"not_picked":["Leap","Steam"],"picked":"Go for the Eyes","floor":2.0},{"not_picked":["Blizzard","Reprogram"],"picked":"Barrage","floor":3.0},{"not_picked":["Go for the Eyes","Blizzard"],"picked":"Coolheaded","floor":5.0},{"not_picked":["Genetic Algorithm","Echo Form","Redo"],"picked":"SKIP","floor":6.0},{"not_picked":["Genetic Algorithm","Echo Form","Redo"],"picked":"SKIP","floor":6.0},{"not_picked":["Chill","Compile Driver"],"picked":"Undo","floor":8.0},{"not_picked":["Streamline","Leap"],"picked":"Rebound","floor":10.0},{"not_picked":["Stack","Reprogram"],"picked":"Self Repair","floor":11.0},{"not_picked":["BootSequence","Hyperbeam"],"picked":"Defragment","floor":12.0},{"not_picked":["Compile Driver","Recycle"],"picked":"Turbo","floor":14.0},{"not_picked":["Amplify","Meteor Strike"],"picked":"Biased Cognition","floor":16.0},{"not_picked":["Beam Cell","Gash+1","Redo"],"picked":"SKIP","floor":18.0},{"not_picked":["Cold Snap","Lockon","Leap"],"picked":"SKIP","floor":22.0},{"not_picked":["Lockon","Self Repair"],"picked":"Barrage","floor":23.0},{"not_picked":["Steam","Redo","Leap"],"picked":"SKIP","floor":24.0},{"not_picked":["Buffer","Redo+1"],"picked":"Compile Driver","floor":29.0},{"not_picked":["Steam","Go for the Eyes"],"picked":"Streamline","floor":31.0},{"not_picked":["Thunder Strike","Biased Cognition"],"picked":"Core Surge","floor":33.0},{"not_picked":["Doom and Gloom","Gash","Redo"],"picked":"SKIP","floor":35.0},{"not_picked":["Gash","Reinforced Body"],"picked":"Stack","floor":37.0},{"not_picked":["Rebound","Steam"],"picked":"Hologram","floor":38.0},{"not_picked":["Fusion","Tempest"],"picked":"Doom and Gloom","floor":47.0},{"not_picked":["Violence","Impatience"],"picked":"Secret Weapon","floor":48.0},{"not_picked":["Secret Weapon","Panacea"],"picked":"Trip","floor":48.0},{"not_picked":["Flash of Steel","Panacea"],"picked":"Blind","floor":48.0},{"not_picked":["Streamline+1","Compile Driver","Barrage"],"picked":"SKIP","floor":54.0},{"not_picked":["Streamline+1","Compile Driver","Barrage"],"picked":"SKIP","floor":54.0},{"not_picked":["Streamline+1","Compile Driver","Barrage"],"picked":"SKIP","floor":54.0},{"not_picked":["Steam","Fusion+1","Core Surge"],"picked":"SKIP","floor":56.0}],"player_experience":884992,"relics_obtained":[{"floor":6.0,"key":"Bag of Marbles"},{"floor":9.0,"key":"Kunai"},{"floor":10.0,"key":"Odd Mushroom"},{"floor":23.0,"key":"Old Coin"},{"floor":43.0,"key":"Ornamental Fan"},{"floor":47.0,"key":"Akabeko"},{"floor":56.0,"key":"Nunchaku"}],"event_choices":[{"damage_healed":0.0,"max_hp_gain":0.0,"max_hp_loss":0.0,"gold_gain":0.0,"event_name":"Mushrooms","player_choice":"Fought Mushrooms","floor":10.0,"gold_loss":0.0,"damage_taken":0.0},{"damage_healed":0.0,"max_hp_gain":0.0,"max_hp_loss":0.0,"gold_gain":0.0,"event_name":"Back to Basics","player_choice":"Simplicity","floor":20.0,"gold_loss":0.0,"damage_taken":0.0,"cards_upgraded":["Strike_B","Strike_B","Strike_B","Defend_B","Defend_B","Defend_B","Defend_B"]},{"damage_healed":0.0,"max_hp_gain":0.0,"max_hp_loss":0.0,"gold_gain":0.0,"event_name":"Cursed Tome","player_choice":"Ignored","floor":21.0,"gold_loss":0.0,"damage_taken":0.0},{"damage_healed":0.0,"max_hp_gain":0.0,"max_hp_loss":0.0,"gold_gain":0.0,"event_name":"Addict","player_choice":"Obtained Relic","floor":27.0,"gold_loss":85.0,"damage_taken":0.0,"relics_obtained":["MealTicket"]},{"damage_healed":0.0,"max_hp_gain":0.0,"max_hp_loss":0.0,"gold_gain":0.0,"event_name":"Accursed Blacksmith","player_choice":"Forge","floor":30.0,"gold_loss":0.0,"damage_taken":0.0,"cards_upgraded":["Go for the Eyes"]},{"damage_healed":0.0,"max_hp_gain":0.0,"max_hp_loss":4.0,"gold_gain":0.0,"event_name":"Winding Halls","player_choice":"Max HP","floor":36.0,"gold_loss":0.0,"damage_taken":0.0},{"cards_removed":["Stack"],"damage_healed":0.0,"max_hp_gain":0.0,"max_hp_loss":0.0,"gold_gain":0.0,"event_name":"Falling","player_choice":"Removed Skill","floor":41.0,"gold_loss":0.0,"damage_taken":0.0},{"damage_healed":0.0,"max_hp_gain":0.0,"max_hp_loss":0.0,"gold_gain":0.0,"event_name":"Mysterious Sphere","player_choice":"Ignored","floor":42.0,"gold_loss":0.0,"damage_taken":0.0},{"damage_healed":0.0,"max_hp_gain":0.0,"max_hp_loss":0.0,"gold_gain":0.0,"event_name":"Tomb of Lord Red Mask","player_choice":"Ignored","floor":45.0,"gold_loss":0.0,"damage_taken":0.0},{"damage_healed":0.0,"max_hp_gain":0.0,"max_hp_loss":0.0,"gold_gain":0.0,"event_name":"SensoryStone","player_choice":"Memory 3","floor":48.0,"gold_loss":0.0,"damage_taken":10.0}],"is_beta":false,"boss_relics":[{"not_picked":["Empty Cage","Runic Dome"],"picked":"FrozenCore"},{"not_picked":["SacredBark","Astrolabe"],"picked":"Sozu"}],"items_purged_floors":[19,39],"is_endless":false,"potions_floor_spawned":[2,3,10,12,18,22,29,33,38,56],"killed_by":"The Heart","ascension_level":20}}