{"host":"7l2t4psy44vpcd9q","time":1610871578,"event":{"mods":["AchievementEnabler","BaseMod","DeckTracker","Minty Spire (QoL Compilation)","SuperFastMode"],"gold_per_floor":[109,109,129,54,54,87,103,136,136,156,156,156,81,81,81,161,188,208,208,228,247,247,247,270,270,270],"floor_reached":25,"language":"KOR","playtime":844,"items_purged":["Strike_B"],"score":472,"play_id":"7195503e-2b5a-4ff2-83b9-d3c2b91cb128","local_time":"20210117171938","is_ascension_mode":true,"campfire_choices":[{"data":"Beam Cell","floor":11,"key":"SMITH"},{"floor":15,"key":"REST"},{"floor":23,"key":"REST"}],"circlet_count":0,"master_deck":["AscendersBane","Defend_B","Defend_B","Defend_B","Zap","Dualcast","Cold Snap","Doom and Gloom","Ball Lightning","Self Repair","Hologram","Beam Cell+1","Creative AI","Loop+1","Coolheaded+1","Sunder+1","Consume","Defragment","Capacitor","Go for the Eyes"],"relics":["Cracked Core","NeowsBlessing","Art of War","White Beast Statue","Nunchaku","CeramicFish","Astrolabe"],"acts_visited":["Exordium","TheCity"],"potions_floor_usage":[20,21,25,25],"damage_taken":[{"damage":0,"enemies":"Jaw Worm","floor":1,"turns":1},{"damage":0,"enemies":"2 Louse","floor":3,"turns":1},{"damage":0,"enemies":"Lagavulin","floor":6,"turns":1},{"damage":1,"enemies":"Small Slimes","floor":7,"turns":3},{"damage":34,"enemies":"3 Sentries","floor":8,"turns":7},{"damage":6,"enemies":"2 Fungi Beasts","floor":10,"turns":2},{"damage":22,"enemies":"The Guardian","floor":16,"turns":11},{"damage":31,"enemies":"Spheric Guardian","floor":18,"turns":7},{"damage":18,"enemies":"Shell Parasite","floor":20,"turns":6},{"damage":15,"enemies":"Centurion and Healer","floor":21,"turns":5},{"damage":21,"enemies":"Snecko","floor":24,"turns":6},{"damage":20,"enemies":"3 Cultists","floor":25,"turns":3}],"seed_played":"492810170071490920","potions_obtained":[{"floor":3,"key":"SpeedPotion"},{"floor":6,"key":"EssenceOfSteel"},{"floor":8,"key":"ColorlessPotion"},{"floor":10,"key":"SteroidPotion"},{"floor":20,"key":"BlessingOfTheForge"},{"floor":21,"key":"FearPotion"}],"is_trial":false,"path_per_floor":["M","?","M","?","$","E","M","E","T","M","R","?","$","?","R","B",null,"M","?","M","M","$","R","M","M"],"character_chosen":"DEFECT","items_purchased":[],"campfire_rested":2,"item_purchase_floors":[],"current_hp_per_floor":[64,64,64,64,64,64,63,36,36,30,30,30,30,30,51,36,62,38,32,21,13,13,34,20,0,0],"gold":270,"neow_bonus":"THREE_ENEMY_KILL","is_daily":false,"chose_seed":false,"campfire_upgraded":1,"win_rate":0.0,"timestamp":1610871578,"path_taken":["M","?","M","?","$","E","M","E","T","M","R","?","$","?","R","BOSS","M","?","M","?","$","R","M","M"],"items_purchased_type":[],"build_version":"2020-12-22","purchased_purges":1,"victory":false,"max_hp_per_floor":[71,71,71,71,71,71,71,71,71,71,71,71,71,71,71,71,71,71,71,71,71,71,71,71,71,71],"card_choices":[{"not_picked":["Heatsinks","Steam"],"picked":"Cold Snap","floor":1},{"not_picked":["Cold Snap","Static Discharge"],"picked":"Doom and Gloom","floor":3},{"not_picked":["Capacitor","Darkness"],"picked":"Ball Lightning","floor":6},{"not_picked":["Barrage","Undo"],"picked":"Self Repair","floor":7},{"not_picked":["Doom and Gloom","Scrape"],"picked":"Hologram","floor":8},{"not_picked":["Darkness","Stack"],"picked":"Beam Cell","floor":10},{"not_picked":["Reboot","Amplify"],"picked":"Creative AI","floor":16},{"not_picked":["Rebound","Beam Cell"],"picked":"Consume","floor":18},{"not_picked":["Tempest","Leap"],"picked":"Defragment","floor":20},{"not_picked":["Barrage","Rebound"],"picked":"Capacitor","floor":21},{"not_picked":["Redo","Streamline"],"picked":"Go for the Eyes","floor":24}],"player_experience":1242133,"relics_obtained":[{"floor":6,"key":"Art of War"},{"floor":8,"key":"White Beast Statue"},{"floor":9,"key":"Nunchaku"}],"event_choices":[{"damage_healed":0,"gold_gain":0,"player_choice":"Ignored","damage_taken":0,"max_hp_gain":0,"max_hp_loss":0,"event_name":"Liars Game","floor":2,"gold_loss":0},{"cards_removed":["Strike_B"],"damage_healed":0,"gold_gain":0,"player_choice":"Card Removal","damage_taken":0,"max_hp_gain":0,"max_hp_loss":0,"event_name":"The Cleric","floor":4,"gold_loss":75},{"damage_healed":0,"gold_gain":0,"player_choice":"Searched \u00271\u0027 times","damage_taken":0,"relics_obtained":["CeramicFish"],"max_hp_gain":0,"max_hp_loss":0,"event_name":"Dead Adventurer","floor":12,"gold_loss":0},{"damage_healed":0,"gold_gain":0,"player_choice":"Ignored","damage_taken":0,"max_hp_gain":0,"max_hp_loss":0,"event_name":"Shining Light","floor":14,"gold_loss":0},{"damage_healed":0,"gold_gain":0,"player_choice":"","damage_taken":6,"max_hp_gain":0,"max_hp_loss":0,"event_name":"Knowing Skull","floor":19,"potions_obtained":[],"gold_loss":0,"cards_obtained":[]}],"is_beta":false,"boss_relics":[{"not_picked":["Tiny House","Fusion Hammer"],"picked":"Astrolabe"}],"items_purged_floors":[13],"is_endless":false,"potions_floor_spawned":[3,6,8,10,16,18,20,21,24],"killed_by":"3 Cultists","ascension_level":20}}