{"host":"fr3ip57hl52y255p","time":1610895582,"event":{"mods":["Act Like it!","BaseMod","Challenge The Spire","Colored Powertips","Downfall","Luminous","Mari Mod (Legacy)","Mari\u0027s V1 Patch","Minty Spire (QoL Compilation)","READ ME - Guardian Mod","Relic Stats","StSLib","The Hierophant","[GremlinLeader]The Maniac"],"gold_per_floor":[110,185,185,199,374,374,405,416,416,429,429,445,445,457,457,556,556,572,590,602,602,602],"floor_reached":21,"language":"ZHS","playtime":1727,"items_purged":[],"score":208,"play_id":"3c1e06e2-1142-4c74-8d50-15a5023e190b","local_time":"20210117225942","is_ascension_mode":false,"campfire_choices":[{"data":"maniac:Intimidate","floor":6.0,"key":"SMITH"},{"data":"maniac:BladesInCloak","floor":11.0,"key":"SMITH"},{"data":"maniac:Retrospect","floor":13.0,"key":"SMITH"},{"floor":15.0,"key":"REST"}],"circlet_count":0,"master_deck":["maniac:Strike","maniac:Strike","maniac:Strike","maniac:Strike","maniac:Strike","maniac:Defend","maniac:Defend","maniac:Defend","maniac:Defend","maniac:BurnBlood","maniac:AbyssShackle","maniac:Traceback","maniac:Intimidate+1","Doubt","maniac:UnseenTerror","maniac:Refine","maniac:BladesInCloak+1","maniac:Retrospect+1","maniac:WardAndDefend","maniac:ReachVictory","maniac:UndyingDesire","maniac:ShelteringEdge","maniac:ReconstructWounds"],"relics":["maniac:DamagedAnvil","maniac:BrokenHorn","NeowsBlessing","Question Card","MealTicket","Philosopher\u0027s Stone"],"acts_visited":["Exordium","TheCity"],"potions_floor_usage":[20],"damage_taken":[{"damage":0.0,"enemies":"Small Slimes","floor":1.0,"turns":1.0},{"damage":0.0,"enemies":"Jaw Worm","floor":4.0,"turns":1.0},{"damage":0.0,"enemies":"Lagavulin","floor":7.0,"turns":1.0},{"damage":5.0,"enemies":"2 Louse","floor":8.0,"turns":2.0},{"damage":8.0,"enemies":"2 Fungi Beasts","floor":10.0,"turns":4.0},{"damage":18.0,"enemies":"Looter","floor":12.0,"turns":5.0},{"damage":28.0,"enemies":"Blue Slaver","floor":14.0,"turns":3.0},{"damage":35.0,"enemies":"Slime Boss","floor":16.0,"turns":7.0},{"damage":31.0,"enemies":"Spheric Guardian","floor":18.0,"turns":7.0},{"damage":26.0,"enemies":"Shell Parasite","floor":19.0,"turns":5.0},{"damage":7,"enemies":"Chosen and Byrds","floor":20,"turns":6},{"damage":37,"enemies":"3 Cultists","floor":21,"turns":3}],"seed_played":"-3919937411365312611","potions_obtained":[{"floor":1.0,"key":"CultistPotion"},{"floor":8.0,"key":"Fire Potion"},{"floor":12.0,"key":"FairyPotion"},{"floor":19.0,"key":"champ:CounterPotion"}],"is_trial":false,"path_per_floor":["M","?","?","M","?","R","E","M","T","M","R","M","R","M","R","B",null,"M","M","M","M"],"character_chosen":"THE_MANIAC","items_purchased":[],"campfire_rested":1,"item_purchase_floors":[],"current_hp_per_floor":[80,69,62,62,62,62,62,57,57,49,49,31,31,5,29,24,80,49,23,16,0,0],"gold":602,"neow_bonus":"THREE_ENEMY_KILL","is_daily":false,"chose_seed":false,"campfire_upgraded":3,"win_rate":0.0,"timestamp":1610895582,"path_taken":["M","?","?","M","?","R","E","M","T","M","R","M","R","M","R","BOSS","M","M","M","M"],"items_purchased_type":[],"build_version":"2020-12-22","purchased_purges":0,"victory":false,"max_hp_per_floor":[80,80,80,80,80,80,80,80,80,80,80,80,80,80,80,80,80,80,80,80,80,80],"relic_stats":{"counters":[12,45],"MealTicket":0,"Question Card":10,"obtain_stats":[{"maniac:DamagedAnvil":0,"maniac:BrokenHorn":0,"NeowsBlessing":0,"MealTicket":7,"Philosopher\u0027s Stone":17,"Question Card":3},{"maniac:DamagedAnvil":0,"maniac:BrokenHorn":0,"NeowsBlessing":0,"MealTicket":3,"Philosopher\u0027s Stone":8,"Question Card":1},{"maniac:DamagedAnvil":0,"maniac:BrokenHorn":0,"NeowsBlessing":0,"MealTicket":3,"Philosopher\u0027s Stone":24,"Question Card":1}]},"card_choices":[{"not_picked":["maniac:ManipulatedFaith","maniac:FindAShortcut"],"picked":"maniac:Traceback","floor":1.0},{"not_picked":["maniac:BladeShoot","maniac:DashForward","maniac:BladeArtist"],"picked":"maniac:Intimidate","floor":4.0},{"not_picked":["maniac:ListenToNone","maniac:MeleeStrike","maniac:LootBarrage"],"picked":"maniac:UnseenTerror","floor":7.0},{"not_picked":["maniac:ShelteringEdge","maniac:MortalSteel","maniac:MeleeStrike"],"picked":"maniac:Refine","floor":8.0},{"not_picked":["maniac:MeleeStrike","maniac:PanickyParry","maniac:UnseenTerror"],"picked":"maniac:BladesInCloak","floor":10.0},{"not_picked":["maniac:Traceback","maniac:FindAShortcut","maniac:ListenToNone"],"picked":"maniac:Retrospect","floor":12.0},{"not_picked":["maniac:SpectralKnives","maniac:MeleeStrike","maniac:ShelteringEdge"],"picked":"maniac:WardAndDefend","floor":14.0},{"not_picked":["maniac:Trap","maniac:ForsakenHand","maniac:UnseenTerror"],"picked":"maniac:ReachVictory","floor":16.0},{"not_picked":["maniac:SpectralKnives","maniac:Intimidate","maniac:ShelteringEdge+1"],"picked":"maniac:UndyingDesire","floor":18.0},{"not_picked":["maniac:Hasten+1","maniac:ColdHeart+1","maniac:Lacerate"],"picked":"maniac:ShelteringEdge","floor":19.0},{"not_picked":["maniac:AllOutAttack","maniac:AlleviatingSorcery","maniac:SpectralKnives"],"picked":"maniac:ReconstructWounds","floor":20}],"player_experience":117895,"relics_obtained":[{"floor":7.0,"key":"MealTicket"}],"event_choices":[{"damage_healed":0.0,"max_hp_gain":0.0,"max_hp_loss":0.0,"gold_gain":75.0,"event_name":"World of Goop","player_choice":"Gather Gold","floor":2.0,"gold_loss":0.0,"damage_taken":11.0},{"damage_healed":0.0,"max_hp_gain":0.0,"max_hp_loss":0.0,"gold_gain":0.0,"event_name":"Scrap Ooze","player_choice":"Success","floor":3.0,"gold_loss":0.0,"damage_taken":7.0,"relics_obtained":["Question Card"]},{"damage_healed":0.0,"max_hp_gain":0.0,"max_hp_loss":0.0,"gold_gain":175.0,"event_name":"Liars Game","player_choice":"AGREE","floor":5.0,"gold_loss":0.0,"damage_taken":0.0,"cards_obtained":["Doubt"]}],"is_beta":false,"boss_relics":[{"not_picked":["Runic Dome","Astrolabe"],"picked":"Philosopher\u0027s Stone"}],"items_purged_floors":[],"is_endless":false,"potions_floor_spawned":[1,8,12,19],"killed_by":"3 Cultists","ascension_level":0}}