{"host":"osk2oboccoevp2u5","time":1610912147,"event":{"mods":["AchievementEnabler","Alarm Clock","BaseMod","Colored Powertips","Disable Question Mark Monsters","Displayed Cursed Tome","Key Reminder","Minty Spire (QoL Compilation)","Potion Indicator Mod","Quick Restart","Rare Cards Sparkle","Reorder Act Four","StSLib","Steal the Spire","The Wild Card","Useless Jewels Mod"],"gold_per_floor":[359,359,375,385,398,398,410,410,489,10,31,31,31,31,31,134,134,149,15,34,44,55,55,380,391,468,61,61,61,61,71,71,170,170,187,199,1198,1198,1208,1208,1,1,1,1,17,52,52,52,52,52],"floor_reached":51,"language":"ENG","playtime":4276,"items_purged":["theWildCard:BasicStrike","theWildCard:BasicStrike","theWildCard:BasicStrike","theWildCard:BasicStrike"],"score":854,"play_id":"c42c532e-8424-492b-86c0-378ced8655cb","local_time":"20210117153547","is_ascension_mode":true,"campfire_choices":[{"data":"theWildCard:Arsene","floor":6,"key":"SMITH"},{"floor":8,"key":"REST"},{"floor":13,"key":"REST"},{"data":"theWildCard:CallToAdventure","floor":15,"key":"SMITH"},{"floor":23,"key":"REST"},{"floor":32,"key":"REST"},{"data":"theWildCard:MagicalMight","floor":40,"key":"SMITH"},{"data":"theWildCard:Metatron","floor":42,"key":"SMITH"},{"data":"theWildCard:Patience","floor":44,"key":"SMITH"},{"data":"Apotheosis","floor":49,"key":"SMITH"}],"circlet_count":0,"master_deck":["theWildCard:BasicDefend","theWildCard:BasicDefend","theWildCard:BasicDefend","theWildCard:BasicDefend","theWildCard:CallToAdventure+1","theWildCard:Arsene+1","theWildCard:ArcaneArts","theWildCard:ArcaneArts","Flash of Steel","theWildCard:BladeOfGenerations","theWildCard:MagicalMight+1","theWildCard:LadyLuck+1","theWildCard:MagicMettle","theWildCard:Metatron+1","theWildCard:ManOfManyFaces+1","theWildCard:Odin","theWildCard:BladeOfGenerations","theWildCard:FuelForTheFire+1","theWildCard:Loki+1","theWildCard:ArcaneArts","theWildCard:Odin","theWildCard:Attunement+1","theWildCard:PowerOfTheArcana+1","theWildCard:PowerOfTheArcana+1","theWildCard:PowerOfTheArcana+1","theWildCard:PowerOfTheArcana+1","theWildCard:PowerOfTheArcana+1","theWildCard:PowerOfTheArcana+1","theWildCard:Safeguard+1","theWildCard:Patience+1","Clumsy","theWildCard:Michael+1","theWildCard:Scathach+1","Apotheosis+1"],"relics":["theWildCard:VelvetContract","Spirit Poop","The Courier","Darkstone Periapt","Strawberry","Odd Mushroom","Nunchaku","Sozu","Old Coin","Frozen Egg 2","Ice Cream","Ginger","Cursed Key","Membership Card","Blood Vial","theWildCard:MemoriesOfPhantasm","Shuriken","Unceasing Top","Ornamental Fan","TungstenRod","Bottled Flame","Mummified Hand","Akabeko"],"acts_visited":["Exordium","TheCity","TheBeyond"],"potions_floor_usage":[7,11,12],"damage_taken":[{"damage":1,"enemies":"2 Louse","floor":1,"turns":3},{"damage":0,"enemies":"Cultist","floor":3,"turns":4},{"damage":11,"enemies":"Jaw Worm","floor":4,"turns":4},{"damage":3,"enemies":"2 Fungi Beasts","floor":5,"turns":4},{"damage":7,"enemies":"Lots of Slimes","floor":7,"turns":5},{"damage":18,"enemies":"The Mushroom Lair","floor":11,"turns":4},{"damage":0,"enemies":"Lagavulin","floor":12,"turns":1},{"damage":74,"enemies":"Hexaghost","floor":16,"turns":15},{"damage":1,"enemies":"Shell Parasite","floor":18,"turns":6},{"damage":25,"enemies":"3 Byrds","floor":20,"turns":5},{"damage":1,"enemies":"Centurion and Healer","floor":21,"turns":5},{"damage":14,"enemies":"Snake Plant","floor":22,"turns":4},{"damage":36,"enemies":"Book of Stabbing","floor":24,"turns":10},{"damage":0,"enemies":"Sentry and Sphere","floor":25,"turns":3},{"damage":15,"enemies":"Colosseum Slavers","floor":28,"turns":2},{"damage":14,"enemies":"Shelled Parasite and Fungi","floor":31,"turns":9},{"damage":5,"enemies":"Automaton","floor":33,"turns":9},{"damage":10,"enemies":"Orb Walker","floor":35,"turns":4},{"damage":0,"enemies":"3 Darklings","floor":36,"turns":1},{"damage":0,"enemies":"Maw","floor":39,"turns":7},{"damage":0,"enemies":"Sphere and 2 Shapes","floor":45,"turns":2},{"damage":0,"enemies":"Giant Head","floor":46,"turns":4},{"damage":32,"enemies":"Time Eater","floor":50,"turns":5}],"seed_played":"6029553109336372774","potions_obtained":[{"floor":4,"key":"ColorlessPotion"},{"floor":7,"key":"EssenceOfSteel"},{"floor":11,"key":"SmokeBomb"}],"is_trial":false,"path_per_floor":["M","?","M","M","M","R","M","R","T","$","?","E","R","?","R","B",null,"M","$","M","M","M","R","E","M","T","$","?","?","?","M","R","B",null,"M","M","?","?","M","R","$","R","T","R","M","E","?","$","R","B",null],"character_chosen":"THE_WILD_CARD","items_purchased":["Darkstone Periapt","Strawberry","theWildCard:ArcaneArts","Flash of Steel","theWildCard:MagicalMight","Ice Cream","theWildCard:Odin","Membership Card","Blood Vial","theWildCard:MemoriesOfPhantasm","Shuriken","Unceasing Top","Ornamental Fan","TungstenRod","Bottled Flame","theWildCard:ArcaneArts","theWildCard:Odin","theWildCard:Attunement+1","theWildCard:PowerOfTheArcana+1","theWildCard:PowerOfTheArcana+1","theWildCard:PowerOfTheArcana+1","theWildCard:PowerOfTheArcana+1","theWildCard:PowerOfTheArcana+1","theWildCard:PowerOfTheArcana+1","theWildCard:Safeguard+1","theWildCard:Patience"],"campfire_rested":4,"item_purchase_floors":[10,10,10,10,19,27,27,41,41,41,41,41,41,41,41,41,41,41,41,41,41,41,41,41,41,41],"current_hp_per_floor":[59,59,59,48,45,45,38,56,56,63,45,45,65,65,65,53,67,66,66,41,40,26,46,10,10,10,10,52,52,58,44,65,60,73,63,63,75,75,75,75,75,75,81,81,83,85,85,85,85,55],"gold":52,"neow_bonus":"TWO_FIFTY_GOLD","is_daily":false,"chose_seed":false,"campfire_upgraded":6,"win_rate":0.0,"timestamp":1610912147,"path_taken":["M","?","M","M","?","R","M","R","T","?","?","E","R","?","R","BOSS","M","$","M","M","?","R","E","M","T","$","?","?","?","M","R","BOSS","M","M","?","?","?","R","$","R","T","R","M","E","?","?","R","BOSS"],"items_purchased_type":["Relic","Relic","Card","Card","Card","Relic","Card","Relic","Relic","Relic","Relic","Relic","Relic","Relic","Relic","Card","Card","Card","Card","Card","Card","Card","Card","Card","Card","Card"],"build_version":"2020-12-22","purchased_purges":4,"victory":true,"max_hp_per_floor":[60,60,60,60,60,60,60,60,60,67,67,67,67,67,67,67,67,67,67,67,67,67,67,67,67,67,67,67,67,73,73,73,73,73,73,73,85,85,85,85,85,85,91,91,91,91,91,91,91,91],"card_choices":[{"not_picked":["theWildCard:MaskChange","theWildCard:Scathach","theWildCard:Unburden"],"picked":"SKIP","floor":1},{"not_picked":["theWildCard:EnergizedStroke","theWildCard:Proficiency","theWildCard:ArcanaArtistry"],"picked":"SKIP","floor":3},{"not_picked":["theWildCard:BladeOfGenerations","theWildCard:Unburden","theWildCard:StalwartBlade"],"picked":"SKIP","floor":4},{"not_picked":["theWildCard:StingingStrike","theWildCard:Proficiency"],"picked":"theWildCard:ArcaneArts","floor":5},{"not_picked":["theWildCard:SacrificialStroke","theWildCard:MagicalMight"],"picked":"theWildCard:ArcaneArts","floor":7},{"not_picked":["theWildCard:Unburden","theWildCard:UnderLockAndKey"],"picked":"theWildCard:BladeOfGenerations","floor":11},{"not_picked":["theWildCard:Alice","theWildCard:MagicMettle","theWildCard:ArcanaArtistry+1"],"picked":"SKIP","floor":18},{"not_picked":["theWildCard:PaleRider","theWildCard:ArcanaArtistry","theWildCard:StalwartBlade"],"picked":"SKIP","floor":20},{"not_picked":["theWildCard:Michael","theWildCard:CryOfAgony"],"picked":"theWildCard:LadyLuck+1","floor":21},{"not_picked":["theWildCard:ManOfManyFaces","theWildCard:StingingStrike"],"picked":"theWildCard:MagicMettle","floor":22},{"not_picked":["theWildCard:Providence","theWildCard:PowerOfTheArcana"],"picked":"theWildCard:Metatron","floor":24},{"not_picked":["theWildCard:MaskChange","theWildCard:StalwartBlade+1"],"picked":"theWildCard:ManOfManyFaces+1","floor":25},{"not_picked":["theWildCard:Polydeuces","theWildCard:Alice"],"picked":"theWildCard:BladeOfGenerations","floor":31},{"not_picked":["theWildCard:Thanatos","theWildCard:Amaterasu"],"picked":"theWildCard:FuelForTheFire+1","floor":33},{"not_picked":["theWildCard:PaleRider","theWildCard:UnderLockAndKey"],"picked":"theWildCard:Loki+1","floor":35},{"not_picked":["theWildCard:SeveringSlash+1","theWildCard:PowerOfTheArcana+1","theWildCard:PaleRider+1"],"picked":"SKIP","floor":36},{"not_picked":["theWildCard:BladeOfGenerations+1","theWildCard:Providence","theWildCard:Proficiency"],"picked":"SKIP","floor":39},{"not_picked":["theWildCard:BladeOfGenerations","theWildCard:StalwartBlade+1"],"picked":"theWildCard:Michael+1","floor":45},{"not_picked":["theWildCard:Ruination","theWildCard:ArcanaArtistry+1"],"picked":"theWildCard:Scathach+1","floor":46},{"not_picked":["HandOfGreed","Impatience"],"picked":"Apotheosis","floor":47}],"player_experience":928609,"relics_obtained":[{"floor":9,"key":"The Courier"},{"floor":11,"key":"Odd Mushroom"},{"floor":24,"key":"Old Coin"},{"floor":26,"key":"Frozen Egg 2"},{"floor":43,"key":"Mummified Hand"},{"floor":46,"key":"Akabeko"}],"event_choices":[{"cards_removed":["Clumsy"],"damage_healed":0,"gold_gain":0,"player_choice":"Offered Curse","damage_taken":0,"relics_obtained":["Spirit Poop"],"max_hp_gain":0,"max_hp_loss":0,"event_name":"Bonfire Elementals","floor":2,"gold_loss":0},{"damage_healed":0,"gold_gain":0,"player_choice":"Fought Mushrooms","damage_taken":0,"max_hp_gain":0,"max_hp_loss":0,"event_name":"Mushrooms","floor":11,"gold_loss":0},{"cards_removed":["theWildCard:ArcaneArts"],"damage_healed":0,"gold_gain":0,"player_choice":"Gave Card","damage_taken":0,"relics_obtained":["Nunchaku"],"max_hp_gain":0,"max_hp_loss":0,"event_name":"WeMeetAgain","floor":14,"gold_loss":0},{"damage_healed":0,"gold_gain":0,"player_choice":"Fight","damage_taken":0,"max_hp_gain":0,"max_hp_loss":0,"event_name":"Colosseum","floor":28,"gold_loss":0},{"damage_healed":0,"gold_gain":0,"player_choice":"Fled From Nobs","damage_taken":0,"max_hp_gain":0,"max_hp_loss":0,"event_name":"Colosseum","floor":28,"gold_loss":0},{"damage_healed":0,"gold_gain":0,"player_choice":"Ignored","damage_taken":0,"max_hp_gain":0,"max_hp_loss":0,"event_name":"Ghosts","floor":29,"gold_loss":0},{"damage_healed":0,"gold_gain":0,"player_choice":"Stole Relic","damage_taken":0,"relics_obtained":["Ginger"],"max_hp_gain":0,"max_hp_loss":0,"event_name":"Addict","floor":30,"gold_loss":0,"cards_obtained":["Shame"]},{"damage_healed":0,"gold_gain":999,"player_choice":"Gold","damage_taken":0,"max_hp_gain":0,"max_hp_loss":0,"event_name":"MindBloom","floor":37,"gold_loss":0,"cards_obtained":["Normality","Normality"]},{"cards_removed":["Normality","Normality","Shame"],"damage_healed":0,"gold_gain":0,"player_choice":"Removed Curses","damage_taken":0,"max_hp_gain":0,"max_hp_loss":0,"event_name":"Fountain of Cleansing","floor":38,"gold_loss":0},{"damage_healed":0,"gold_gain":0,"player_choice":"Memory 1","damage_taken":0,"max_hp_gain":0,"max_hp_loss":0,"event_name":"SensoryStone","floor":47,"gold_loss":0}],"is_beta":false,"boss_relics":[{"not_picked":["Tiny House","Runic Pyramid"],"picked":"Sozu"},{"not_picked":["Astrolabe","Coffee Dripper"],"picked":"Cursed Key"}],"items_purged_floors":[10,19,27,41],"is_endless":false,"potions_floor_spawned":[4,7,11,12,21,28,31,35,45,46],"ascension_level":1}}