{"host":"vrsxkkch9ccrec7k","time":1610914325,"event":{"mods":["Act Like it!","BaseMod","Bestiary","Better Sensory Stone","Better Third Choice","Better Vampires","Downfall","Minty Spire (QoL Compilation)","Permanent Neow","Relic Stats","Spicy Shops","StSLib"],"gold_per_floor":[99,115,129,129,142,142,190,221,221,231,231,261,261,261,276,377,427,427,441,441,33,133,148,197,197,1,17,17,2,2,2,16,113,113,13,25,37,51,64,74,129,2,13,13,13,27,54,54,64,64],"floor_reached":51,"language":"ENG","playtime":6488,"items_purged":["bronze:Strike"],"score":750,"play_id":"c0f69c79-dee2-44f9-9d80-d9c369314dcb","local_time":"20210117151205","is_ascension_mode":true,"campfire_choices":[{"data":"bronze:Replicate","floor":1,"key":"SMITH"},{"floor":9,"key":"REST"},{"data":"Adrenaline","floor":13,"key":"SMITH"},{"floor":18,"key":"RECALL"},{"floor":28,"key":"REST"},{"data":"Normality","floor":30,"key":"PURGE"},{"data":"expansioncontent:YouAreMine","floor":35,"key":"SMITH"},{"data":"bronze:Fortify","floor":45,"key":"SMITH"}],"circlet_count":0,"master_deck":["bronze:Defend","bronze:Defend","bronze:Defend","bronze:Replicate+1","bronze:Goto","bronze:DelayedGuard","bronze:ClassDefault","bronze:Shell","bronze:Separator","Adrenaline+1","bronze:Fortify+1","bronze:Frontload","bronze:Shell","bronze:Flail","bronze:Return","RitualDagger","expansioncontent:YouAreMine+1","bronze:Deprecate","bronze:ItsAFeature","Bite","Bite","bronze:Boost","Adrenaline+1","bronze:Optimize","bronze:Branch+1","bronze:Repair+1","bronze:Assembly","bronze:FineTuning+1","bronze:Shell+1","bronze:FindAndReplace","bronze:Constructor+1","bronze:Terminator","bronze:Terminator+1"],"relics":["bronze:BronzeCore","downfall:ShatteredFragment","MealTicket","Strawberry","Calling Bell","Juzu Bracelet","White Beast Statue","TungstenRod","Tiny House","Membership Card","Boot","TheAbacus","Peace Pipe","Eternal Feather","PreservedInsect","bronze:SilverBullet","Guardian:PocketSentry","DollysMirror","Empty Cage","downfall:HeartBlessingRed","ClockworkSouvenir","Guardian:BottledAnomaly","bronze:BottledCode"],"acts_visited":["Exordium","TheCity","TheBeyond"],"potions_floor_usage":[8,12,22,22,22,32,33,38,40,47,49,50,50,50,50,50],"damage_taken":[{"damage":0,"enemies":"2 Louse","floor":2,"turns":3},{"damage":1,"enemies":"Jaw Worm","floor":3,"turns":4},{"damage":5,"enemies":"Small Slimes","floor":5,"turns":4},{"damage":13,"enemies":"Lagavulin","floor":8,"turns":5},{"damage":0,"enemies":"3 Louse","floor":10,"turns":3},{"damage":16,"enemies":"Gremlin Nob","floor":12,"turns":3},{"damage":0,"enemies":"2 Fungi Beasts","floor":15,"turns":3},{"damage":2,"enemies":"DF_ARCHETYPE_STREAMLINE","floor":16,"turns":14},{"damage":0,"enemies":"Spheric Guardian","floor":19,"turns":6},{"damage":2,"enemies":"downfall:FleeingMerchant","floor":21,"turns":4},{"damage":76,"enemies":"SI_SHIV_ARCHETYPE","floor":22,"turns":14},{"damage":0,"enemies":"Chosen","floor":23,"turns":3},{"damage":0,"enemies":"downfall:FleeingMerchant","floor":26,"turns":4},{"damage":12,"enemies":"Snake Plant","floor":27,"turns":5},{"damage":0,"enemies":"downfall:FleeingMerchant","floor":29,"turns":4},{"damage":2,"enemies":"Snecko","floor":32,"turns":5},{"damage":31,"enemies":"IC_MUSHROOM_ARCHETYPE","floor":33,"turns":12},{"damage":7,"enemies":"Orb Walker","floor":36,"turns":4},{"damage":0,"enemies":"3 Shapes","floor":37,"turns":6},{"damage":0,"enemies":"Jaw Worm Horde","floor":38,"turns":5},{"damage":0,"enemies":"4 Shapes","floor":39,"turns":7},{"damage":9,"enemies":"Writhing Mass","floor":40,"turns":11},{"damage":0,"enemies":"downfall:FleeingMerchant","floor":42,"turns":4},{"damage":7,"enemies":"3 Darklings","floor":43,"turns":5},{"damage":0,"enemies":"Jaw Worm Horde","floor":46,"turns":3},{"damage":0,"enemies":"Nemesis","floor":47,"turns":5},{"damage":0,"enemies":"Transient","floor":49,"turns":5},{"damage":0,"enemies":"WA_ARCHETYPE_DIVINITY","floor":50,"turns":17}],"seed_played":"-7213604394410238775","potions_obtained":[{"floor":3,"key":"SteroidPotion"},{"floor":5,"key":"SkillPotion"},{"floor":10,"key":"champ:CounterPotion"},{"floor":12,"key":"DuplicationPotion"},{"floor":15,"key":"Explosive Potion"},{"floor":16,"key":"Fire Potion"},{"floor":21,"key":"Explosive Potion"},{"floor":22,"key":"PowerPotion"},{"floor":23,"key":"champ:CounterPotion"},{"floor":26,"key":"bronze:CleanCodePotion"},{"floor":27,"key":"champ:CounterPotion"},{"floor":29,"key":"SpeedPotion"},{"floor":32,"key":"Strength Potion"},{"floor":33,"key":"Energy Potion"},{"floor":37,"key":"bronze:BuildAFunctionPotion"},{"floor":38,"key":"Regen Potion"},{"floor":39,"key":"Dexterity Potion"},{"floor":40,"key":"LiquidBronze"},{"floor":42,"key":"Guardian:BlockOnCardUsePotion"},{"floor":47,"key":"EntropicBrew"},{"floor":49,"key":"SpeedPotion"}],"is_trial":false,"path_per_floor":["R","M","M","?","M","?","T","E","R","M","?","E","R","?","M","B",null,"R","M","?","$","?","M","T","?","$","M","R","$","R","?","M","B",null,"R","M","M","M","M","M","T","$","M","?","R","M","E","?","M","B",null],"character_chosen":"THE_AUTOMATON","items_purchased":["Membership Card","expansioncontent:YouAreMine","Boot","TheAbacus","bronze:Deprecate","bronze:SilverBullet","Guardian:PocketSentry","DollysMirror","bronze:Optimize","ClockworkSouvenir","Guardian:BottledAnomaly"],"campfire_rested":2,"item_purchase_floors":[21,21,21,21,21,26,26,26,26,42,42],"current_hp_per_floor":[70,70,69,48,43,38,38,25,46,46,69,60,60,60,60,58,82,82,82,77,80,4,4,4,4,23,15,51,68,72,72,72,57,72,72,65,72,72,72,72,72,72,71,62,62,62,62,62,62,62],"gold":64,"neow_bonus":"TRANSFORM_CARD","is_daily":false,"chose_seed":false,"campfire_upgraded":4,"win_rate":0.0,"timestamp":1610914325,"path_taken":["R","M","M","?","M","?","T","E","R","M","?","E","R","?","M","BOSS","R","M","?","$","?","M","T","?","$","M","R","$","R","?","M","BOSS","R","M","M","M","M","M","T","$","M","?","R","M","E","?","M","BOSS"],"items_purchased_type":["Relic","Card","Relic","Relic","Card","Relic","Relic","Relic","Card","Relic","Relic"],"build_version":"2020-12-22","purchased_purges":1,"victory":true,"max_hp_per_floor":[70,70,70,70,70,70,70,70,70,70,70,77,77,77,77,77,82,82,82,82,82,82,82,82,72,72,72,72,72,72,72,72,72,72,72,72,72,72,72,72,72,72,72,62,62,62,62,62,62,62],"relic_stats":{"Peace Pipe":1,"TheAbacus":[126],"counters":[28,165],"MealTicket":35,"Eternal Feather":19,"PreservedInsect":82,"Juzu Bracelet":0,"Boot":[106],"obtain_stats":[{"bronze:BronzeCore":0,"downfall:ShatteredFragment":4,"Tiny House":17,"downfall:HeartBlessingRed":35,"Eternal Feather":22,"PreservedInsect":24,"Omamori":8,"Juzu Bracelet":14,"Guardian:PocketSentry":26,"Boot":21,"Empty Cage":34,"White Beast Statue":14,"ClockworkSouvenir":42,"Calling Bell":14,"Peace Pipe":22,"bronze:BottledCode":44,"TheAbacus":21,"DollysMirror":26,"Strawberry":12,"MealTicket":7,"Membership Card":21,"Guardian:BottledAnomaly":42,"bronze:SilverBullet":26,"TungstenRod":14},{"bronze:BronzeCore":0,"downfall:ShatteredFragment":2,"Tiny House":8,"downfall:HeartBlessingRed":17,"Eternal Feather":11,"PreservedInsect":12,"Omamori":4,"Juzu Bracelet":6,"Guardian:PocketSentry":13,"Boot":10,"Empty Cage":17,"White Beast Statue":6,"ClockworkSouvenir":23,"Calling Bell":6,"Peace Pipe":11,"bronze:BottledCode":24,"TheAbacus":10,"DollysMirror":13,"Strawberry":6,"MealTicket":3,"Membership Card":10,"Guardian:BottledAnomaly":23,"bronze:SilverBullet":13,"TungstenRod":6},{"bronze:BronzeCore":0,"downfall:ShatteredFragment":7,"Tiny House":39,"downfall:HeartBlessingRed":95,"Eternal Feather":63,"PreservedInsect":66,"Omamori":16,"Juzu Bracelet":22,"Guardian:PocketSentry":70,"Boot":49,"Empty Cage":95,"White Beast Statue":22,"ClockworkSouvenir":130,"Calling Bell":22,"Peace Pipe":63,"bronze:BottledCode":135,"TheAbacus":49,"DollysMirror":70,"Strawberry":22,"MealTicket":11,"Membership Card":49,"Guardian:BottledAnomaly":130,"bronze:SilverBullet":70,"TungstenRod":22}],"TungstenRod":40},"card_choices":[{"not_picked":["bronze:Turbo","bronze:ForLoop"],"picked":"bronze:ClassDefault","floor":2},{"not_picked":["bronze:Allocate","bronze:Safeguard"],"picked":"bronze:Shell","floor":3},{"not_picked":["bronze:BitShift","bronze:Shield"],"picked":"bronze:Separator","floor":5},{"not_picked":["bronze:Overheat","bronze:ClassDefault"],"picked":"bronze:Fortify","floor":8},{"not_picked":["bronze:BronzeArmor","bronze:Overload","bronze:Safeguard"],"picked":"SKIP","floor":10},{"not_picked":["bronze:CutThrough","bronze:FineTuning"],"picked":"bronze:Frontload","floor":12},{"not_picked":["bronze:Deprecate","bronze:ForLoop"],"picked":"bronze:Shell","floor":15},{"not_picked":["bronze:BugBarrage","bronze:BitShift"],"picked":"bronze:Flail","floor":17},{"not_picked":["bronze:Iterate","bronze:Repair"],"picked":"bronze:Return","floor":19},{"not_picked":["bronze:RecursiveStrike","bronze:WildBeam+1","bronze:Invalidate"],"picked":"SKIP","floor":21},{"not_picked":["bronze:Flail","bronze:CloningBeam"],"picked":"bronze:Deprecate","floor":22},{"not_picked":["bronze:Overheat","bronze:BugBarrage"],"picked":"bronze:ItsAFeature","floor":23},{"not_picked":["bronze:WhirlingStrike","bronze:Turbo"],"picked":"bronze:Boost","floor":26},{"not_picked":["bronze:Philosophize","bronze:Overheat"],"picked":"bronze:Branch+1","floor":27},{"not_picked":["bronze:Flail","bronze:Constructor"],"picked":"bronze:Repair+1","floor":29},{"not_picked":["bronze:Separator","bronze:Iterate","bronze:NullPointer"],"picked":"SKIP","floor":32},{"not_picked":["bronze:ThunderWave","bronze:Break"],"picked":"bronze:Assembly","floor":33},{"not_picked":["bronze:Constructor+1","bronze:DelayedGuard+1"],"picked":"bronze:FineTuning+1","floor":36},{"not_picked":["bronze:Frontload+1","bronze:Overheat+1"],"picked":"bronze:Shell+1","floor":37},{"not_picked":["bronze:Branch","bronze:WildBeam","bronze:Deprecate+1"],"picked":"SKIP","floor":38},{"not_picked":["bronze:Iterate+1","bronze:WildBeam","bronze:DelayedGuard+1"],"picked":"SKIP","floor":39},{"not_picked":["bronze:ItsAFeature","bronze:Constructor+1","bronze:Shield"],"picked":"SKIP","floor":40},{"not_picked":["bronze:Safeguard+1","bronze:Boost"],"picked":"bronze:FindAndReplace","floor":42},{"not_picked":["bronze:Backtrace+1","bronze:Invalidate"],"picked":"bronze:Constructor+1","floor":43},{"not_picked":["bronze:Iterate+1","bronze:DelayedGuard"],"picked":"bronze:Terminator","floor":46},{"not_picked":["bronze:Backtrace+1","bronze:Frontload"],"picked":"bronze:Terminator+1","floor":47},{"not_picked":["bronze:OilSpill+1","bronze:Deprecate","bronze:Separator"],"picked":"SKIP","floor":49}],"player_experience":1570630,"relics_obtained":[{"floor":7,"key":"MealTicket"},{"floor":8,"key":"Omamori"},{"floor":12,"key":"Strawberry"},{"floor":14,"key":"Juzu Bracelet"},{"floor":14,"key":"White Beast Statue"},{"floor":14,"key":"TungstenRod"},{"floor":22,"key":"Peace Pipe"},{"floor":22,"key":"Eternal Feather"},{"floor":24,"key":"PreservedInsect"}],"event_choices":[{"damage_healed":0,"gold_gain":0,"player_choice":"Card ","damage_taken":5,"max_hp_gain":0,"max_hp_loss":0,"event_name":"betterThird:BetterScrap","floor":6,"gold_loss":0,"cards_obtained":["Adrenaline"]},{"damage_healed":23,"gold_gain":0,"player_choice":"Banana","damage_taken":0,"max_hp_gain":0,"max_hp_loss":0,"event_name":"Big Fish","floor":11,"gold_loss":0},{"damage_healed":0,"gold_gain":0,"player_choice":"Became a vampire","damage_taken":0,"max_hp_gain":0,"max_hp_loss":10,"event_name":"Vampires","floor":25,"gold_loss":0,"cards_obtained":["Bite","Bite"]},{"cards_removed":["bronze:Defend"],"damage_healed":0,"gold_gain":0,"player_choice":"Removed Skill","damage_taken":0,"max_hp_gain":0,"max_hp_loss":0,"event_name":"Falling","floor":48,"gold_loss":0}],"is_beta":false,"boss_relics":[{"not_picked":["Runic Pyramid","Velvet Choker"],"picked":"Tiny House"},{"not_picked":["Philosopher\u0027s Stone","Runic Dome"],"picked":"Empty Cage"}],"items_purged_floors":[21],"is_endless":false,"potions_floor_spawned":[3,5,10,12,15,16,19,21,22,23,26,27,29,32,33,36,37,38,39,40,42,43,46,47,49],"ascension_level":1}}