{"host":"2tgyrzvaa7l04o2e","time":1610844380,"event":{"mods":["BaseMod","Highlight Path","Minty Spire (QoL Compilation)","Permanent Neow","Relic Stats"],"gold_per_floor":[113,124,144,144,144,144,170,189,212,162,162,162,174,202,202,202,202],"floor_reached":16,"language":"ENG","playtime":496,"items_purged":["Strike_G"],"score":220,"play_id":"dd5559d9-1ed0-46c7-9fdc-83477b2a65ef","local_time":"20210117014620","is_ascension_mode":true,"campfire_choices":[{"data":"Malaise","floor":6,"key":"SMITH"},{"floor":11,"key":"REST"},{"floor":15,"key":"REST"}],"circlet_count":0,"master_deck":["AscendersBane","Strike_G","Strike_G","Strike_G","Strike_G","Defend_G","Defend_G","Defend_G","Defend_G","Survivor","Neutralize","Deadly Poison","Dash","PiercingWail","Malaise+1","Backstab"],"relics":["Ring of the Snake","The Specimen","Smiling Mask","PreservedInsect","Blood Vial"],"acts_visited":["Exordium"],"potions_floor_usage":[7,14,16],"damage_taken":[{"damage":10,"enemies":"Jaw Worm","floor":1,"turns":7},{"damage":3,"enemies":"2 Louse","floor":2,"turns":3},{"damage":8,"enemies":"Cultist","floor":3,"turns":4},{"damage":20,"enemies":"Lagavulin","floor":7,"turns":9},{"damage":2,"enemies":"Exordium Wildlife","floor":8,"turns":4},{"damage":0,"enemies":"Blue Slaver","floor":13,"turns":4},{"damage":21,"enemies":"Gremlin Nob","floor":14,"turns":5},{"damage":45,"enemies":"Slime Boss","floor":16,"turns":6}],"seed_played":"5643147884505416244","potions_obtained":[{"floor":1,"key":"Swift Potion"},{"floor":3,"key":"Poison Potion"},{"floor":8,"key":"Block Potion"}],"is_trial":false,"path_per_floor":["M","M","M","?","?","R","E","M","T","$","R","T","M","E","R","B"],"character_chosen":"THE_SILENT","items_purchased":[],"campfire_rested":2,"item_purchase_floors":[],"current_hp_per_floor":[49,46,38,43,43,43,23,21,21,21,40,40,40,19,38,0,0],"gold":202,"neow_bonus":"ONE_RARE_RELIC","is_daily":false,"chose_seed":false,"campfire_upgraded":1,"win_rate":0.0,"timestamp":1610844380,"path_taken":["M","M","M","?","?","R","E","?","T","$","R","?","M","E","R","BOSS"],"items_purchased_type":[],"build_version":"2020-12-22","purchased_purges":1,"victory":false,"max_hp_per_floor":[60,60,60,65,65,65,65,65,65,65,65,65,65,65,65,65,65],"relic_stats":{"Blood Vial":2,"counters":[8,42],"PreservedInsect":22,"Smiling Mask":25,"obtain_stats":[{"Blood Vial":14,"The Specimen":0,"PreservedInsect":9,"Smiling Mask":7,"Ring of the Snake":0},{"Blood Vial":7,"The Specimen":0,"PreservedInsect":5,"Smiling Mask":4,"Ring of the Snake":0},{"Blood Vial":36,"The Specimen":0,"PreservedInsect":27,"Smiling Mask":23,"Ring of the Snake":0}],"Ring of the Snake":[16]},"card_choices":[{"not_picked":["Cloak And Dagger","Prepared"],"picked":"Deadly Poison","floor":1},{"not_picked":["Dagger Throw","Quick Slash"],"picked":"Dash","floor":2},{"not_picked":["Dagger Throw","A Thousand Cuts"],"picked":"PiercingWail","floor":3},{"not_picked":["Quick Slash","Caltrops","Tactician"],"picked":"SKIP","floor":7},{"not_picked":["Cloak And Dagger","Heel Hook"],"picked":"Backstab","floor":8},{"not_picked":["Dagger Throw","Backstab","Flying Knee"],"picked":"SKIP","floor":13},{"not_picked":["Concentrate","Grand Finale","Distraction"],"picked":"SKIP","floor":14}],"player_experience":633417,"relics_obtained":[{"floor":7,"key":"Smiling Mask"},{"floor":9,"key":"PreservedInsect"},{"floor":14,"key":"Blood Vial"}],"event_choices":[{"damage_healed":0,"gold_gain":0,"player_choice":"Donut","damage_taken":0,"max_hp_gain":5,"max_hp_loss":0,"event_name":"Big Fish","floor":4,"gold_loss":0},{"damage_healed":0,"gold_gain":0,"cards_transformed":["Defend_G"],"player_choice":"Transformed","damage_taken":0,"max_hp_gain":0,"max_hp_loss":0,"event_name":"Transmorgrifier","floor":5,"gold_loss":0,"cards_obtained":["Malaise"]}],"is_beta":false,"boss_relics":[],"items_purged_floors":[10],"is_endless":false,"potions_floor_spawned":[1,3,8],"killed_by":"Slime Boss","ascension_level":20}}