{"host":"17xjy7b7ubl548g2","time":1610862217,"event":{"mods":["2.2 Compatiblity","Act Like it!","Aspiration","Astrologer","Bard","BaseMod","Bestiary","Challenge The Spire","ChefMod","Colored Map","Conspire","Elementarium","Energized Spire","Gensokyo","GifTheSpireLib","Halation","Hallownest","Hubris","Infinite Spire","Jedi Mod","Jorbs\u0027s Wanderer Trilogy","Marisa（霧雨　魔理沙）","Marked Mod","Menagerie","Minty Spire (QoL Compilation)","Pale of the Ancients","Permanent Neow","Puzzle Mod","Replay The Spire","Robot Space Explorer","Spicy Shops","StSLib","Stuff the Spire","The Blue Laboratory","The Bug Knight","The Construct","The Disciple","The Factory","The Hayseed","The Hierophant","The Marked","The Runesmith","The Sage","TheFirefly"],"gold_per_floor":[109,9,84,97,12,12,44,62,138,138,163,163,173,202,202,305,305,318,334,334,244,257,257,282,282,282,301,321,334,334,364,364,468,468,482,87,101,101,101,130,142,158,158,178,191,224,240,260,260,260],"floor_reached":51,"language":"ENG","playtime":4315,"items_purged":["thefirefly:Strike","thefirefly:Strike"],"score":1164,"play_id":"dc5a9505-26a8-40f7-b26a-244af9e77d1e","local_time":"20210117004337","is_ascension_mode":true,"campfire_choices":[{"data":"Ghostly","floor":6.0,"key":"SMITH"},{"data":"thefirefly:Bombardment","floor":10.0,"key":"SMITH"},{"data":"thefirefly:LustForEternity","floor":12.0,"key":"SMITH"},{"data":"thefirefly:ArtillleryBeam","floor":15.0,"key":"SMITH"},{"data":"thefirefly:CreateClone","floor":23.0,"key":"SMITH"},{"data":"SprinkleStarSeal","floor":25.0,"key":"SMITH"},{"data":"OortCloud","floor":30,"key":"SMITH"},{"data":"thefirefly:SteadyAim","floor":32,"key":"SMITH"},{"data":"thefirefly:SoulStrike","floor":49,"key":"SMITH"}],"circlet_count":0,"master_deck":["thefirefly:Strike","thefirefly:Defend","thefirefly:Defend","thefirefly:Defend","thefirefly:Defend","thefirefly:StealthMode+1","thefirefly:PhotonBlast","thefirefly:Reposition","Ghostly+1","thefirefly:InterceptingShot+1","thefirefly:CoveringFire+1","thefirefly:ArtillleryBeam+1","thefirefly:Bombardment+1","thefirefly:LustForEternity+1","thefirefly:SteadyAim+1","thefirefly:CreateClone+1","thefirefly:Reposition","FairyDestructionRay","SprinkleStarSeal+1","thefirefly:FlakCannon+1","thefirefly:CoveringFire+1","EarthLightRay+1","OortCloud+1","PropBag+1","thefirefly:SoulStrike+1","thefirefly:EMP+1","thefirefly:Teleport+1","NonDirectionalLaser","Secret Technique+1","thefirefly:EnergyShield+1","StuffTheSpire:Vigor","EnergyRecoil+1","thefirefly:MirrorShield+1","MagicAbsorber+1","thefirefly:ShieldGenerator","AlicesGift+1","thefirefly:Preload+1","thefirefly:RollBack+1","thefirefly:AccountUncertainty+1","MilkyWay+1","thefirefly:ArtillleryBeam+1"],"relics":["thefirefly:StealthSystem","Replay:Baseball","White Beast Statue","Vajra","halation:VictoryRuler","aspiration:MarisaSkillbook","Painkiller Herb","Bottled Tornado","Toxic Egg 2","StuffTheSpire:Gunfinga","construct:ClawGrip","Bag of Preparation","Bag of Marbles","hubris:SphereOfDissonance","Prayer Wheel"],"acts_visited":["Exordium","TheCity","TheCity"],"potions_floor_usage":[29,31,33,33,40,41,47,50,50,50,50,50],"damage_taken":[{"damage":8.0,"enemies":"Cultist","floor":1.0,"turns":7.0},{"damage":0.0,"enemies":"Small Slimes","floor":4.0,"turns":3.0},{"damage":2.0,"enemies":"Replay:BlueRogue","floor":7.0,"turns":8.0},{"damage":0.0,"enemies":"2 Louse","floor":8.0,"turns":3.0},{"damage":5.0,"enemies":"3 Sentries","floor":11.0,"turns":4.0},{"damage":10.0,"enemies":"Gremlin Gang","floor":13.0,"turns":3.0},{"damage":0.0,"enemies":"Lagavulin","floor":14.0,"turns":2.0},{"damage":27.0,"enemies":"Fading Forest","floor":16.0,"turns":11.0},{"damage":0.0,"enemies":"Spheric Guardian","floor":18.0,"turns":3.0},{"damage":0.0,"enemies":"Shell Parasite","floor":19.0,"turns":2.0},{"damage":0.0,"enemies":"3 Cultists","floor":22.0,"turns":2.0},{"damage":6.0,"enemies":"Replay:Snechameleon","floor":24.0,"turns":6.0},{"damage":0.0,"enemies":"Snake Plant","floor":27.0,"turns":3.0},{"damage":0,"enemies":"Cultist and Chosen","floor":28,"turns":3},{"damage":0,"enemies":"conspire:HollyBat","floor":29,"turns":4},{"damage":0,"enemies":"conspire:Head Lice","floor":31,"turns":4},{"damage":5,"enemies":"conspire:MysteriousRune","floor":33,"turns":3},{"damage":0,"enemies":"theFactory:BigBot","floor":35,"turns":3},{"damage":0,"enemies":"theFactory:4_Mini-Bots","floor":37,"turns":2},{"damage":6,"enemies":"theFactory:SmogElemental","floor":40,"turns":3},{"damage":0,"enemies":"theFactory:Big_Bot_Bundle","floor":41,"turns":3},{"damage":11,"enemies":"theFactory:Orbs_and_Orb_Walker","floor":42,"turns":3},{"damage":0,"enemies":"theFactory:DecayingSentinel","floor":44,"turns":4},{"damage":0,"enemies":"theFactory:Sentries_and_Big_Bot","floor":45,"turns":5},{"damage":0,"enemies":"theFactory:DrinkBrewer","floor":46,"turns":4},{"damage":3,"enemies":"theFactory:Personnel_and_Mini-Bots","floor":47,"turns":4},{"damage":0,"enemies":"theFactory:ShrapnelTosser","floor":48,"turns":2},{"damage":0,"enemies":"theFactory:Guardian2","floor":50,"turns":4}],"seed_played":"7209277485242463274","potions_obtained":[{"floor":8.0,"key":"FearPotion"},{"floor":11.0,"key":"Fire Potion"},{"floor":13.0,"key":"FearPotion"},{"floor":14.0,"key":"Reflective Coating"},{"floor":16.0,"key":"blueLaboratory:FruitPunch"},{"floor":18.0,"key":"blueLaboratory:EnragingPotion"},{"floor":19.0,"key":"blueLaboratory:PolymorphPotion"},{"floor":22.0,"key":"Fire Potion"},{"floor":24.0,"key":"blueLaboratory:BubblePotion"},{"floor":27.0,"key":"GamblersBrew"},{"floor":28,"key":"EssenceOfSteel"},{"floor":29,"key":"Elixir"},{"floor":31,"key":"Ancient Potion"},{"floor":33,"key":"EntropicBrew"},{"floor":35,"key":"blueLaboratory:HorrorPotion"},{"floor":37,"key":"blueLaboratory:EnragingPotion"},{"floor":40,"key":"Block Potion"},{"floor":41,"key":"FairyPotion"},{"floor":42,"key":"blueLaboratory:ExaltedPotion"},{"floor":46,"key":"blueLaboratory:FruitPunch"},{"floor":47,"key":"blueLaboratory:StoneskinPotion"}],"is_trial":false,"path_per_floor":["M","?","?","M","$","R","E","M","T","R","E","R","M","E","R","B",null,"M","M","AVR","?","?","T","E","T","T","?","?","?","T","E","T","B",null,"?","T","?","?","?","E","?","?","T","?","?","E","?","?","T","B",null],"character_chosen":"THE_FIREFLY","items_purchased":["thefirefly:CoveringFire+1","Fire Potion","thefirefly:Teleport+1","NonDirectionalLaser","Secret Technique+1"],"campfire_rested":0,"item_purchase_floors":[5,5,36,36,36],"current_hp_per_floor":[47,47,42,42,42,42,40,40,40,40,35,35,25,25,25,6,43,43,45,45,45,47,47,43,43,43,45,47,55,55,63,63,60,68,73,73,75,75,60,56,64,61,61,69,77,85,88,90,90,92],"gold":260,"neow_bonus":"UPGRADE_CARD","is_daily":false,"chose_seed":false,"campfire_upgraded":9,"win_rate":0.0,"timestamp":1610862217,"path_taken":["M","?","?","M","$","R","E","?","T","R","E","R","M","E","R","BOSS","M","M","AVR","?","?","T","E","T","T","?","?","?","T","E","T","BOSS","?","T","?","?","?","E","?","?","T","?","?","E","?","?","T","BOSS"],"items_purchased_type":["Card","Potion","Card","Card","Card"],"build_version":"2020-12-22","purchased_purges":2,"victory":true,"max_hp_per_floor":[55,55,55,55,55,55,55,55,55,55,55,55,55,55,55,55,55,55,57,57,57,59,59,61,61,61,63,65,67,67,69,69,71,71,73,73,75,75,75,77,79,81,81,83,85,87,91,93,93,95],"card_choices":[{"not_picked":["thefirefly:ShieldArray","thefirefly:ErraticMotions"],"picked":"thefirefly:Reposition","floor":1.0},{"not_picked":["thefirefly:AuroralDischarge","thefirefly:MirrorShield"],"picked":"thefirefly:InterceptingShot","floor":4.0},{"not_picked":["thefirefly:Reposition","thefirefly:SteadyAim"],"picked":"thefirefly:ArtillleryBeam","floor":7.0},{"not_picked":["thefirefly:EvasiveManeuver","thefirefly:ShieldArray"],"picked":"thefirefly:Bombardment","floor":8.0},{"not_picked":["thefirefly:StoredPower","thefirefly:RollBack"],"picked":"thefirefly:LustForEternity","floor":11.0},{"not_picked":["thefirefly:QuantumTunneling","thefirefly:Pacify"],"picked":"thefirefly:SteadyAim","floor":13.0},{"not_picked":["thefirefly:Pacify","thefirefly:Distort","thefirefly:Ruminate"],"picked":"SKIP","floor":14.0},{"not_picked":["thefirefly:Cosmogenesis","thefirefly:Regeneration"],"picked":"thefirefly:CreateClone","floor":16.0},{"not_picked":["thefirefly:Distort","GravityBeat","AsteroidBelt"],"picked":"thefirefly:Reposition","floor":18.0},{"not_picked":["LuminesStrike","thefirefly:Boost","thefirefly:Rend+1"],"picked":"FairyDestructionRay","floor":19.0},{"not_picked":["DC+1","thefirefly:RollBack","thefirefly:LaserBarrage"],"picked":"SprinkleStarSeal","floor":22.0},{"not_picked":["MaximisePower+1","thefirefly:InterceptingShot","thefirefly:AutoTargeting"],"picked":"thefirefly:FlakCannon+1","floor":24.0},{"not_picked":["thefirefly:ShieldArray+1","ShootingEcho+1","StarDustReverie+1"],"picked":"thefirefly:CoveringFire+1","floor":27.0},{"not_picked":["thefirefly:EvasiveManeuver+1","EventHorizon","GravityBeat"],"picked":"EarthLightRay+1","floor":28},{"not_picked":["GasGiant+1","thefirefly:ShieldArray+1","ManaConvection+1"],"picked":"OortCloud","floor":29},{"not_picked":["GrandCross+1","thefirefly:LaserBarrage","ManaRampage+1"],"picked":"PropBag+1","floor":31},{"not_picked":["MaximisePower+1","MillisecondPulsars","ManaRampage+1"],"picked":"thefirefly:SoulStrike","floor":33},{"not_picked":["WitchLeyline","thefirefly:Teleport+1","thefirefly:Preload+1"],"picked":"thefirefly:EMP+1","floor":35},{"not_picked":["thefirefly:SteadyAim+1","RefractionSpark","Singularity"],"picked":"thefirefly:EnergyShield+1","floor":37},{"not_picked":["StuffTheSpire:Perfection","StuffTheSpire:Harmony"],"picked":"StuffTheSpire:Vigor","floor":38},{"not_picked":["SporeBomb+1","thefirefly:Distort+1","thefirefly:Teleport+1"],"picked":"EnergyRecoil+1","floor":40},{"not_picked":["6A+1","WitchOfGreed","thefirefly:Flight+1"],"picked":"thefirefly:MirrorShield+1","floor":41},{"not_picked":["thefirefly:PotentAmmunition+1","DC+1","GrandCross"],"picked":"MagicAbsorber+1","floor":42},{"not_picked":["OpenUniverse+1","thefirefly:ShieldArray+1","OrrerysSun+1"],"picked":"thefirefly:ShieldGenerator","floor":44},{"not_picked":["thefirefly:LaserBarrage","GravityBeat","Acceleration+1"],"picked":"AlicesGift+1","floor":45},{"not_picked":["GalacticHalo+1","DC","thefirefly:FlareScreen+1"],"picked":"thefirefly:Preload+1","floor":46},{"not_picked":["NonDirectionalLaser+1","thefirefly:Exile+1","thefirefly:Distort+1"],"picked":"thefirefly:RollBack+1","floor":47},{"not_picked":["thefirefly:Distort+1","StarBarrage+1","thefirefly:Preload+1"],"picked":"thefirefly:AccountUncertainty+1","floor":47},{"not_picked":["thefirefly:InterceptingShot","MeteoricShower","thefirefly:AlphaStrike"],"picked":"MilkyWay+1","floor":48},{"not_picked":["thefirefly:Lamentation","Orbital+1","MagicAbsorber+1"],"picked":"thefirefly:ArtillleryBeam+1","floor":48}],"player_experience":1814216,"relics_obtained":[{"floor":7.0,"key":"Replay:Baseball"},{"floor":9.0,"key":"White Beast Statue"},{"floor":11.0,"key":"Vajra"},{"floor":14.0,"key":"halation:VictoryRuler"},{"floor":24.0,"key":"Toxic Egg 2"},{"floor":26.0,"key":"StuffTheSpire:Gunfinga"},{"floor":31,"key":"thefirefly:LongRangeScanner"},{"floor":40,"key":"Bag of Marbles"},{"floor":43,"key":"hubris:SphereOfDissonance"},{"floor":46,"key":"Prayer Wheel"}],"event_choices":[{"damage_healed":0.0,"max_hp_gain":0.0,"max_hp_loss":0.0,"gold_gain":0.0,"event_name":"conspire:LoneGhost","player_choice":"Argue","floor":2.0,"gold_loss":0.0,"damage_taken":0.0},{"damage_healed":0.0,"max_hp_gain":0.0,"max_hp_loss":0.0,"gold_gain":75.0,"event_name":"FaceTrader","player_choice":"Touch","floor":3.0,"gold_loss":0.0,"damage_taken":5.0},{"cards_removed":["thefirefly:Strike"],"damage_healed":0.0,"max_hp_gain":0.0,"max_hp_loss":0.0,"gold_gain":0.0,"event_name":"Designer","player_choice":"Upgrade and Remove","floor":21.0,"gold_loss":90.0,"damage_taken":0.0,"cards_upgraded":["thefirefly:InterceptingShot"]}],"is_beta":false,"boss_relics":[{"not_picked":["Runic Dome","halation:HeavySnake"],"picked":"aspiration:MarisaSkillbook"},{"not_picked":["StuffTheSpire:RunicHypercube","halation:Prosthetics"],"picked":"construct:ClawGrip"}],"items_purged_floors":[20,36],"is_endless":false,"potions_floor_spawned":[8,11,13,14,16,18,19,22,24,27,28,29,31,33,35,37,40,41,42,44,45,46,47,48,50],"ascension_level":5}}