{"host":"684z1xpuwaoqmmh1","time":1610898543,"event":{"mods":["Bard","BaseMod","Downfall","Hermit","Jorbs\u0027s Wanderer Trilogy","Marisa????????","Minty Spire (QoL Compilation)","Robot Space Explorer","Shade Mod","StSLib","The Bug Knight","The Cursed","The Hayseed","The Hierophant","The Marked","The Mystic","The Runesmith","The Senshi","The Spell Scribe"],"gold_per_floor":[112,130,145,164,16,16,43,43,43,55,81,96,116,5,5,104,104,118,137,149,166,166,166,166],"floor_reached":23,"language":"ENG","playtime":2433,"items_purged":["Runesmith:Strike_RS"],"score":278,"play_id":"08d9f7e2-76af-4cba-8558-9e0e347f79a8","local_time":"20210117174903","is_ascension_mode":true,"campfire_choices":[{"data":"Runesmith:Fortify","floor":6.0,"key":"SMITH"},{"data":"Runesmith:HammerThrow","floor":8.0,"key":"SMITH"},{"data":"Runesmith:CraftPrismatica","floor":15.0,"key":"SMITH"}],"circlet_count":0,"master_deck":["Runesmith:Strike_RS","Runesmith:Defend_RS","Runesmith:Defend_RS","Runesmith:Defend_RS","Runesmith:CraftFirestone+1","Runesmith:Fortify+1","Runesmith:UnstableHammer","Runesmith:PerfectChisel","Runesmith:Firestorm","Runesmith:HammerThrow+1","Runesmith:Superposition","Runesmith:PoweredAnvil","Runesmith:CraftPrismatica+1","Runesmith:HeatedChisel","Runesmith:CraftVitae","Runesmith:Supernova","Runesmith:ArcReactor+1","Runesmith:NegativeSpace+1","Runesmith:Refine+1","Runesmith:OneForEveryone","Runesmith:CraftMagma+1"],"relics":["Runesmith:BrokenRuby","Happy Flower","Tiny Chest","hexamod:CandleOfCauterizing","Runesmith:Nanobots","Astrolabe","MutagenicStrength"],"acts_visited":["Exordium","TheCity"],"potions_floor_usage":[23],"damage_taken":[{"damage":2.0,"enemies":"Jaw Worm","floor":1.0,"turns":4.0},{"damage":0.0,"enemies":"Small Slimes","floor":2.0,"turns":2.0},{"damage":1.0,"enemies":"2 Louse","floor":3.0,"turns":3.0},{"damage":0.0,"enemies":"2 Fungi Beasts","floor":4.0,"turns":3.0},{"damage":20.0,"enemies":"Lagavulin","floor":7.0,"turns":6.0},{"damage":9.0,"enemies":"Looter","floor":10.0,"turns":4.0},{"damage":0.0,"enemies":"Gremlin Nob","floor":11.0,"turns":3.0},{"damage":8.0,"enemies":"Blue Slaver","floor":12.0,"turns":3.0},{"damage":0.0,"enemies":"Red Slaver","floor":13.0,"turns":1.0},{"damage":25.0,"enemies":"Slime Boss","floor":16.0,"turns":10.0},{"damage":22.0,"enemies":"3 Byrds","floor":18.0,"turns":7.0},{"damage":0.0,"enemies":"Chosen","floor":19.0,"turns":3.0},{"damage":2.0,"enemies":"Centurion and Healer","floor":20.0,"turns":5.0},{"damage":19,"enemies":"Sentry and Sphere","floor":21,"turns":6},{"damage":27,"enemies":"Book of Stabbing","floor":23,"turns":4}],"seed_played":"3719250884791869374","potions_obtained":[{"floor":4.0,"key":"Fire Potion"},{"floor":7.0,"key":"PowerPotion"},{"floor":11.0,"key":"hexamod:SoulburnPotion"},{"floor":12.0,"key":"Ancient Potion"},{"floor":19.0,"key":"Weak Potion"}],"is_trial":false,"path_per_floor":["M","M","M","M","$","R","E","R","T","M","E","M","M","$","R","B",null,"M","M","M","M","?","E"],"character_chosen":"RUNESMITH_CLASS","items_purchased":["Happy Flower","Runesmith:CraftVitae"],"campfire_rested":0,"item_purchase_floors":[5,14],"current_hp_per_floor":[68,68,67,67,67,67,47,47,47,38,38,30,30,30,30,5,70,48,48,46,27,27,0,0],"gold":166,"neow_bonus":"UPGRADE_CARD","is_daily":false,"chose_seed":false,"campfire_upgraded":3,"win_rate":0.0,"timestamp":1610898543,"path_taken":["M","M","M","M","$","R","E","R","T","M","E","M","M","$","R","BOSS","M","M","M","M","?","E"],"items_purchased_type":["Relic","Card"],"build_version":"2020-12-22","purchased_purges":1,"victory":false,"max_hp_per_floor":[70,70,70,70,70,70,70,70,70,70,70,70,70,70,70,70,70,70,70,70,70,70,70,70],"card_choices":[{"not_picked":["Runesmith:BackupBattery","Runesmith:MakeshiftArmor"],"picked":"Runesmith:UnstableHammer","floor":1.0},{"not_picked":["Runesmith:ShiftingStrike","Runesmith:NanitesCloud"],"picked":"Runesmith:PerfectChisel","floor":2.0},{"not_picked":["Runesmith:CraftMagma","Runesmith:DoubleUp"],"picked":"Runesmith:Firestorm","floor":3.0},{"not_picked":["Runesmith:HeatExchange","Runesmith:Repurpose","Runesmith:UnstableHammer"],"picked":"SKIP","floor":4.0},{"not_picked":["Runesmith:CraftReservo","Runesmith:UnstableHammer"],"picked":"Runesmith:HammerThrow","floor":7.0},{"not_picked":["Runesmith:Reinforce","Runesmith:Repurpose"],"picked":"Runesmith:Superposition","floor":10.0},{"not_picked":["Runesmith:Repurpose","Runesmith:Retool"],"picked":"Runesmith:PoweredAnvil","floor":11.0},{"not_picked":["Runesmith:LithiumIon","Runesmith:ChiselStab"],"picked":"Runesmith:CraftPrismatica","floor":12.0},{"not_picked":["Runesmith:HammerTime","Runesmith:StaticCage"],"picked":"Runesmith:HeatedChisel","floor":13.0},{"not_picked":["Runesmith:FissionHammer","Runesmith:LightningRod"],"picked":"Runesmith:Supernova","floor":16.0},{"not_picked":["Runesmith:HammerThrow+1","Runesmith:Malloc"],"picked":"Runesmith:OneForEveryone","floor":18.0},{"not_picked":["Runesmith:UnstableHammer+1","Runesmith:PerfectChisel+1","Runesmith:Reinforce"],"picked":"SKIP","floor":19.0},{"not_picked":["Runesmith:CraftMagma","Runesmith:UnstableHammer+1","Runesmith:Repurpose"],"picked":"SKIP","floor":20.0},{"not_picked":["Runesmith:Superposition","Runesmith:HeatedChisel"],"picked":"Runesmith:CraftMagma+1","floor":21}],"player_experience":2861654,"relics_obtained":[{"floor":7.0,"key":"Tiny Chest"},{"floor":9.0,"key":"hexamod:CandleOfCauterizing"},{"floor":11.0,"key":"Runesmith:Nanobots"}],"event_choices":[{"damage_healed":0,"gold_gain":0,"player_choice":"Inject Mutagens","damage_taken":0,"relics_obtained":["MutagenicStrength"],"max_hp_gain":0,"max_hp_loss":0,"event_name":"Drug Dealer","floor":22,"gold_loss":0}],"is_beta":false,"boss_relics":[{"not_picked":["Runesmith:UraniumAnvil","SacredBark"],"picked":"Astrolabe"}],"items_purged_floors":[14],"is_endless":false,"potions_floor_spawned":[4,7,11,12,19],"killed_by":"Book of Stabbing","ascension_level":4}}