{"host":"rl5ku05escnl5kxo","time":1610920394,"event":{"mods":["Act Like it!","BaseMod","Minty Spire (QoL Compilation)","StSLib","The Bug Knight"],"gold_per_floor":[116,131,131,58,74,90,22,22,22,34,45,45,45,62,62,62,62],"floor_reached":16,"language":"ENG","playtime":1083,"items_purged":[],"score":94,"play_id":"4a7bba0f-37d8-4610-9222-de247b415e0a","local_time":"20210117135314","is_ascension_mode":false,"campfire_choices":[{"data":"Prostrate","floor":8,"key":"SMITH"},{"floor":12,"key":"REST"},{"floor":15,"key":"REST"}],"circlet_count":0,"master_deck":["Strike_P","Strike_P","Strike_P","Strike_P","Defend_P","Defend_P","Defend_P","Defend_P","Eruption+1","Vigilance","FlurryOfBlows","BowlingBash","FollowUp","Evaluate","WaveOfTheHand","MentalFortress","Prostrate+1","BowlingBash","Halt","CarveReality","Pray"],"relics":["PureWater","Damaru"],"acts_visited":["Exordium"],"potions_floor_usage":[],"damage_taken":[{"damage":22,"enemies":"Jaw Worm","floor":1,"turns":2},{"damage":0,"enemies":"Cultist","floor":2,"turns":4},{"damage":0,"enemies":"2 Louse","floor":5,"turns":2},{"damage":0,"enemies":"Exordium Thugs","floor":6,"turns":3},{"damage":3,"enemies":"2 Fungi Beasts","floor":10,"turns":3},{"damage":16,"enemies":"Lots of Slimes","floor":11,"turns":3},{"damage":9,"enemies":"Exordium Thugs","floor":14,"turns":4},{"damage":82,"enemies":"The Guardian","floor":16,"turns":6}],"seed_played":"-6795089560503528327","potions_obtained":[{"floor":1,"key":"Explosive Potion"},{"floor":10,"key":"SkillPotion"},{"floor":11,"key":"EntropicBrew"}],"is_trial":false,"path_per_floor":["M","M","?","$","M","M","$","R","T","M","M","R","?","M","R","B"],"character_chosen":"WATCHER","items_purchased":["FollowUp","Evaluate","Prostrate","BowlingBash"],"campfire_rested":2,"item_purchase_floors":[4,4,7,7],"current_hp_per_floor":[57,57,57,57,57,57,57,57,57,54,38,61,61,52,75,0,0],"gold":62,"neow_bonus":"TEN_PERCENT_HP_BONUS","is_daily":false,"chose_seed":false,"campfire_upgraded":1,"win_rate":0.0,"timestamp":1610920394,"path_taken":["M","M","?","$","M","M","$","R","T","?","M","R","?","M","R","BOSS"],"items_purchased_type":["Card","Card","Card","Card"],"build_version":"2020-12-22","purchased_purges":0,"victory":false,"max_hp_per_floor":[79,79,79,79,79,79,79,79,79,79,79,79,79,79,79,79,79],"card_choices":[{"not_picked":["Meditate","Wireheading"],"picked":"FlurryOfBlows","floor":1},{"not_picked":["CutThroughFate","SashWhip"],"picked":"BowlingBash","floor":2},{"not_picked":["FlurryOfBlows","ReachHeaven"],"picked":"WaveOfTheHand","floor":5},{"not_picked":["EmptyFist","FlurryOfBlows"],"picked":"MentalFortress","floor":6},{"not_picked":["FollowUp","CutThroughFate"],"picked":"Halt","floor":10},{"not_picked":["SashWhip","Adaptation"],"picked":"CarveReality","floor":11},{"not_picked":["FollowUp","Protect"],"picked":"Pray","floor":14}],"player_experience":441507,"relics_obtained":[{"floor":9,"key":"Damaru"}],"event_choices":[{"damage_healed":0,"gold_gain":0,"player_choice":"Forge","damage_taken":0,"max_hp_gain":0,"max_hp_loss":0,"event_name":"Accursed Blacksmith","floor":3,"gold_loss":0,"cards_upgraded":["Eruption"]},{"damage_healed":0,"gold_gain":0,"player_choice":"Ignored","damage_taken":0,"max_hp_gain":0,"max_hp_loss":0,"event_name":"Shining Light","floor":13,"gold_loss":0}],"is_beta":false,"boss_relics":[],"items_purged_floors":[],"is_endless":false,"potions_floor_spawned":[1,10,11,14],"killed_by":"The Guardian","ascension_level":0}}