{"host":"fdq5pmhluajjrf8d","time":1610851014,"event":{"mods":["BaseMod","Minty Spire (QoL Compilation)"],"gold_per_floor":[110,130,130,144,144,187,212,228,228,228,248,248,248,269,269,364,364,383,383,34,47,47,47,60,60,84,134,147,147,147],"floor_reached":29,"language":"ENG","playtime":1419,"items_purged":["Defend_R"],"score":454,"play_id":"b64b855c-242e-44ca-b263-b914a8d49086","local_time":"20210116213654","is_ascension_mode":true,"campfire_choices":[{"data":"Rampage","floor":10,"key":"SMITH"},{"data":"Bash","floor":13,"key":"SMITH"},{"data":"Cleave","floor":15,"key":"SMITH"},{"floor":23,"key":"REST"},{"floor":25,"key":"REST"}],"circlet_count":0,"master_deck":["AscendersBane","Strike_R","Strike_R","Strike_R","Defend_R","Defend_R","Bash+1","Cleave+1","Thunderclap","Anger","Disarm","Rampage+1","Double Tap"],"relics":["Burning Blood","Golden Idol","Meat on the Bone","Shuriken","Empty Cage","Pear","Akabeko"],"acts_visited":["Exordium","TheCity"],"potions_floor_usage":[6,11,16,21],"damage_taken":[{"damage":9,"enemies":"Small Slimes","floor":1,"turns":4},{"damage":2,"enemies":"2 Louse","floor":2,"turns":2},{"damage":1,"enemies":"Cultist","floor":4,"turns":3},{"damage":32,"enemies":"Gremlin Nob","floor":6,"turns":4},{"damage":28,"enemies":"Gremlin Gang","floor":7,"turns":3},{"damage":3,"enemies":"3 Louse","floor":8,"turns":3},{"damage":17,"enemies":"Looter","floor":11,"turns":3},{"damage":35,"enemies":"Large Slime","floor":14,"turns":5},{"damage":30,"enemies":"Hexaghost","floor":16,"turns":7},{"damage":12,"enemies":"3 Byrds","floor":18,"turns":4},{"damage":46,"enemies":"2 Thieves","floor":21,"turns":4},{"damage":40,"enemies":"Centurion and Healer","floor":24,"turns":5},{"damage":50,"enemies":"Sentry and Sphere","floor":28,"turns":6},{"damage":34,"enemies":"Slavers","floor":29,"turns":1}],"seed_played":"207778998349413950","potions_obtained":[{"floor":1,"key":"EssenceOfSteel"},{"floor":5,"key":"PowerPotion"},{"floor":5,"key":"PowerPotion"},{"floor":8,"key":"BloodPotion"},{"floor":11,"key":"FearPotion"},{"floor":16,"key":"Ancient Potion"}],"is_trial":false,"path_per_floor":["M","M","?","M","?","E","M","M","T","R","M","?","R","M","R","B",null,"M","?","$","M","?","R","M","R","T","?","M","E"],"character_chosen":"IRONCLAD","items_purchased":["Pear"],"campfire_rested":2,"item_purchase_floors":[20],"current_hp_per_floor":[65,69,69,74,74,48,38,53,53,53,69,69,69,52,52,40,66,60,39,49,21,21,48,26,53,53,53,21,0,0],"gold":147,"neow_bonus":"REMOVE_CARD","is_daily":false,"chose_seed":false,"campfire_upgraded":3,"win_rate":0.0,"timestamp":1610851014,"path_taken":["M","M","?","M","?","E","M","?","T","R","?","?","R","M","R","BOSS","M","?","$","M","?","R","M","R","T","?","M","E"],"items_purchased_type":["Relic"],"build_version":"2020-12-22","purchased_purges":1,"victory":false,"max_hp_per_floor":[75,75,75,75,75,75,75,75,75,75,75,75,75,75,75,75,75,75,80,90,90,90,90,90,90,90,90,90,90,90],"card_choices":[{"not_picked":["Evolve","Burning Pact"],"picked":"Cleave","floor":1},{"not_picked":["Second Wind","Sentinel"],"picked":"Thunderclap","floor":2},{"not_picked":["Twin Strike","Shrug It Off"],"picked":"Anger","floor":4},{"not_picked":["Combust","Cleave"],"picked":"Disarm","floor":6},{"not_picked":["Reckless Charge","Anger","Shrug It Off"],"picked":"SKIP","floor":7},{"not_picked":["Twin Strike","Shrug It Off"],"picked":"Rampage","floor":8},{"not_picked":["Dark Embrace","Ghostly Armor","Wild Strike"],"picked":"SKIP","floor":11},{"not_picked":["Brutality","Heavy Blade","Infernal Blade"],"picked":"SKIP","floor":14},{"not_picked":["Limit Break","Feed"],"picked":"Double Tap","floor":16},{"not_picked":["Searing Blow+1","Rampage","Clash"],"picked":"SKIP","floor":18},{"not_picked":["Searing Blow","Second Wind","Thunderclap"],"picked":"SKIP","floor":21},{"not_picked":["Clothesline","Burning Pact","Rupture"],"picked":"SKIP","floor":24},{"not_picked":["Anger","Iron Wave","Flame Barrier"],"picked":"SKIP","floor":28}],"player_experience":1921770,"relics_obtained":[{"floor":6,"key":"Meat on the Bone"},{"floor":9,"key":"Shuriken"},{"floor":26,"key":"Akabeko"}],"event_choices":[{"damage_healed":0,"gold_gain":0,"player_choice":"Take Wound","damage_taken":0,"relics_obtained":["Golden Idol"],"max_hp_gain":0,"max_hp_loss":0,"event_name":"Golden Idol","floor":3,"gold_loss":0,"cards_obtained":["Injury"]},{"damage_healed":0,"gold_gain":0,"player_choice":"Got Potions","damage_taken":0,"max_hp_gain":0,"max_hp_loss":0,"event_name":"Lab","floor":5,"gold_loss":0},{"cards_removed":["Strike_R"],"damage_healed":0,"gold_gain":0,"player_choice":"Forget","damage_taken":0,"max_hp_gain":0,"max_hp_loss":0,"event_name":"Living Wall","floor":12,"gold_loss":0},{"damage_healed":0,"gold_gain":0,"player_choice":"Shed Blood","damage_taken":26,"max_hp_gain":5,"max_hp_loss":0,"event_name":"Forgotten Altar","floor":19,"gold_loss":0},{"damage_healed":0,"gold_gain":0,"player_choice":"Ignored","damage_taken":0,"max_hp_gain":0,"max_hp_loss":0,"event_name":"Cursed Tome","floor":22,"gold_loss":0},{"damage_healed":0,"gold_gain":50,"player_choice":"Stole From Cult","damage_taken":0,"max_hp_gain":0,"max_hp_loss":0,"event_name":"Nest","floor":27,"gold_loss":0}],"is_beta":false,"boss_relics":[{"not_picked":["Mark of Pain","Ectoplasm"],"picked":"Empty Cage"}],"items_purged_floors":[20],"is_endless":false,"potions_floor_spawned":[1,8,11,16],"killed_by":"Slavers","ascension_level":20}}