{"host":"fdzt26oh6i4vaxrk","time":1610842783,"event":{"mods":["BaseMod","Colored Map","Minty Spire (QoL Compilation)"],"gold_per_floor":[116,130,130,141,156,156,169,169,192,212,212,240,240,15,15,92,92,112,112,27,27,39,39,57,57,106,106,122,148,198,215,215,289,289,307,307,53,68,121,121,121],"floor_reached":40,"language":"ITA","playtime":4324,"items_purged":[],"score":938,"play_id":"97365ae2-68ab-4f8d-9a63-2e776da4aeb5","local_time":"20210117011943","is_ascension_mode":true,"campfire_choices":[{"data":"Chaos","floor":6.0,"key":"SMITH"},{"floor":8.0,"key":"REST"},{"floor":11.0,"key":"REST"},{"data":"White Noise","floor":13.0,"key":"SMITH"},{"data":"Glacier","floor":15.0,"key":"SMITH"},{"floor":23.0,"key":"REST"},{"data":"Defragment","floor":27.0,"key":"SMITH"},{"floor":32.0,"key":"REST"}],"circlet_count":0,"master_deck":["AscendersBane","Strike_B","Zap","Dualcast","Chaos+1","Coolheaded","White Noise+1","Rainbow","Sweeping Beam","Turbo","Cold Snap","Glacier+1","Seek","Compile Driver+1","Defragment+1","Coolheaded","Capacitor+1","White Noise","Hologram","Multi-Cast","Undo+1","Hologram+1","Hyperbeam+1","Doom and Gloom","Glacier","BootSequence"],"relics":["Cracked Core","MealTicket","Pen Nib","Sling","Empty Cage","Ancient Tea Set","Enchiridion","Blood Vial","Regal Pillow","Astrolabe","DataDisk","Thread and Needle"],"acts_visited":["Exordium","TheCity","TheBeyond"],"potions_floor_usage":[38,40],"damage_taken":[{"damage":2.0,"enemies":"2 Louse","floor":1.0,"turns":4.0},{"damage":0.0,"enemies":"Cultist","floor":2.0,"turns":3.0},{"damage":5.0,"enemies":"Jaw Worm","floor":4.0,"turns":5.0},{"damage":7.0,"enemies":"Blue Slaver","floor":5.0,"turns":4.0},{"damage":9.0,"enemies":"3 Louse","floor":7.0,"turns":3.0},{"damage":15.0,"enemies":"Exordium Wildlife","floor":10.0,"turns":5.0},{"damage":5.0,"enemies":"3 Sentries","floor":12.0,"turns":6.0},{"damage":30.0,"enemies":"Hexaghost","floor":16.0,"turns":11.0},{"damage":7.0,"enemies":"Spheric Guardian","floor":18.0,"turns":4.0},{"damage":30.0,"enemies":"2 Thieves","floor":22.0,"turns":3.0},{"damage":0.0,"enemies":"Snecko","floor":24.0,"turns":5.0},{"damage":14.0,"enemies":"Shelled Parasite and Fungi","floor":28.0,"turns":5.0},{"damage":0.0,"enemies":"Book of Stabbing","floor":29.0,"turns":5.0},{"damage":14.0,"enemies":"3 Cultists","floor":31.0,"turns":5.0},{"damage":0.0,"enemies":"Automaton","floor":33.0,"turns":13.0},{"damage":4.0,"enemies":"Orb Walker","floor":35.0,"turns":6.0},{"damage":15,"enemies":"3 Shapes","floor":38,"turns":8},{"damage":17,"enemies":"2 Orb Walkers","floor":39,"turns":5},{"damage":59,"enemies":"Reptomancer","floor":40,"turns":3}],"seed_played":"157209685990967445","potions_obtained":[{"floor":5.0,"key":"FocusPotion"},{"floor":7.0,"key":"Strength Potion"},{"floor":12.0,"key":"BlessingOfTheForge"},{"floor":24.0,"key":"Energy Potion"},{"floor":28.0,"key":"EntropicBrew"},{"floor":33.0,"key":"EssenceOfSteel"},{"floor":39,"key":"Explosive Potion"}],"is_trial":false,"path_per_floor":["M","M","?","M","M","R","M","R","T","M","R","E","R","$","R","B",null,"M","?","?","?","M","R","M","$","T","R","M","E","?","M","R","B",null,"M","?","$","M","?","E"],"character_chosen":"DEFECT","items_purchased":["Sling","Energy Potion","DataDisk","Glacier"],"campfire_rested":4,"item_purchase_floors":[14,14,37,37],"current_hp_per_floor":[62,62,62,57,50,50,41,62,62,47,68,63,63,71,71,41,64,57,57,57,36,6,27,27,42,42,42,30,32,25,13,49,51,66,64,64,71,56,41,0,0],"gold":121,"neow_bonus":"THREE_CARDS","is_daily":false,"chose_seed":false,"campfire_upgraded":4,"win_rate":0.0,"timestamp":1610842783,"path_taken":["M","M","?","M","?","R","M","R","T","M","R","E","R","$","R","BOSS","M","?","?","?","M","R","M","$","T","R","?","E","?","?","R","BOSS","M","?","$","M","?","E"],"items_purchased_type":["Relic","Potion","Relic","Card"],"build_version":"2020-12-22","purchased_purges":0,"victory":false,"max_hp_per_floor":[71,71,71,71,71,71,71,71,71,71,71,71,71,71,71,71,71,71,71,71,71,71,71,71,71,71,71,71,71,71,71,71,71,71,71,71,71,71,71,71,71],"card_choices":[{"not_picked":["Reprogram","Conserve Battery"],"picked":"Chaos","floor":0.0},{"not_picked":["Gash","Barrage"],"picked":"Coolheaded","floor":1.0},{"not_picked":["Conserve Battery","Steam"],"picked":"White Noise","floor":2.0},{"not_picked":["Beam Cell","Coolheaded"],"picked":"Sweeping Beam","floor":4.0},{"not_picked":["Auto Shields","Sweeping Beam"],"picked":"Turbo","floor":5.0},{"not_picked":["Coolheaded","Redo"],"picked":"Cold Snap","floor":7.0},{"not_picked":["Beam Cell","Coolheaded","Turbo"],"picked":"SKIP","floor":10.0},{"not_picked":["Storm","Gash"],"picked":"Glacier","floor":12.0},{"not_picked":["Reboot","Biased Cognition"],"picked":"Seek","floor":16.0},{"not_picked":["Recycle","Sunder"],"picked":"Compile Driver+1","floor":18.0},{"not_picked":["Hologram","Steam"],"picked":"Capacitor+1","floor":22.0},{"not_picked":["Scrape","Hologram"],"picked":"Stack","floor":24.0},{"not_picked":["Rebound+1","Sweeping Beam","Turbo"],"picked":"SKIP","floor":28.0},{"not_picked":["Glacier","Consume"],"picked":"White Noise","floor":29.0},{"not_picked":["Streamline","Barrage"],"picked":"Hologram","floor":31.0},{"not_picked":["Reboot","Seek"],"picked":"Multi-Cast","floor":33.0},{"not_picked":["Coolheaded","Rebound"],"picked":"Doom and Gloom","floor":35.0},{"not_picked":["Reinforced Body","Doom and Gloom+1"],"picked":"BootSequence","floor":38}],"player_experience":585479,"relics_obtained":[{"floor":9.0,"key":"MealTicket"},{"floor":12.0,"key":"Pen Nib"},{"floor":21.0,"key":"Enchiridion"},{"floor":26.0,"key":"Blood Vial"},{"floor":29.0,"key":"Regal Pillow"},{"floor":39,"key":"Thread and Needle"}],"event_choices":[{"damage_healed":0.0,"max_hp_gain":0.0,"max_hp_loss":0.0,"gold_gain":0.0,"event_name":"Match and Keep!","player_choice":"1 cards matched","floor":3.0,"gold_loss":0.0,"damage_taken":0.0,"cards_obtained":["Rainbow"]},{"damage_healed":0.0,"max_hp_gain":0.0,"max_hp_loss":0.0,"gold_gain":0.0,"cards_transformed":["Strike_B","Defend_B"],"event_name":"Drug Dealer","player_choice":"Became Test Subject","floor":19.0,"gold_loss":0.0,"damage_taken":0.0,"cards_obtained":["Defragment","Coolheaded"]},{"damage_healed":0.0,"max_hp_gain":0.0,"max_hp_loss":0.0,"gold_gain":0.0,"event_name":"Addict","player_choice":"Obtained Relic","floor":20.0,"gold_loss":85.0,"damage_taken":0.0,"relics_obtained":["Ancient Tea Set"]},{"damage_healed":0.0,"max_hp_gain":0.0,"max_hp_loss":0.0,"gold_gain":0.0,"event_name":"Cursed Tome","player_choice":"Obtained Book","floor":21.0,"gold_loss":0.0,"damage_taken":21.0},{"damage_healed":0.0,"max_hp_gain":0.0,"max_hp_loss":0.0,"gold_gain":50.0,"event_name":"FaceTrader","player_choice":"Touch","floor":30.0,"gold_loss":0.0,"damage_taken":7.0},{"cards_removed":["Stack"],"damage_healed":0.0,"max_hp_gain":0.0,"max_hp_loss":0.0,"gold_gain":0.0,"event_name":"Falling","player_choice":"Removed Skill","floor":36.0,"gold_loss":0.0,"damage_taken":0.0},{"damage_healed":0,"gold_gain":0,"player_choice":"Fight","damage_taken":0,"max_hp_gain":0,"max_hp_loss":0,"event_name":"Mysterious Sphere","floor":39,"gold_loss":0}],"is_beta":false,"boss_relics":[{"not_picked":["Sozu","Philosopher\u0027s Stone"],"picked":"Empty Cage"},{"not_picked":["Black Star","FrozenCore"],"picked":"Astrolabe"}],"items_purged_floors":[],"is_endless":false,"potions_floor_spawned":[5,7,12,24,28,33,39],"killed_by":"Reptomancer","ascension_level":19}}