{"host":"lf8w6lk2ipwfzeol","time":1610870126,"event":{"mods":["ATMod(°¢èªMod)","Act Like it!","BaseMod","Downfall","Hermit","Minty Spire (QoL Compilation)","Quick Restart","Robot Space Explorer","StSLib","TestMod","The Cursed","The Hierophant","The Marked","The Runesmith","The Servant 0.9.4","Youmu£¨»êÆÇÑýÃÎ£©"],"gold_per_floor":[110,139,139,314,328,328,328,362,386,405,417,430,708,723,723,833,833,856,869,869,869,304,304,337,337,337,337,351,380,401,326,326,432,432,445,462,462,483,504,520,552,630,630,630,655,655,670,688,688,692,692],"floor_reached":50,"language":"ZHS","playtime":2602,"items_purged":["Decay","AT_Dispersion","AT_DrawKnifeCut","Strike_R"],"score":696,"play_id":"b0e063be-976a-4bcf-a9ae-d05593ae88ed","local_time":"20210117155526","is_ascension_mode":true,"campfire_choices":[{"data":"Armaments","floor":6.0,"key":"SMITH"},{"data":"Limit Break","floor":15.0,"key":"SMITH"},{"data":"Barricade","floor":23.0,"key":"SMITH"},{"data":"AT_BodySlamDance","floor":25.0,"key":"SMITH"},{"data":"Brutality","floor":27.0,"key":"SMITH"},{"data":"Heavy Blade","floor":32.0,"key":"SMITH"},{"data":"Body Slam","floor":49.0,"key":"SMITH"}],"circlet_count":0,"master_deck":["Strike_R","Strike_R+1","Strike_R","Defend_R","Defend_R","Defend_R","Shrug It Off+1","AT_Dispersion+1","Limit Break+1","Armaments+1","Inflame","Cleave","Headbutt","Perfected Strike","Brutality+1","Heavy Blade+1","Pommel Strike","Combust+1","Barricade+1","CurseOfTheBell","Flex+1","Juggernaut","AT_BodySlamDance+1","Pommel Strike+1","Pommel Strike+1","Berserk","Dual Wield+1","Body Slam+1","Metallicize+1","Havoc+1","testmod-PainDetonator","Madness"],"relics":["Burning Blood","AT_ATBox","testmod-TestBox","testmod-IWantAll","AT_LudenTempest","DollysMirror","testmod-Acrobat","Charon\u0027s Ashes","Lantern","PreservedInsect","Meat on the Bone","Boot","Orrery","Calling Bell","MealTicket","AT_ForceNature","testmod-FatalChain","Spirit Poop","ClockworkSouvenir","Blood Vial","Anchor","Centennial Puzzle","testmod-Justice","Unceasing Top","Black Star","testmod-InjuryResistance","Strawberry","Pen Nib","PrismaticShard","AT_SilvercatRing","Runesmith:AutoHammer"],"acts_visited":["Exordium","TheCity","TheBeyond"],"potions_floor_usage":[50,50],"damage_taken":[{"damage":5.0,"enemies":"Jaw Worm","floor":1.0,"turns":3.0},{"damage":0.0,"enemies":"Small Slimes","floor":5.0,"turns":3.0},{"damage":16.0,"enemies":"Lagavulin","floor":8.0,"turns":5.0},{"damage":0.0,"enemies":"2 Louse","floor":10.0,"turns":3.0},{"damage":12.0,"enemies":"Blue Slaver","floor":11.0,"turns":2.0},{"damage":1.0,"enemies":"Exordium Wildlife","floor":12.0,"turns":3.0},{"damage":2.0,"enemies":"Lots of Slimes","floor":14.0,"turns":3.0},{"damage":28.0,"enemies":"Hexaghost","floor":16.0,"turns":6.0},{"damage":7.0,"enemies":"2 Thieves","floor":18.0,"turns":3.0},{"damage":0.0,"enemies":"Shell Parasite","floor":19.0,"turns":4.0},{"damage":26.0,"enemies":"Slavers","floor":24.0,"turns":4.0},{"damage":5.0,"enemies":"Centurion and Healer","floor":28.0,"turns":4.0},{"damage":12.0,"enemies":"Gremlin Leader","floor":29.0,"turns":4.0},{"damage":0.0,"enemies":"3 Cultists","floor":30.0,"turns":2.0},{"damage":0.0,"enemies":"Champ","floor":33.0,"turns":7.0},{"damage":16.0,"enemies":"3 Darklings","floor":35.0,"turns":5.0},{"damage":0.0,"enemies":"3 Shapes","floor":36.0,"turns":2.0},{"damage":10.0,"enemies":"3 Darklings","floor":38.0,"turns":3.0},{"damage":12.0,"enemies":"4 Shapes","floor":39.0,"turns":4.0},{"damage":29.0,"enemies":"Sphere and 2 Shapes","floor":40.0,"turns":4.0},{"damage":0.0,"enemies":"Giant Head","floor":41.0,"turns":5.0},{"damage":8.0,"enemies":"Transient","floor":45.0,"turns":5.0},{"damage":19.0,"enemies":"Writhing Mass","floor":47.0,"turns":3.0},{"damage":53.0,"enemies":"Jaw Worm Horde","floor":48.0,"turns":4.0},{"damage":36,"enemies":"Awakened One","floor":50,"turns":3}],"seed_played":"-5256850098557520637","potions_obtained":[{"floor":1.0,"key":"Fire Potion"},{"floor":5.0,"key":"LiquidMemories"},{"floor":11.0,"key":"SteroidPotion"},{"floor":12.0,"key":"DistilledChaos"},{"floor":18.0,"key":"SpeedPotion"},{"floor":24.0,"key":"Energy Potion"},{"floor":29.0,"key":"LiquidMemories"},{"floor":36.0,"key":"DistilledChaos"},{"floor":39.0,"key":"BlessingOfTheForge"},{"floor":41.0,"key":"Strength Potion"}],"is_trial":false,"path_per_floor":["M","$","?","?","M","R","?","E","T","M","M","M","$","M","R","B",null,"M","M","?","?","$","R","E","R","T","R","M","E","M","?","R","B",null,"M","M","?","M","M","M","E","$","T","?","M","?","M","M","R","B"],"character_chosen":"IRONCLAD","items_purchased":["DollysMirror","testmod-Acrobat","Charon\u0027s Ashes","Limit Break","Armaments","Inflame","Meat on the Bone","Boot","Orrery","ClockworkSouvenir","Blood Vial","Anchor","Pen Nib","PrismaticShard","AT_SilvercatRing"],"campfire_rested":0,"item_purchase_floors":[2,2,2,2,2,2,13,13,13,22,22,22,42,42,42],"current_hp_per_floor":[80,80,80,80,80,80,64,54,54,60,54,59,59,63,63,53,80,79,80,72,72,80,80,60,60,60,60,63,59,67,67,67,75,80,70,78,78,76,72,51,66,81,81,81,81,77,66,33,33,0,0],"gold":692,"neow_bonus":"ONE_RARE_RELIC","is_daily":false,"chose_seed":false,"campfire_upgraded":7,"win_rate":0.0,"timestamp":1610870126,"path_taken":["M","$","?","?","M","R","?","E","T","M","M","M","?","M","R","BOSS","M","M","?","?","$","R","E","R","T","R","?","E","M","?","R","BOSS","M","M","?","?","?","M","E","?","T","?","M","?","M","M","R","BOSS"],"items_purchased_type":["Relic","Relic","Relic","Card","Card","Card","Relic","Relic","Relic","Relic","Relic","Relic","Relic","Relic","Relic"],"build_version":"2020-12-22","purchased_purges":4,"victory":false,"max_hp_per_floor":[80,80,80,80,80,80,80,80,80,80,80,80,80,80,80,80,80,80,80,80,80,80,80,80,80,80,80,80,80,80,80,80,80,80,80,80,80,80,80,80,87,87,87,87,87,87,87,87,87,87,87],"card_choices":[{"not_picked":["Iron Wave","Battle Trance"],"picked":"Shrug It Off","floor":1.0},{"not_picked":["AT_DiedThrough","Sever Soul"],"picked":"AT_DrawKnifeCut","floor":5.0},{"not_picked":["Warcry","Fiend Fire"],"picked":"Cleave","floor":8.0},{"not_picked":["Twin Strike","AT_CaressingTears"],"picked":"Headbutt","floor":10.0},{"not_picked":["Shockwave","Twin Strike","Warcry"],"picked":"SKIP","floor":11.0},{"not_picked":["Anger","AT_BodySlamDance"],"picked":"Perfected Strike","floor":12.0},{"not_picked":["True Grit","Sword Boomerang"],"picked":"Brutality","floor":13.0},{"not_picked":["Hemokinesis","Reaper"],"picked":"Heavy Blade","floor":13.0},{"not_picked":["Burning Pact","Metallicize"],"picked":"Pommel Strike","floor":13.0},{"not_picked":["Burning Pact","AT_BodySlamDance"],"picked":"Combust","floor":14.0},{"not_picked":["Fiend Fire","Limit Break"],"picked":"Barricade","floor":16.0},{"not_picked":["Sword Boomerang","Cleave"],"picked":"Flex+1","floor":18.0},{"not_picked":["Flex+1","Sword Boomerang+1"],"picked":"Juggernaut","floor":19.0},{"not_picked":["Perfected Strike","Anger"],"picked":"AT_BodySlamDance","floor":24.0},{"not_picked":["Warcry+1","Hemokinesis+1"],"picked":"Pommel Strike+1","floor":28.0},{"not_picked":["Headbutt","Shrug It Off"],"picked":"Pommel Strike+1","floor":29.0},{"not_picked":["Infernal Blade","Pummel","Immolate"],"picked":"SKIP","floor":30.0},{"not_picked":["AT_Dispersion","Impervious"],"picked":"Berserk","floor":33.0},{"not_picked":["Shrug It Off+1","Armaments"],"picked":"Dual Wield+1","floor":35.0},{"not_picked":["Iron Wave","Sword Boomerang","Twin Strike"],"picked":"SKIP","floor":36.0},{"not_picked":["Heavy Blade","Dark Embrace"],"picked":"Body Slam","floor":38.0},{"not_picked":["Body Slam+1","Havoc+1","AT_BodySlamDance+1"],"picked":"SKIP","floor":39.0},{"not_picked":["Heavy Blade","Body Slam+1","Anger+1"],"picked":"SKIP","floor":40.0},{"not_picked":["Uppercut","Flex"],"picked":"Metallicize+1","floor":41.0},{"not_picked":["sneckomod:UnknownBlock","PiercingWail+1"],"picked":"Havoc+1","floor":45.0},{"not_picked":["Finesse","testmod-Mystery"],"picked":"testmod-PainDetonator","floor":46.0},{"not_picked":["testmod-SunMoon","Purity"],"picked":"Madness","floor":46.0},{"not_picked":["theMarked:StartUp","TheCursedMod:Wield+1","Dodge and Roll"],"picked":"SKIP","floor":47.0},{"not_picked":["bronze:DelayedGuard+1","CherryBlossomFlashing+1","FlurryOfBlows+1"],"picked":"SKIP","floor":48.0}],"player_experience":134139,"relics_obtained":[{"floor":8.0,"key":"Lantern"},{"floor":9.0,"key":"PreservedInsect"},{"floor":17.0,"key":"MealTicket"},{"floor":17.0,"key":"AT_ForceNature"},{"floor":17.0,"key":"testmod-FatalChain"},{"floor":24.0,"key":"Centennial Puzzle"},{"floor":26.0,"key":"testmod-Justice"},{"floor":29.0,"key":"Unceasing Top"},{"floor":41.0,"key":"testmod-InjuryResistance"},{"floor":41.0,"key":"Strawberry"},{"floor":43.0,"key":"Runesmith:AutoHammer"}],"event_choices":[{"damage_healed":0.0,"max_hp_gain":0.0,"max_hp_loss":0.0,"gold_gain":0.0,"event_name":"Living Wall","player_choice":"Grow","floor":3.0,"gold_loss":0.0,"damage_taken":0.0,"cards_upgraded":["AT_Dispersion"]},{"damage_healed":0.0,"max_hp_gain":0.0,"max_hp_loss":0.0,"gold_gain":175.0,"event_name":"Liars Game","player_choice":"AGREE","floor":4.0,"gold_loss":0.0,"damage_taken":0.0,"cards_obtained":["Doubt"]},{"damage_healed":0.0,"max_hp_gain":0.0,"max_hp_loss":0.0,"gold_gain":0.0,"event_name":"Shining Light","player_choice":"Entered Light","floor":7.0,"gold_loss":0.0,"damage_taken":16.0,"cards_upgraded":["Shrug It Off","Strike_R"]},{"damage_healed":0.0,"max_hp_gain":0.0,"max_hp_loss":0.0,"gold_gain":0.0,"event_name":"¶÷ÂåË¹µÄÅÌ×Ó","player_choice":"Ignored","floor":20.0,"gold_loss":0.0,"damage_taken":8.0},{"cards_removed":["Doubt"],"damage_healed":0.0,"max_hp_gain":0.0,"max_hp_loss":0.0,"gold_gain":0.0,"event_name":"Bonfire Elementals","player_choice":"Offered Curse","floor":21.0,"gold_loss":0.0,"damage_taken":0.0,"relics_obtained":["Spirit Poop"]},{"cards_removed":["Defend_R"],"damage_healed":0.0,"max_hp_gain":0.0,"max_hp_loss":0.0,"gold_gain":0.0,"event_name":"Beggar","player_choice":"Gave Gold","floor":31.0,"gold_loss":75.0,"damage_taken":0.0},{"cards_removed":["Strike_R"],"damage_healed":0.0,"max_hp_gain":0.0,"max_hp_loss":0.0,"gold_gain":0.0,"event_name":"Purifier","player_choice":"Purged","floor":37.0,"gold_loss":0.0,"damage_taken":0.0},{"cards_removed":["Bash"],"damage_healed":0.0,"max_hp_gain":0.0,"max_hp_loss":0.0,"gold_gain":0.0,"event_name":"Falling","player_choice":"Removed Attack","floor":44.0,"gold_loss":0.0,"damage_taken":0.0},{"damage_healed":0.0,"max_hp_gain":0.0,"max_hp_loss":0.0,"gold_gain":0.0,"event_name":"SensoryStone","player_choice":"Memory 3","floor":46.0,"gold_loss":0.0,"damage_taken":10.0}],"is_beta":false,"boss_relics":[{"not_picked":["bronze:MakeshiftBattery","Fusion Hammer"],"picked":"Calling Bell"},{"not_picked":["Runic Pyramid","AT_MortalBlade"],"picked":"Black Star"}],"items_purged_floors":[2,13,22,42],"is_endless":false,"potions_floor_spawned":[1,5,11,12,18,24,29,36,39,41],"killed_by":"Awakened One","ascension_level":1}}