{"host":"cdcsem0stf6rethc","time":1610866258,"event":{"mods":["AchievementEnabler","BaseMod","Colored Map","Highlight Path","Minty Spire (QoL Compilation)","StSLib","The Animator"],"gold_per_floor":[118,118,43,43,43,43,43,62,85,85,104,123,123,134,134,230,230,245,245,245,260,260,260,291,291,373,288,288,308,308,322,322,421,421,432,443,493,151,151,151,182,194,206,93,93,109,109,109,109],"floor_reached":48,"language":"ENG","playtime":2055,"items_purged":["animator:Strike","animator:ReineMurasame","animator:Alexander"],"score":489,"play_id":"c8f293cb-7d72-47b6-a1f8-2a27add091b1","local_time":"20210117145058","is_ascension_mode":false,"campfire_choices":[{"data":"animator:YamaiSisters","floor":6,"key":"SMITH"},{"data":"animator:YamaiSisters+1","floor":10,"key":"SMITH"},{"data":"animator:ShidoItsuka","floor":13,"key":"SMITH"},{"data":"animator:OrigamiTobiichi","floor":15,"key":"SMITH"},{"data":"animator:YamaiSisters+3","floor":23,"key":"SMITH"},{"data":"animator:YamaiSisters+4","floor":25,"key":"SMITH"},{"floor":30,"key":"REST"},{"floor":32,"key":"REST"},{"data":"animator:KurumiTokisaki","floor":40,"key":"SMITH"},{"data":"animator:ShidoItsuka","floor":42,"key":"SMITH"},{"data":"animator:YamaiSisters+5","floor":45,"key":"SMITH"},{"data":"animator:YamaiSisters+6","floor":47,"key":"SMITH"}],"circlet_count":0,"master_deck":["animator:Defend_Fate","animator:Rider","animator:YamaiSisters+7","animator:OrigamiTobiichi+1","animator:ShidoItsuka+1","animator:SilverFang+1","animator:KurumiTokisaki+1","animator:MikuIzayoi","animator:ShidoItsuka+1","animator:YamaiSisters"],"relics":["animator:LivingPicture","animator:TheMissingPiece","NeowsBlessing","animator:ShionDessert","Velvet Choker","TungstenRod","animator:BattleDrones","Strawberry","InkBottle","animator:RacePiece","animator:HeavyHalberd","Bottled Flame","MawBank"],"acts_visited":["Exordium","TheCity","TheBeyond"],"potions_floor_usage":[24,24,48,48],"damage_taken":[{"damage":0,"enemies":"Small Slimes","floor":1,"turns":1},{"damage":0,"enemies":"2 Louse","floor":8,"turns":1},{"damage":0,"enemies":"Cultist","floor":11,"turns":1},{"damage":3,"enemies":"3 Louse","floor":12,"turns":4},{"damage":0,"enemies":"Looter","floor":14,"turns":4},{"damage":43,"enemies":"Hexaghost","floor":16,"turns":8},{"damage":11,"enemies":"2 Thieves","floor":18,"turns":4},{"damage":1,"enemies":"Shell Parasite","floor":21,"turns":5},{"damage":56,"enemies":"Book of Stabbing","floor":24,"turns":7},{"damage":3,"enemies":"Centurion and Healer","floor":29,"turns":7},{"damage":28,"enemies":"Cultist and Chosen","floor":31,"turns":7},{"damage":23,"enemies":"Automaton","floor":33,"turns":10},{"damage":8,"enemies":"3 Shapes","floor":35,"turns":5},{"damage":0,"enemies":"Orb Walker","floor":36,"turns":3},{"damage":12,"enemies":"Mind Bloom Boss Battle","floor":37,"turns":7},{"damage":0,"enemies":"Reptomancer","floor":41,"turns":6},{"damage":7,"enemies":"Maw","floor":46,"turns":7},{"damage":54,"enemies":"2 Orb Walkers","floor":48,"turns":5}],"seed_played":"1373967728285580202","potions_obtained":[{"floor":1,"key":"SkillPotion"},{"floor":14,"key":"Strength Potion"},{"floor":18,"key":"Swift Potion"},{"floor":31,"key":"Energy Potion"},{"floor":33,"key":"FearPotion"}],"is_trial":false,"path_per_floor":["M","?","$","?","?","R","?","M","T","R","M","M","R","M","R","B",null,"M","?","?","M","?","R","E","R","T","?","T","M","R","M","R","B",null,"M","M","?","$","?","R","E","R","T","$","R","M","R","?"],"character_chosen":"THE_ANIMATOR","items_purchased":["Bottled Flame"],"campfire_rested":2,"item_purchase_floors":[38],"current_hp_per_floor":[66,66,66,71,64,64,64,64,64,64,64,61,61,61,61,18,71,60,60,60,59,71,71,15,15,15,22,22,19,42,14,37,14,78,70,70,58,58,58,58,58,58,58,58,58,51,51,0,0],"gold":109,"neow_bonus":"THREE_ENEMY_KILL","is_daily":false,"chose_seed":true,"campfire_upgraded":10,"win_rate":0.0,"timestamp":1610866258,"path_taken":["M","?","$","?","?","R","?","M","T","R","M","?","R","M","R","BOSS","M","?","?","?","?","R","E","R","T","?","?","M","R","M","R","BOSS","M","M","?","$","?","R","E","R","T","$","R","M","R","?"],"items_purchased_type":["Relic"],"build_version":"2020-12-22","purchased_purges":3,"victory":false,"max_hp_per_floor":[66,66,66,71,71,71,71,71,71,71,71,71,71,71,71,71,71,71,71,71,71,71,71,71,71,71,78,78,78,78,78,78,78,78,78,78,78,78,78,78,78,78,78,78,78,78,78,78,78],"card_choices":[{"not_picked":["animator:CowGirl","animator:Alexander"],"picked":"animator:YamaiSisters","floor":1},{"not_picked":["animator:Entoma","animator:KaguyaHouraisan","animator:Evileye"],"picked":"SKIP","floor":8},{"not_picked":["animator:TohkaYatogami","animator:Assassin"],"picked":"animator:OrigamiTobiichi","floor":11},{"not_picked":["animator:TohkaYatogami","animator:NiaHonjou"],"picked":"animator:ShidoItsuka","floor":12},{"not_picked":["animator:TohkaYatogami","animator:MetalKnight","animator:NarberalGamma"],"picked":"SKIP","floor":14},{"not_picked":["animator:NarberalGamma","animator:Priestess+1","animator:Illya"],"picked":"SKIP","floor":18},{"not_picked":["animator:Assassin","animator:Alexander","animator:Demiurge"],"picked":"SKIP","floor":21},{"not_picked":["animator:DwarfShaman","animator:Tatsumaki","animator:RoryMercury"],"picked":"SKIP","floor":29},{"not_picked":["animator:Priestess","animator:HighElfArcher"],"picked":"animator:SilverFang+1","floor":31},{"not_picked":["animator:KoishiKomeiji","animator:HiedaNoAkyuu"],"picked":"animator:KurumiTokisaki","floor":33},{"not_picked":["animator:Sonic+1","animator:Evileye+1","animator:DwarfShaman+1"],"picked":"SKIP","floor":35},{"not_picked":["animator:ReineMurasame","animator:MikuIzayoi"],"picked":"animator:YamaiSisters","floor":36},{"not_picked":["animator:YuukaKazami","animator:MikuIzayoi+1","animator:KaguyaHouraisan"],"picked":"SKIP","floor":41},{"not_picked":["animator:CowGirl","animator:Rider+1","animator:Archer+1"],"picked":"SKIP","floor":46}],"player_experience":188933,"relics_obtained":[{"floor":9,"key":"animator:ShionDessert"},{"floor":24,"key":"TungstenRod"},{"floor":26,"key":"animator:BattleDrones"},{"floor":28,"key":"InkBottle"},{"floor":37,"key":"animator:HeavyHalberd"},{"floor":41,"key":"MawBank"}],"event_choices":[{"damage_healed":0,"gold_gain":0,"player_choice":"Ignored","damage_taken":0,"max_hp_gain":0,"max_hp_loss":0,"event_name":"Liars Game","floor":2,"gold_loss":0},{"damage_healed":0,"gold_gain":0,"player_choice":"Donut","damage_taken":0,"max_hp_gain":5,"max_hp_loss":0,"event_name":"Big Fish","floor":4,"gold_loss":0},{"cards_removed":["animator:Strike"],"damage_healed":0,"gold_gain":0,"player_choice":"Card Removal","damage_taken":7,"max_hp_gain":0,"max_hp_loss":0,"event_name":"Golden Wing","floor":5,"gold_loss":0},{"cards_removed":["animator:Strike"],"damage_healed":0,"gold_gain":0,"player_choice":"Purged","damage_taken":0,"max_hp_gain":0,"max_hp_loss":0,"event_name":"Purifier","floor":7,"gold_loss":0},{"cards_removed":["animator:Defend"],"damage_healed":0,"gold_gain":0,"player_choice":"Elegance","damage_taken":0,"max_hp_gain":0,"max_hp_loss":0,"event_name":"Back to Basics","floor":19,"gold_loss":0},{"damage_healed":0,"gold_gain":0,"player_choice":"Forge","damage_taken":0,"max_hp_gain":0,"max_hp_loss":0,"event_name":"Accursed Blacksmith","floor":20,"gold_loss":0,"cards_upgraded":["animator:YamaiSisters"]},{"damage_healed":23,"gold_gain":0,"player_choice":"Heal","damage_taken":0,"max_hp_gain":0,"max_hp_loss":0,"event_name":"The Library","floor":22,"gold_loss":0},{"damage_healed":0,"gold_gain":0,"player_choice":"Obtained Relic","damage_taken":0,"relics_obtained":["Strawberry"],"max_hp_gain":0,"max_hp_loss":0,"event_name":"Addict","floor":27,"gold_loss":85},{"damage_healed":0,"gold_gain":0,"player_choice":"Fight","damage_taken":0,"max_hp_gain":0,"max_hp_loss":0,"event_name":"MindBloom","floor":37,"gold_loss":0},{"damage_healed":0,"gold_gain":0,"player_choice":"Memory 1","damage_taken":0,"max_hp_gain":0,"max_hp_loss":0,"event_name":"SensoryStone","floor":39,"gold_loss":0},{"damage_healed":0,"gold_gain":0,"player_choice":"Fight","damage_taken":0,"max_hp_gain":0,"max_hp_loss":0,"event_name":"Mysterious Sphere","floor":48,"gold_loss":0}],"is_beta":false,"boss_relics":[{"not_picked":["SacredBark","Runic Dome"],"picked":"Velvet Choker"},{"not_picked":["Sozu","Black Star"],"picked":"animator:RacePiece"}],"items_purged_floors":[3,38,44],"is_endless":false,"potions_floor_spawned":[1,14,18,31,33],"killed_by":"2 Orb Walkers","ascension_level":0}}