{"host":"37zexulz95aemuse","time":1610888158,"event":{"mods":["2.2 Compatiblity","BaseMod","CapriCore","GungeonMod","Koishi","Lobotomy","Marisa£¨Ùöéë¡¡Øª×âÞÞ£©","Minty Spire (QoL Compilation)","Replay The Spire","StSLib","The Bug Knight","The Cursed","The Gatherer","The Immortal","The Jungle","WarShipGirlsR/??á´Ò³R mod"],"gold_per_floor":[111,111,111,128,128,144,164,191,216,216,249,249,275,292,292,394,394,411,411,424,338,352,352,386,405,405,405,422,422,422,422,422,434,434,434,434,434,434,121,131,184,184,215,235,260,260,294,308,308,308,308,378],"floor_reached":53,"language":"KOR","playtime":3830,"items_purged":["Wraith"],"score":705,"play_id":"5a0f8a60-9bc7-4204-bb69-77cabf1bc3d6","local_time":"20210117215558","is_ascension_mode":false,"campfire_choices":[{"data":"rmod:wolves","floor":10.0,"key":"SMITH"},{"floor":15.0,"key":"REST"},{"floor":23.0,"key":"REST"},{"floor":31.0,"key":"REST"},{"floor":34.0,"key":"REST"},{"floor":42.0,"key":"REST"},{"floor":46.0,"key":"REST"},{"floor":49.0,"key":"REST"},{"floor":51.0,"key":"REST"}],"circlet_count":0,"master_deck":["rmod:strick","rmod:strick","rmod:strick+1","rmod:defend","rmod:defend+1","rmod:defend+1","rmod:defend","rmod:maingunfire","rmod:firesupport","rmod:rockthrower","rmod:wolves+1","QueenOfHatred","rmod:desperatesituation","BlackSwan","rmod:acesubmarine","rmod:mineteam","Panacea","rmod:ammunitionsupply+1","rmod:ridicule","DreamingCurrent","rmod:launchingtorpedo+1","rmod:steelsupply+1","rmod:lonelyqueen+1"],"relics":["rmod:firstchargereward","CogitoBucket","Mummified Hand","DemoMod:PoisonVial","Sundial","DemoMod:LamentConfigurum","ChangeAnything","SacredBark","Replay:Baseball","Theresia","Replay:Bottled Flurry","Dream Catcher","Empty Cage","Mercury Hourglass","HellTrain","Durian","ReplayTheSpireMod:TigerMarble","Simple Rune","Gremlin Food"],"acts_visited":["Exordium","theJungle:Jungle","TheBeyond"],"potions_floor_usage":[],"damage_taken":[{"damage":0.0,"enemies":"Cultist","floor":1.0,"turns":4.0},{"damage":0.0,"enemies":"2 Louse","floor":4.0,"turns":2.0},{"damage":0.0,"enemies":"Small Slimes","floor":6.0,"turns":2.0},{"damage":0.0,"enemies":"3 Louse","floor":7.0,"turns":3.0},{"damage":0.0,"enemies":"HollowMod:MossKnight","floor":8.0,"turns":3.0},{"damage":0.0,"enemies":"Gremlin Nob","floor":11.0,"turns":2.0},{"damage":15.0,"enemies":"Lagavulin","floor":13.0,"turns":4.0},{"damage":13.0,"enemies":"Looter","floor":14.0,"turns":3.0},{"damage":43.0,"enemies":"The Guardian","floor":16.0,"turns":9.0},{"damage":27.0,"enemies":"theJungle:Flameango_and_Byrd","floor":18.0,"turns":8.0},{"damage":28.0,"enemies":"theJungle:GiantWrat","floor":20.0,"turns":6.0},{"damage":23.0,"enemies":"theJungle:Lyon","floor":22.0,"turns":3.0},{"damage":34.0,"enemies":"theJungle:Cassacara","floor":24.0,"turns":5.0},{"damage":36.0,"enemies":"theJungle:2_Flameangoes","floor":25.0,"turns":5.0},{"damage":0.0,"enemies":"theJungle:2_Snecko_Cultists","floor":28.0,"turns":2.0},{"damage":1.0,"enemies":"theJungle:JungleHuntersEncounter","floor":33.0,"turns":4.0},{"damage":32.0,"enemies":"theJungle:FunGuy","floor":35.0,"turns":8.0},{"damage":14.0,"enemies":"3 Shapes","floor":37.0,"turns":3.0},{"damage":23.0,"enemies":"3 Darklings","floor":40.0,"turns":13.0},{"damage":43.0,"enemies":"2 Orb Walkers","floor":41.0,"turns":4.0},{"damage":53.0,"enemies":"Reptomancer","floor":43.0,"turns":4.0},{"damage":21.0,"enemies":"Sphere and 2 Shapes","floor":44.0,"turns":4.0},{"damage":19.0,"enemies":"HollowMod:StalkingDevout","floor":47.0,"turns":5.0},{"damage":93.0,"enemies":"Spire Growth","floor":48.0,"turns":5.0},{"damage":90,"enemies":"Replay:Hell Engine","floor":52,"turns":8}],"seed_played":"4209902918035582017","potions_obtained":[{"floor":1.0,"key":"Regen Potion"},{"floor":6.0,"key":"PowerPotion"},{"floor":13.0,"key":"Toxic Potion"},{"floor":18.0,"key":"AttackPotion"},{"floor":25.0,"key":"Swift Potion"},{"floor":28.0,"key":"ColorlessPotion"},{"floor":35.0,"key":"PowerPotion"},{"floor":37.0,"key":"PowerPotion"},{"floor":40.0,"key":"Cursed Concoction"},{"floor":41.0,"key":"Dexterity Potion"}],"is_trial":false,"path_per_floor":["M","$","?","M","?","M","M","E","T","R","E","?","E","M","R","B",null,"M","?","M","$","M","R","E","M","T","T","M","PTL","PTL","R","?","M","R","B",null,"M","?","$","M","?","R","E","M","T","R","E","M","R","?","R","B",null],"character_chosen":"PRAEFECT","items_purchased":["Panacea","Mercury Hourglass"],"campfire_rested":8,"item_purchase_floors":[21,39],"current_hp_per_floor":[75,75,75,75,75,75,75,75,75,75,75,80,65,55,79,40,80,59,59,71,71,48,72,44,14,14,14,14,14,14,38,38,43,67,47,80,66,66,66,58,50,75,44,63,63,85,81,10,35,35,60,30],"gold":378,"neow_bonus":"","is_daily":false,"chose_seed":false,"campfire_upgraded":1,"win_rate":0.0,"timestamp":1610888158,"path_taken":["M","$","?","M","?","M","M","E","T","R","E","?","E","M","R","BOSS","M","?","M","$","M","R","E","M","T","?","M","PTL","PTL","R","?","M","R","BOSS","M","?","$","M","?","R","E","M","T","R","E","M","R","?","R","BOSS"],"items_purchased_type":["Card","Relic"],"build_version":"2020-12-22","purchased_purges":1,"victory":true,"max_hp_per_floor":[75,75,75,75,75,75,75,75,75,75,75,80,80,80,80,80,80,80,80,80,80,80,80,80,80,80,80,80,80,80,80,80,80,80,80,80,80,80,80,80,85,85,85,85,85,85,85,85,85,85,85,85],"card_choices":[{"not_picked":["rmod:tearstotiara","rmod:circuitoustactics"],"picked":"rmod:firesupport","floor":1.0},{"not_picked":["rmod:bulid","rmod:ring","rmod:fuelsupply"],"picked":"SKIP","floor":4.0},{"not_picked":["rmod:combined","rmod:overbreakdown"],"picked":"rmod:rockthrower","floor":6.0},{"not_picked":["rmod:firesupport","rmod:advancebysurprise"],"picked":"rmod:wolves","floor":7.0},{"not_picked":["CrumblingArmor","WallGazer","OSAHOGD"],"picked":"Singing Bowl","floor":8.0},{"not_picked":["rmod:ring","rmod:fletcherpendant","rmod:spoils"],"picked":"SKIP","floor":8.0},{"not_picked":["RedShoes","GreedKing"],"picked":"QueenOfHatred","floor":11.0},{"not_picked":["rmod:rockthrower","rmod:firesupport","rmod:diamondstrike"],"picked":"SKIP","floor":11.0},{"not_picked":["rmod:rockthrower","rmod:firesupport","rmod:diamondstrike"],"picked":"SKIP","floor":11.0},{"not_picked":["rmod:aggressivemary","rmod:diamondstrike","rmod:auspiciousomen"],"picked":"SKIP","floor":13.0},{"not_picked":["rmod:punchline","rmod:spoils","rmod:diamondstrike"],"picked":"SKIP","floor":14.0},{"not_picked":["rmod:lastglory","rmod:expeditionaryescort"],"picked":"rmod:desperatesituation","floor":16.0},{"not_picked":["Scorched","HeroicMonk"],"picked":"BlackSwan","floor":18.0},{"not_picked":["rmod:ring","rmod:robin+1","rmod:heivgo"],"picked":"SKIP","floor":18.0},{"not_picked":["rmod:slowdown","rmod:shuttlebombing"],"picked":"rmod:mineteam","floor":20.0},{"not_picked":["rmod:ring","rmod:fletcherpendant","rmod:luckystar"],"picked":"SKIP","floor":22.0},{"not_picked":["rmod:supportescort","rmod:aggressivemary","rmod:intelligenceanalysis"],"picked":"SKIP","floor":24.0},{"not_picked":["rmod:tearstotiara","rmod:victimresponsibility"],"picked":"rmod:ammunitionsupply+1","floor":25.0},{"not_picked":["rmod:shuttlebombing","rmod:advancebysurprise+1","rmod:supriseattacks"],"picked":"SKIP","floor":28.0},{"not_picked":["rmod:victimresponsibility","rmod:expedition+1","rmod:diamondstrike"],"picked":"SKIP","floor":33.0},{"not_picked":["rmod:windflower","rmod:highspeedmaneuver"],"picked":"rmod:ridicule","floor":35.0},{"not_picked":["rmod:supportescort+1","rmod:aggressivemary+1","rmod:capitalist"],"picked":"SKIP","floor":37.0},{"not_picked":["Woodsman","RedShoes"],"picked":"DreamingCurrent","floor":40.0},{"not_picked":["rmod:diamondstrike","rmod:tearstotiara+1"],"picked":"rmod:launchingtorpedo","floor":40.0},{"not_picked":["rmod:aviationdawn+1","rmod:garrisonisland"],"picked":"rmod:steelsupply+1","floor":43.0},{"not_picked":["rmod:combined","rmod:firesupport+1"],"picked":"rmod:lonelyqueen+1","floor":44.0},{"not_picked":["rmod:luckystar","rmod:diamondstrike+1","rmod:overbreakdown+1"],"picked":"SKIP","floor":47.0},{"not_picked":["rmod:selfconfidence","rmod:diaomin","rmod:steelsupply"],"picked":"SKIP","floor":48.0}],"player_experience":95677,"relics_obtained":[{"floor":8.0,"key":"Mummified Hand"},{"floor":9.0,"key":"DemoMod:PoisonVial"},{"floor":11.0,"key":"Sundial"},{"floor":13.0,"key":"DemoMod:LamentConfigurum"},{"floor":24.0,"key":"Replay:Baseball"},{"floor":26.0,"key":"Replay:Bottled Flurry"},{"floor":27.0,"key":"Dream Catcher"},{"floor":41.0,"key":"Durian"},{"floor":43.0,"key":"ReplayTheSpireMod:TigerMarble"},{"floor":45.0,"key":"Simple Rune"},{"floor":47.0,"key":"Gremlin Food"}],"event_choices":[{"damage_healed":0.0,"max_hp_gain":0.0,"max_hp_loss":0.0,"gold_gain":0.0,"event_name":"Golden Wing","player_choice":"Ignored","floor":3.0,"gold_loss":0.0,"damage_taken":0.0},{"damage_healed":0.0,"max_hp_gain":5.0,"max_hp_loss":0.0,"gold_gain":0.0,"event_name":"Big Fish","player_choice":"Donut","floor":12.0,"gold_loss":0.0,"damage_taken":0.0},{"damage_healed":0.0,"max_hp_gain":0.0,"max_hp_loss":0.0,"gold_gain":0.0,"event_name":"Match and Keep!","player_choice":"1 cards matched","floor":19.0,"gold_loss":0.0,"damage_taken":0.0,"cards_obtained":["rmod:acesubmarine"]},{"damage_healed":0.0,"max_hp_gain":0.0,"max_hp_loss":0.0,"gold_gain":0.0,"event_name":"OrinTheCat","player_choice":"Ignored","floor":38.0,"gold_loss":0.0,"damage_taken":0.0},{"damage_healed":0.0,"max_hp_gain":0.0,"max_hp_loss":0.0,"gold_gain":0.0,"event_name":"Mysterious Sphere","player_choice":"Fight","floor":41.0,"gold_loss":0.0,"damage_taken":0.0},{"damage_healed":0.0,"max_hp_gain":0.0,"max_hp_loss":0.0,"gold_gain":0.0,"event_name":"The Moai Head","player_choice":"Ignored","floor":50.0,"gold_loss":0.0,"damage_taken":0.0}],"is_beta":false,"boss_relics":[{"not_picked":["rmod:monthlycard","Calling Bell"],"picked":"SacredBark"},{"not_picked":["Ring of Chaos","Replay:Wanted Poster"],"picked":"Empty Cage"}],"items_purged_floors":[39],"is_endless":false,"potions_floor_spawned":[1,6,13,18,25,28,35,37,40,41],"ascension_level":0}}