{"host":"6ayekdpky30mcb5q","time":1610843987,"event":{"mods":["Act Like it!","Bard","BaseMod","Colored Map","GifTheSpireLib","Gremlin Mod","Hallownest","Highlight Path","Jorbs\u0027s Wanderer Trilogy","Minty Spire (QoL Compilation)","StSLib","The Bug Knight","WoW Paladin Mod"],"gold_per_floor":[113,43,62,77,87,87,87,103,103,138,157,174,174,189,189,286,286,296,315,333,210,672,699,699,709,709,709,709,709,619,619,619],"floor_reached":31,"language":"ENG","playtime":2654,"items_purged":["HollowMod:NailStrikeStart"],"score":259,"play_id":"78c417c6-b12a-450c-a62c-d1be9e2de28e","local_time":"20210116183947","is_ascension_mode":false,"campfire_choices":[{"data":"HollowMod:theNailsmith","floor":6,"key":"SMITH"},{"data":"HollowMod:SoulSplash","floor":13,"key":"SMITH"},{"data":"HollowMod:FocusHealStart","floor":15,"key":"SMITH"},{"data":"HollowMod:DoubleDash","floor":24,"key":"SMITH"},{"data":"HollowMod:DoubleDash","floor":29,"key":"SMITH"}],"circlet_count":0,"master_deck":["HollowMod:NailStrikeStart","HollowMod:NailStrikeStart","HollowMod:NailStrikeStart","HollowMod:QuickDashStart","HollowMod:QuickDashStart","HollowMod:QuickDashStart","HollowMod:QuickDashStart","HollowMod:FocusHealStart+1","HollowMod:PogoStrike","HollowMod:NewLittleFool","HollowMod:GreatSlash","HollowMod:DashSlash","HollowMod:BaldurShell","HollowMod:theNailsmith+1","HollowMod:CoiledNail","HollowMod:SoulSplash+1","HollowMod:HeavyBlow","HollowMod:DoubleDash+1","HollowMod:CloakDash","HollowMod:HornetsHelp","HollowMod:SoulStrike+1","HollowMod:SharpenedNail","HollowMod:GoodIntentions","HollowMod:DoubleDash+1","HollowMod:Weaversong","HollowMod:MonarchWings+1","Hallownest:pwrSporeShroom"],"relics":["HollowMod:VesselMask","Question Card","Busted Crown","Singing Bowl","Juzu Bracelet","Hallownest:StagBellRelic1"],"acts_visited":["Exordium","Exordium"],"potions_floor_usage":[16],"damage_taken":[{"damage":1,"enemies":"Cultist","floor":1,"turns":3},{"damage":5,"enemies":"Small Slimes","floor":3,"turns":3},{"damage":2,"enemies":"2 Louse","floor":4,"turns":2},{"damage":8,"enemies":"Large Slime","floor":5,"turns":8},{"damage":4,"enemies":"Gremlin Gang","floor":8,"turns":4},{"damage":38,"enemies":"Gremlin Nob","floor":10,"turns":5},{"damage":6,"enemies":"Exordium Wildlife","floor":11,"turns":3},{"damage":5,"enemies":"Red Slaver","floor":12,"turns":3},{"damage":3,"enemies":"Looter","floor":14,"turns":4},{"damage":31,"enemies":"HollowMod:FalseKnight","floor":16,"turns":9},{"damage":0,"enemies":"Hallownest:3_Youths","floor":18,"turns":6},{"damage":5,"enemies":"Hallownest:Guard_and_Sentry","floor":19,"turns":4},{"damage":17,"enemies":"Hallownest:2_Husk_Sentries","floor":20,"turns":5},{"damage":27,"enemies":"Hallownest:eliteSoulWarrior","floor":23,"turns":9},{"damage":25,"enemies":"Hallownest:3_Mistakes","floor":25,"turns":6},{"damage":43,"enemies":"Hallownest:2_Flukemon","floor":31,"turns":5}],"seed_played":"2378004364960591755","potions_obtained":[{"floor":1,"key":"AttackPotion"},{"floor":3,"key":"EssenceOfSteel"},{"floor":4,"key":"DuplicationPotion"},{"floor":20,"key":"SpeedPotion"}],"is_trial":false,"path_per_floor":["M","$","M","M","M","R","?","M","T","E","M","M","R","M","R","B",null,"M","M","M","$","?","E","R","M","T","?","?","R","?","M"],"character_chosen":"THE_BUGKNIGHT","items_purchased":["HollowMod:GreatSlash","HollowMod:DoubleDash"],"campfire_rested":0,"item_purchase_floors":[2,21],"current_hp_per_floor":[81,81,82,80,82,82,82,82,82,44,38,33,33,30,30,5,82,82,82,75,75,75,54,54,35,35,35,35,35,35,0,0],"gold":619,"neow_bonus":"TEN_PERCENT_HP_BONUS","is_daily":false,"chose_seed":false,"campfire_upgraded":5,"win_rate":0.0,"timestamp":1610843987,"path_taken":["M","$","M","M","M","R","?","M","T","E","M","?","R","M","R","BOSS","M","M","M","$","?","E","R","M","T","?","?","R","?","M"],"items_purchased_type":["Card","Card"],"build_version":"2020-12-22","purchased_purges":1,"victory":false,"max_hp_per_floor":[82,82,82,82,82,82,82,82,82,82,82,82,82,82,82,82,82,82,82,82,82,82,82,82,82,82,82,82,82,82,82,82],"card_choices":[{"not_picked":["HollowMod:DoubleDash","HollowMod:SharpenedShadows"],"picked":"HollowMod:NewLittleFool","floor":1},{"not_picked":["HollowMod:SoulStrike","HollowMod:InfectionAssault"],"picked":"HollowMod:DashSlash","floor":3},{"not_picked":["HollowMod:HuntersJournal","HollowMod:AbyssShriek"],"picked":"HollowMod:BaldurShell","floor":4},{"not_picked":["HollowMod:InfectedAttack","HollowMod:CycloneSlash"],"picked":"HollowMod:theNailsmith","floor":5},{"not_picked":["HollowMod:ChannelNail","HollowMod:NewJinnsSoul"],"picked":"HollowMod:CoiledNail","floor":8},{"not_picked":["HollowMod:HeavyBlow","HollowMod:DungDefenderAura","HollowMod:FallenFury"],"picked":"HollowMod:SoulSplash","floor":10},{"not_picked":["HollowMod:DescendingDark","HollowMod:LifebloodCocoon","HollowMod:AbyssShriek"],"picked":"HollowMod:HeavyBlow","floor":11},{"not_picked":["HollowMod:Grubsong","HollowMod:HeavyBlow","HollowMod:MawleksShell"],"picked":"HollowMod:DoubleDash","floor":12},{"not_picked":["HollowMod:LifebloodCore","HollowMod:CornifersMapStart","HollowMod:SiblingsSouls"],"picked":"HollowMod:CloakDash","floor":14},{"not_picked":["HollowMod:ElderbugsWisdom","HollowMod:Hiveblood","HollowMod:MidwifesHunger"],"picked":"HollowMod:HornetsHelp","floor":16},{"not_picked":["HollowMod:NewGlowingWomb+1"],"picked":"HollowMod:SoulStrike+1","floor":18},{"not_picked":["HollowMod:HeavyBlow+1"],"picked":"HollowMod:SharpenedNail","floor":19},{"not_picked":["HollowMod:ShadowDash"],"picked":"HollowMod:GoodIntentions","floor":20},{"not_picked":["HollowMod:InfectionAssault+1"],"picked":"HollowMod:Weaversong","floor":23},{"not_picked":["HollowMod:InfectedAttack"],"picked":"HollowMod:MonarchWings+1","floor":25}],"player_experience":552360,"relics_obtained":[{"floor":9,"key":"Question Card"},{"floor":10,"key":"Dead Branch"},{"floor":23,"key":"Singing Bowl"},{"floor":26,"key":"Juzu Bracelet"}],"event_choices":[{"damage_healed":0,"gold_gain":0,"player_choice":"Bought 0 Potions","damage_taken":0,"max_hp_gain":0,"max_hp_loss":0,"event_name":"The Woman in Blue","floor":7,"gold_loss":0}],"is_beta":false,"boss_relics":[{"not_picked":["Calling Bell","Runic Dome"],"picked":"Busted Crown"}],"items_purged_floors":[21],"is_endless":false,"potions_floor_spawned":[1,3,4,12,20,25],"killed_by":"Hallownest:2_Flukemon","ascension_level":0}}