{"host":"uimu98mr9zvwuo5s","time":1610906111,"event":{"mods":["Aspiration","BaseMod","BetterRewards","Conspire","Defective Defect","GifTheSpireLib","Gremlin Mod","Highlight Path","Hubris","Infinite Spire","Jedi Mod","Minty Spire (QoL Compilation)","Replay The Spire","Shop Mod","StSLib","Stuff the Spire","Uncapped"],"gold_per_floor":[111,111,130,142,142,167,177,177,202,202,218,235,235,160,160,261,261,276,288,214,224,224,224,224],"floor_reached":23,"language":"ENG","playtime":1485,"items_purged":["Strike_B"],"score":341,"play_id":"20d786cc-9424-44dc-b6fb-f5ff07fa1fbd","local_time":"20210117125511","is_ascension_mode":false,"campfire_choices":[{"data":"Storm","floor":8,"key":"SMITH"},{"data":"Storm","floor":10,"key":"SMITH"},{"data":"Heatsinks","floor":15,"key":"SMITH"}],"circlet_count":0,"master_deck":["Defend_B","Defend_B","Defend_B","Zap","Dualcast","Storm+1","Storm","Storm+1","Crystallizer","hubris:DoWhile","Panic Button","Heatsinks+1","Panic Button","Mirror Shield","Reinforced Body","White Noise","Time Bomb"],"relics":["Cracked Core","MerchantsRug","Thread and Needle","Raider\u0027s Mask","Peace Pipe","Replay:PocketPolymizer","StuffTheSpire:HeavyRock","aspiration:EnhancedActuators"],"acts_visited":["Exordium","TheCity"],"potions_floor_usage":[16,16,21,23],"damage_taken":[{"damage":2,"enemies":"Cultist","floor":1,"turns":3},{"damage":11,"enemies":"Small Slimes","floor":3,"turns":3},{"damage":0,"enemies":"2 Louse","floor":4,"turns":3},{"damage":15,"enemies":"Gremlin Nob","floor":6,"turns":4},{"damage":0,"enemies":"Looter","floor":7,"turns":3},{"damage":9,"enemies":"3 Louse","floor":12,"turns":2},{"damage":26,"enemies":"The Guardian","floor":16,"turns":12},{"damage":0,"enemies":"Chosen","floor":18,"turns":4},{"damage":30,"enemies":"conspire:FuzzyDice","floor":19,"turns":8},{"damage":12,"enemies":"Shelled Parasite and Fungi","floor":21,"turns":5},{"damage":37,"enemies":"Slavers","floor":23,"turns":3}],"seed_played":"4359148011809281060","potions_obtained":[{"floor":4,"key":"Weak Potion"},{"floor":7,"key":"EssenceOfDarkness"},{"floor":12,"key":"LifebloodPotion"},{"floor":16,"key":"Toxic Potion"},{"floor":18,"key":"LifebloodPotion"},{"floor":21,"key":"ColorlessPotion"}],"is_trial":false,"path_per_floor":["M","?","M","M","?","E","M","R","T","R","$","M","?","$","R","B",null,"M","M","$","M","?","E"],"character_chosen":"DEFECT","items_purchased":["MerchantsRug","Turnip","Thread and Needle","Raider\u0027s Mask","Peace Pipe","Storm","Storm","Replay:PocketPolymizer","Reinforced Body"],"campfire_rested":0,"item_purchase_floors":[0,0,0,0,0,0,0,0,20],"current_hp_per_floor":[54,54,43,43,43,28,28,28,28,28,28,19,34,34,34,8,75,75,45,45,33,33,0,0],"gold":224,"neow_bonus":"","is_daily":false,"chose_seed":false,"campfire_upgraded":3,"win_rate":0.0,"timestamp":1610906111,"path_taken":["M","?","M","M","?","E","M","R","T","R","$","M","?","$","R","BOSS","M","M","$","M","?","E"],"items_purchased_type":["Relic","Relic","Relic","Relic","Relic","Card","Card","Relic","Card"],"build_version":"2020-12-22","purchased_purges":1,"victory":false,"max_hp_per_floor":[75,75,75,75,75,75,75,75,75,75,75,75,75,75,75,75,75,75,75,75,75,75,75,75],"card_choices":[{"not_picked":["Compile Driver","Stack","hubris:Ukulele"],"picked":"SKIP","floor":1},{"not_picked":["Steam Power","Beam Cell","Chaos"],"picked":"SKIP","floor":3},{"not_picked":["jedi:BurstLightning","Streamline","Doom and Gloom"],"picked":"SKIP","floor":4},{"not_picked":["Hologram","StuffTheSpire:Rend","Rainbow"],"picked":"SKIP","floor":6},{"not_picked":["Hologram","StuffTheSpire:Rend","Rainbow"],"picked":"SKIP","floor":6},{"not_picked":["Gash","Hologram","Ball Lightning"],"picked":"SKIP","floor":7},{"not_picked":["jedi:overflow","Recycle"],"picked":"Heatsinks","floor":12},{"not_picked":["Reboot","jedi:meditation"],"picked":"Mirror Shield","floor":16},{"not_picked":["Auto Shields","Steam","Ball Lightning"],"picked":"SKIP","floor":18},{"not_picked":["Ball Lightning","Compile Driver","Rebound+1"],"picked":"SKIP","floor":19},{"not_picked":["Rebound+1","Panic Button"],"picked":"White Noise","floor":21}],"player_experience":208159,"relics_obtained":[{"floor":6,"key":"StuffTheSpire:HeavyRock"},{"floor":9,"key":"aspiration:EnhancedActuators"}],"event_choices":[{"damage_healed":0,"gold_gain":0,"cards_transformed":["Strike_B"],"player_choice":"Change","damage_taken":0,"max_hp_gain":0,"max_hp_loss":0,"event_name":"Living Wall","floor":2,"gold_loss":0,"cards_obtained":["Crystallizer"]},{"damage_healed":0,"gold_gain":0,"player_choice":"Ignored","damage_taken":0,"max_hp_gain":0,"max_hp_loss":0,"event_name":"Liars Game","floor":5,"gold_loss":0},{"damage_healed":0,"gold_gain":0,"player_choice":"Read","damage_taken":0,"max_hp_gain":0,"max_hp_loss":0,"event_name":"The Library","floor":22,"gold_loss":0,"cards_obtained":["Time Bomb"]}],"is_beta":false,"boss_relics":[{"not_picked":["Runic Dome","hubris:GrandSneckoEye","aspiration:SilentSkillbook"]}],"items_purged_floors":[14],"is_endless":false,"potions_floor_spawned":[4,7,12,16,18,21],"killed_by":"Slavers","ascension_level":0}}