{"host":"kq2g769nefmuyn7c","time":1610859759,"event":{"mods":["ATMod(∞¢Ë™Mod)","Act Like it!","BaseMod","Gensokyo","Koishi","Minty Spire (QoL Compilation)","Remilia£®¿Ÿ√◊¿Ú—«£©","Replay The Spire","StSLib","The Servant 0.9.4","Youmu£®ªÍ∆«—˝√Œ£©"],"gold_per_floor":[359,372,372,392,408,408,438,438,463,463,513,718,878,917,917,1039,1039,1084,1084,1179,1218,524,524,583,583,609,133,33,33,78,78,78,301,301,540,540,17,17,104,158,8,112,138,175,187,409,421,433,445,507,519,531,24,49],"floor_reached":55,"language":"ZHS","playtime":4227,"items_purged":["Decay","ChainGang","Shame","Voices","Hallucinations"],"score":2138,"play_id":"5769f33f-d3ad-4039-9ca9-9e2e1ac4e9a6","local_time":"20210117130239","is_ascension_mode":true,"campfire_choices":[{"data":"BloodAndWine","floor":6.0,"key":"SMITH"},{"data":"ScarletSymphony","floor":15.0,"key":"SMITH"},{"data":"ScarletSymphony","floor":23.0,"key":"SMITH"},{"data":"AT_TearsDenial","floor":25.0,"key":"SMITH"},{"data":"ReplayTheSpireMod:Private Reserves","floor":29.0,"key":"SMITH"},{"data":"EternalNight","floor":32.0,"key":"SMITH"},{"data":"TricksterDevil","floor":45.0,"key":"SMITH"},{"floor":47,"key":"RECALL"},{"floor":49,"key":"REST"},{"data":"BatForm","floor":52,"key":"SMITH"}],"circlet_count":0,"master_deck":["AscendersBane","ScarletShoot","AfternoonTea","BloodAndWine+1","VampireKiss","GlobalNightmare+1","BatForm+1","ScarletSymphony+1","Septette","HellCatastrophe+1","Septette","ChainGang","TwelveNightmare","BloodRain+1","Maim","HellCatastrophe","ScarletSymphony+1","ScarletNetherworld","ReplayTheSpireMod:Private Reserves+1","Chrysalis","AT_TearsDenial+1","DevilSight+1","BloodyHallows+1","EternalNight+1","TransientEternity","TricksterDevil+1","Hallucinations","Maim+1","RedRainbow+1","GlobalNightmare+1","BadLadyScramble+1","Gensokyo:HouraiInAPot","ScarletGensokyo+1"],"relics":["ScarletHat","AT_ATBox","Gensokyo:Justice","Pen Nib","AT_MibuBalloonWealth","Gensokyo:OccultBall","Nunchaku","Blue Doll","Pandora\u0027s Box","Gensokyo:ChorusOfJoy","Medical Kit","Guide Book","ReplayTheSpireMod:ShopPack","Centennial Puzzle","Incense Burner","AT_BladeRuinedKing","Replay:Ancient Bell","AT_ArchangelStaff","Matryoshka","Dead Branch","TungstenRod","ReplayTheSpireMod:Ring of Exchange","Ring of Hypnosis","BargainBundle","Thread and Needle","Art of War","Gremlin Food","Bag of Marbles","MawBank","Snack Pack","ReplayTheSpireMod:Ninjato","AT_DeathDance","Vajra","ScarletDevilRocket"],"acts_visited":["Gensokyo:Gensokyo","Gensokyo:Gensokyoer","Gensokyo:Gensokyoest","TheEnding"],"potions_floor_usage":[],"damage_taken":[{"damage":6.0,"enemies":"Gensokyo:Python","floor":1.0,"turns":6.0},{"damage":4.0,"enemies":"Gensokyo:3_Fairies","floor":2.0,"turns":7.0},{"damage":0.0,"enemies":"Gensokyo:2_Kodama","floor":4.0,"turns":5.0},{"damage":17.0,"enemies":"Gensokyo:2_Rabbits","floor":5.0,"turns":6.0},{"damage":2.0,"enemies":"Gensokyo:Cirno","floor":7.0,"turns":7.0},{"damage":14.0,"enemies":"Gensokyo:Mamizou","floor":11.0,"turns":12.0},{"damage":8.0,"enemies":"Gensokyo:Cirno","floor":13.0,"turns":5.0},{"damage":3.0,"enemies":"Gensokyo:VengefulSpirit","floor":14.0,"turns":6.0},{"damage":11.0,"enemies":"Gensokyo:Yukari","floor":16.0,"turns":12.0},{"damage":9.0,"enemies":"Gensokyo:AngelMirror","floor":18.0,"turns":3.0},{"damage":4.0,"enemies":"Gensokyo:3_Dogs","floor":20.0,"turns":3.0},{"damage":27.0,"enemies":"Gensokyo:Swordslinger","floor":21.0,"turns":3.0},{"damage":16.0,"enemies":"Gensokyo:Tenshi","floor":24.0,"turns":5.0},{"damage":14.0,"enemies":"Gensokyo:Wraith","floor":30.0,"turns":5.0},{"damage":26.0,"enemies":"Gensokyo:Kaguya","floor":33.0,"turns":7.0},{"damage":38.0,"enemies":"Gensokyo:AncientGuardian","floor":35.0,"turns":5.0},{"damage":5.0,"enemies":"Gensokyo:3_Bats","floor":39.0,"turns":2.0},{"damage":7.0,"enemies":"Gensokyo:Doremy","floor":40.0,"turns":1.0},{"damage":56.0,"enemies":"Gensokyo:Kasen","floor":42.0,"turns":2.0},{"damage":56.0,"enemies":"Gensokyo:Kasen","floor":44.0,"turns":10.0},{"damage":55,"enemies":"Gensokyo:Marisa","floor":46,"turns":2},{"damage":7,"enemies":"Gensokyo:Shinki","floor":50,"turns":3},{"damage":16,"enemies":"The Heart","floor":54,"turns":4}],"seed_played":"2349802455343990326","potions_obtained":[{"floor":5.0,"key":"Flashbang"},{"floor":7.0,"key":"Fire Potion"},{"floor":13.0,"key":"Death Potion"},{"floor":16.0,"key":"PowerPotion"},{"floor":30.0,"key":"Elixir"},{"floor":39.0,"key":"DestinyDice"}],"is_trial":false,"path_per_floor":["M","M","?","M","M","R","E","?","T","?","E","?","E","M","R","B",null,"M","?","M","M","COS","R","E","R","T","$","$","R","M","?","R","B",null,"M","?","$","?","M","E","$","E","T","?","R","E","R","T","R","B",null,"R","$","B",null],"character_chosen":"REMILIA","items_purchased":["Incense Burner","BloodyHallows+1","BargainBundle","Maim+1","Thread and Needle","ScarletGensokyo+1","Vajra","ScarletDevilRocket"],"campfire_rested":1,"item_purchase_floors":[27,27,37,37,37,53,53,53],"current_hp_per_floor":[62,58,58,58,44,44,43,43,43,43,37,19,23,22,22,27,63,54,54,53,30,30,30,28,28,28,28,28,28,21,21,21,13,60,30,30,30,20,25,27,27,35,35,35,35,12,12,12,34,75,75,75,75,75],"gold":49,"neow_bonus":"TWO_FIFTY_GOLD","is_daily":false,"chose_seed":false,"campfire_upgraded":8,"win_rate":0.0,"timestamp":1610859759,"path_taken":["M","M","?","?","M","R","E","?","T","?","E","?","E","?","R","BOSS","M","?","?","M","COS","R","E","R","T","?","$","R","M","?","R","BOSS","M","?","$","?","M","E","?","E","T","?","R","E","R","?","R","BOSS","R","$","BOSS"],"items_purchased_type":["Relic","Card","Relic","Card","Relic","Card","Relic","Relic"],"build_version":"2020-12-22","purchased_purges":5,"victory":true,"max_hp_per_floor":[75,75,75,75,75,75,75,75,75,75,75,75,75,75,75,75,75,75,75,75,75,75,75,75,75,75,75,75,75,75,75,75,75,75,75,75,75,75,75,75,75,75,75,75,75,75,75,75,75,75,75,75,75,75],"card_choices":[{"not_picked":["ScarletImprint","BloodHunter"],"picked":"AfternoonTea","floor":1.0},{"not_picked":["UnstableMagic","BloodyMagicSquare","MastersStateliness"],"picked":"SKIP","floor":2.0},{"not_picked":["ScarletImprint","SuperhumanBloodyKnife"],"picked":"BloodAndWine","floor":4.0},{"not_picked":["ScarletImprint","MastersStateliness","CurseOfVladTepes"],"picked":"SKIP","floor":5.0},{"not_picked":["ChainGang","StarOfDavid"],"picked":"VampireKiss","floor":7.0},{"not_picked":["BlasphemousPunishment","FavorOfDestiny"],"picked":"BatForm","floor":11.0},{"not_picked":["ScarletImprint","DevilSight"],"picked":"ScarletSymphony","floor":12.0},{"not_picked":["CharismaGuard","UnstableMagic","StarOfDavid"],"picked":"SKIP","floor":13.0},{"not_picked":["RedRainbow","MastersStateliness"],"picked":"Septette","floor":14.0},{"not_picked":["BatForm","ChaoticDestiny"],"picked":"HellCatastrophe","floor":16.0},{"not_picked":["ScarletDevil","VampireSweep+1","BloodyTrap"],"picked":"SKIP","floor":18.0},{"not_picked":["FavorOfDestiny","UnderTheZenith+1"],"picked":"ScarletSymphony","floor":20.0},{"not_picked":["VampireFantasy","EndlessAdversity"],"picked":"ScarletNetherworld","floor":21.0},{"not_picked":["Replay:Sssssssssstrike","Purity"],"picked":"ReplayTheSpireMod:Private Reserves","floor":22.0},{"not_picked":["AT_TearsDenial","Sadistic Nature"],"picked":"Chrysalis","floor":22.0},{"not_picked":["Blind","Deep Breath"],"picked":"AT_TearsDenial","floor":22.0},{"not_picked":["BloodAndWine+1","BloodyMagicSquare+1"],"picked":"DevilSight+1","floor":24.0},{"not_picked":["ScarletImprint","ChaoticDestiny","VampireKiss"],"picked":"SKIP","floor":24.0},{"not_picked":["CharismaGuard","BlasphemousPunishment","BloodHunter"],"picked":"SKIP","floor":30.0},{"not_picked":["HellCatastrophe","BatForm"],"picked":"TransientEternity","floor":33.0},{"not_picked":["EquivalentExchange","HeartBreak"],"picked":"TricksterDevil","floor":33.0},{"not_picked":["Normality","Regret"],"picked":"Shame","floor":34.0},{"not_picked":["Languid","Looming Evil"],"picked":"Hallucinations","floor":34.0},{"not_picked":["Looming Evil","Languid"],"picked":"Hallucinations","floor":34.0},{"not_picked":["EndlessAdversity","UnderTheZenith","ScarletDevil+1"],"picked":"SKIP","floor":35.0},{"not_picked":["DevilSight","BombardNight+1"],"picked":"RedRainbow+1","floor":39.0},{"not_picked":["ForbiddenFruit+1","Stigmanizer"],"picked":"GlobalNightmare+1","floor":40.0},{"not_picked":["GlobalNightmare+1","EndlessAdversity"],"picked":"BadLadyScramble+1","floor":42.0},{"not_picked":["Gensokyo:UnhurriedMind","Gensokyo:RainbowDanmaku"],"picked":"Gensokyo:HouraiInAPot","floor":44.0},{"not_picked":["VampireFantasy","UnstableMagic","MillenniumVampire"],"picked":"SKIP","floor":46}],"player_experience":263635,"relics_obtained":[{"floor":7.0,"key":"Pen Nib"},{"floor":9.0,"key":"AT_MibuBalloonWealth"},{"floor":11.0,"key":"Nunchaku"},{"floor":13.0,"key":"Blue Doll"},{"floor":16.0,"key":"Gensokyo:OccultBall"},{"floor":24.0,"key":"Centennial Puzzle"},{"floor":33.0,"key":"Gensokyo:OccultBall"},{"floor":35.0,"key":"Gensokyo:OccultBall"},{"floor":36.0,"key":"ReplayTheSpireMod:Ring of Exchange"},{"floor":36.0,"key":"Ring of Hypnosis"},{"floor":39.0,"key":"Gensokyo:OccultBall"},{"floor":40.0,"key":"Art of War"},{"floor":42.0,"key":"Gremlin Food"},{"floor":43.0,"key":"Bag of Marbles"},{"floor":43.0,"key":"MawBank"},{"floor":46,"key":"Snack Pack"},{"floor":48,"key":"ReplayTheSpireMod:Ninjato"},{"floor":48,"key":"AT_DeathDance"}],"event_choices":[],"is_beta":false,"boss_relics":[{"not_picked":["Philosopher\u0027s Stone","Cursed Key"],"picked":"Pandora\u0027s Box"},{"not_picked":["SacredBark","Velvet Choker"],"picked":"Replay:Ancient Bell"},{"not_picked":["Replay:Wax Seal","Dream Catcher"],"picked":"AT_ArchangelStaff"},{"not_picked":["Mercury Hourglass","Frozen Egg 2"],"picked":"Matryoshka"},{"not_picked":["Replay:Towering Pillar of Hats","FairyMaid"],"picked":"Dead Branch"}],"items_purged_floors":[27,28,37,41,53],"is_endless":false,"potions_floor_spawned":[5,7,13,14,16,24,30,35,39],"ascension_level":11}}