{"host":"6h0diz2ap0m56grs","time":1610869532,"event":{"mods":["2.2 Compatiblity","BaseMod","Colored Map","Marisa????????","Minty Spire (QoL Compilation)","Quick Restart","Replay The Spire","Shop Mod","StSLib","The Servant 0.9.4"],"gold_per_floor":[112,129,129,129,142,177,207,236,259,259,290,136,136,165,165,267,267,281,295,370,381,400,429,455,455,501,501,534,575,626,663,663,779,779,793,893,912,756,756,796,270,270,270,324,365,414,475,487,499,535],"floor_reached":51,"language":"ENG","playtime":1658,"items_purged":["Flying Knee"],"score":1661,"play_id":"609b2574-0af0-4790-9c1c-a3613147bc1c","local_time":"20210117014532","daily_mods":["SealedDeck","Heirloom","Time Dilation","Flight"],"is_ascension_mode":true,"campfire_choices":[{"data":"Footwork","floor":10,"key":"SMITH"},{"data":"Replay:Poison Smokescreen","floor":13,"key":"SMITH"},{"data":"Replay:Poison Smokescreen","floor":15,"key":"SMITH"},{"data":"Replay:Poison Smokescreen","floor":25,"key":"SMITH"},{"data":"Replay:Poison Smokescreen","floor":27,"key":"SMITH"},{"data":"Noxious Fumes","floor":32,"key":"SMITH"},{"data":"Catalyst","floor":42,"key":"SMITH"},{"data":"Catalyst","floor":49,"key":"SMITH"}],"circlet_count":0,"master_deck":["Bane+1","Fluid Movement","Backflip","Riddle With Holes","Replay:Poison Smokescreen+1","Replay:Poison Smokescreen+1","Sneak Up","Footwork+1","Replay:Poison Smokescreen+1","Replay:Poison Smokescreen+1","Crippling Poison","Replay:Poison Smokescreen+1","Deflect","Dagger Spray","Predator","PiercingWail","Bullet Time","Catalyst+1","Backflip+1","Crippling Poison+1","Sneak Up+1","Catalyst+1","Noxious Fumes+1","Dash+1","Wraith Form v2","Catalyst+1","Noxious Fumes","Catalyst+1","Catalyst+1","Catalyst","Fluid Movement","Bouncing Flask"],"relics":["Snecko Eye","Ring of Chaos","replay:Trail_Library","Prayer Wheel","Replay:Mystery Machine","Bronze Scales","Oddly Smooth Stone","Akabeko","Replay:Baseball","Happy Flower","Toy Ornithopter","Black Star","Omamori","Regal Pillow","Bag of Preparation","Mercury Hourglass","Replay:Bandana","Nunchaku","Strawberry","Pocketwatch","Pear","Blood Vial","War Paint","Tiny Chest","Eternal Feather","Coffee Dripper","MerchantsRug","Mango","Replay:Rubber Ducky","Snake Skull","ClockworkSouvenir","Chameleon Ring","Sundial","Durian","MawBank","Replay:Multitool","TungstenRod","Ancient Tea Set","Whetstone","ReplayFunnel","Garlic"],"acts_visited":["Exordium","TheCity","TheBeyond"],"potions_floor_usage":[50,50,50,50,50],"damage_taken":[{"damage":0,"enemies":"2 Louse","floor":1,"turns":2},{"damage":0,"enemies":"Jaw Worm","floor":2,"turns":2},{"damage":0,"enemies":"Cultist","floor":5,"turns":3},{"damage":5,"enemies":"Gremlin Nob","floor":6,"turns":3},{"damage":0,"enemies":"3 Sentries","floor":7,"turns":3},{"damage":0,"enemies":"Lagavulin","floor":8,"turns":4},{"damage":0,"enemies":"Gremlin Nob","floor":11,"turns":3},{"damage":0,"enemies":"3 Sentries","floor":14,"turns":3},{"damage":0,"enemies":"Fading Forest","floor":16,"turns":10},{"damage":0,"enemies":"Spheric Guardian","floor":18,"turns":2},{"damage":0,"enemies":"2 Thieves","floor":19,"turns":1},{"damage":0,"enemies":"Shelled Parasite and Fungi","floor":21,"turns":2},{"damage":0,"enemies":"Sentry and Sphere","floor":22,"turns":2},{"damage":0,"enemies":"Book of Stabbing","floor":23,"turns":2},{"damage":0,"enemies":"Slavers","floor":24,"turns":2},{"damage":0,"enemies":"Gremlin Leader","floor":28,"turns":3},{"damage":0,"enemies":"Book of Stabbing","floor":29,"turns":2},{"damage":0,"enemies":"Gremlin Leader","floor":30,"turns":3},{"damage":0,"enemies":"Book of Stabbing","floor":31,"turns":3},{"damage":1,"enemies":"Champ","floor":33,"turns":4},{"damage":0,"enemies":"3 Shapes","floor":35,"turns":2},{"damage":0,"enemies":"Orb Walker","floor":37,"turns":1},{"damage":0,"enemies":"R_Hoarder","floor":40,"turns":2},{"damage":1,"enemies":"Reptomancer","floor":44,"turns":3},{"damage":0,"enemies":"Giant Head","floor":45,"turns":2},{"damage":0,"enemies":"Reptomancer","floor":46,"turns":2},{"damage":0,"enemies":"Giant Head","floor":47,"turns":3},{"damage":0,"enemies":"Awakened One","floor":50,"turns":6}],"seed_played":"-1700050430225875560","potions_obtained":[{"floor":1,"key":"Milkshake"},{"floor":6,"key":"Dexterity Potion"},{"floor":8,"key":"Poison Potion"},{"floor":11,"key":"EntropicBrew"}],"is_trial":true,"path_per_floor":["M","M","?","?","M","E","E","E","T","R","E","$","R","E","R","B",null,"M","M","?","M","M","E","E","R","T","R","E","E","E","E","R","B",null,"M","?","M","$","?","E","$","R","T","E","E","E","E","T","R","B",null],"character_chosen":"THE_SILENT","items_purchased":["Happy Flower","MerchantsRug","Snake Skull","ClockworkSouvenir","Noxious Fumes","Catalyst"],"campfire_rested":0,"item_purchase_floors":[12,38,41,41,41,41],"current_hp_per_floor":[70,70,70,70,70,65,65,65,65,65,65,65,65,65,65,65,70,70,70,63,63,63,63,63,63,63,63,70,80,80,82,87,86,87,87,87,87,87,87,101,101,101,101,105,106,106,106,106,106,106],"gold":547,"neow_bonus":"","is_daily":false,"chose_seed":false,"campfire_upgraded":8,"win_rate":0.0,"timestamp":1610869532,"path_taken":["M","M","?","?","?","E","E","E","T","R","E","$","R","E","R","BOSS","M","?","?","?","?","E","E","R","T","R","E","E","E","E","R","BOSS","M","?","?","$","?","E","$","R","T","E","E","E","E","?","R","BOSS"],"items_purchased_type":["Relic","Relic","Relic","Relic","Card","Card"],"build_version":"2020-12-22","purchased_purges":1,"victory":true,"max_hp_per_floor":[70,70,70,70,70,70,70,70,70,70,70,70,70,70,70,70,70,70,70,70,70,70,70,70,70,70,70,77,87,87,87,87,87,87,87,87,87,87,87,101,101,101,101,106,106,106,106,106,106,106],"card_choices":[{"not_picked":["Deflect","Choke"],"picked":"Replay:Poison Smokescreen","floor":1},{"not_picked":["Poisoned Stab","Concentrate","Underhanded Strike"],"picked":"SKIP","floor":1},{"not_picked":["Underhanded Strike","Dagger Throw"],"picked":"Crippling Poison","floor":2},{"not_picked":["Outmaneuver","Dodge and Roll"],"picked":"Replay:Poison Smokescreen","floor":2},{"not_picked":["Masterful Stab","Cloak And Dagger"],"picked":"Dagger Spray","floor":5},{"not_picked":["Outmaneuver","Dodge and Roll","ReplayTheSpireMod:The Works"],"picked":"SKIP","floor":5},{"not_picked":["Prepared","Blade Dance"],"picked":"Predator","floor":6},{"not_picked":["ReplayTheSpireMod:Speed Training","Backflip","Blade Dance"],"picked":"SKIP","floor":7},{"not_picked":["Tools of the Trade","Slice","Escape Plan"],"picked":"SKIP","floor":8},{"not_picked":["Cloak And Dagger","Dodge and Roll","Escape Plan"],"picked":"SKIP","floor":11},{"not_picked":["Deadly Poison","Cloak And Dagger","Endless Agony"],"picked":"SKIP","floor":14},{"not_picked":["Envenom","Storm of Steel"],"picked":"Bullet Time","floor":16},{"not_picked":["Deflect","Bouncing Flask+1"],"picked":"Catalyst+1","floor":18},{"not_picked":["Skewer+1","Flechettes","Cloak And Dagger"],"picked":"SKIP","floor":18},{"not_picked":["Riddle With Holes","Accuracy+1"],"picked":"Backflip+1","floor":19},{"not_picked":["Slice","Quick Slash+1","Terror"],"picked":"SKIP","floor":19},{"not_picked":["Acrobatics+1","Infinite Blades"],"picked":"Crippling Poison+1","floor":21},{"not_picked":["Acrobatics","Well Laid Plans"],"picked":"Sneak Up","floor":21},{"not_picked":["Flying Knee","Slice+1"],"picked":"Catalyst","floor":22},{"not_picked":["Dagger Throw","Quick Slash","Deadly Poison"],"picked":"SKIP","floor":22},{"not_picked":["Blur+1","After Image","Backflip"],"picked":"SKIP","floor":23},{"not_picked":["Dagger Spray","Well Laid Plans"],"picked":"Noxious Fumes","floor":24},{"not_picked":["Riddle With Holes","ReplayTheSpireMod:Shiv Toss","Escape Plan"],"picked":"SKIP","floor":28},{"not_picked":["Cloak And Dagger","Heel Hook","Poisoned Stab"],"picked":"SKIP","floor":29},{"not_picked":["Distraction+1","Acrobatics","Dagger Spray"],"picked":"SKIP","floor":30},{"not_picked":["Deflect","Bane","Dodge and Roll+1"],"picked":"SKIP","floor":31},{"not_picked":["After Image","Phantasmal Killer"],"picked":"Wraith Form v2","floor":33},{"not_picked":["Bane+1","Sneak Up","Underhanded Strike"],"picked":"SKIP","floor":35},{"not_picked":["ReplayTheSpireMod:Tripwire","Sucker Punch","Acrobatics+1"],"picked":"SKIP","floor":35},{"not_picked":["Skewer+1","Well Laid Plans"],"picked":"Catalyst+1","floor":37},{"not_picked":["Deadly Poison","Poisoned Stab+1","Acrobatics+1"],"picked":"SKIP","floor":37},{"not_picked":["Atom Bomb","Expertise+1","Quick Slash"],"picked":"SKIP","floor":40},{"not_picked":["Cloak And Dagger","Terror+1"],"picked":"Catalyst","floor":44},{"not_picked":["Poisoned Stab+1","Deadly Poison+1"],"picked":"Catalyst","floor":45},{"not_picked":["Skewer+1","Dagger Spray+1","Poisoned Stab"],"picked":"SKIP","floor":46},{"not_picked":["Calculated Gamble","Flying Knee+1","Quick Slash"],"picked":"SKIP","floor":47}],"player_experience":199951,"relics_obtained":[{"floor":6,"key":"Replay:Mystery Machine"},{"floor":7,"key":"Bronze Scales"},{"floor":8,"key":"Oddly Smooth Stone"},{"floor":9,"key":"Akabeko"},{"floor":11,"key":"Replay:Baseball"},{"floor":14,"key":"Toy Ornithopter"},{"floor":23,"key":"Omamori"},{"floor":23,"key":"Regal Pillow"},{"floor":24,"key":"Bag of Preparation"},{"floor":24,"key":"Mercury Hourglass"},{"floor":26,"key":"Replay:Bandana"},{"floor":28,"key":"Nunchaku"},{"floor":28,"key":"Strawberry"},{"floor":29,"key":"Pocketwatch"},{"floor":29,"key":"Pear"},{"floor":30,"key":"Blood Vial"},{"floor":30,"key":"War Paint"},{"floor":31,"key":"Tiny Chest"},{"floor":31,"key":"Eternal Feather"},{"floor":40,"key":"Mango"},{"floor":40,"key":"Replay:Rubber Ducky"},{"floor":43,"key":"Chameleon Ring"},{"floor":44,"key":"Sundial"},{"floor":44,"key":"Durian"},{"floor":45,"key":"MawBank"},{"floor":45,"key":"Replay:Multitool"},{"floor":46,"key":"TungstenRod"},{"floor":46,"key":"Ancient Tea Set"},{"floor":47,"key":"Whetstone"},{"floor":47,"key":"ReplayFunnel"},{"floor":48,"key":"Garlic"}],"event_choices":[{"damage_healed":0,"gold_gain":0,"player_choice":"1 cards matched","damage_taken":0,"max_hp_gain":0,"max_hp_loss":0,"event_name":"Match and Keep!","floor":4,"gold_loss":0,"cards_obtained":["Deflect"]},{"damage_healed":0,"gold_gain":75,"player_choice":"Touch","damage_taken":7,"max_hp_gain":0,"max_hp_loss":0,"event_name":"FaceTrader","floor":20,"gold_loss":0},{"damage_healed":0,"gold_gain":100,"player_choice":"Pray","damage_taken":0,"max_hp_gain":0,"max_hp_loss":0,"event_name":"Golden Shrine","floor":36,"gold_loss":0},{"damage_healed":0,"gold_gain":0,"player_choice":"Ignored","damage_taken":0,"max_hp_gain":0,"max_hp_loss":0,"event_name":"Tomb of Lord Red Mask","floor":39,"gold_loss":0}],"is_beta":false,"boss_relics":[{"not_picked":["Velvet Choker","Tiny House"],"picked":"Black Star"},{"not_picked":["Snecko Heart","Abe\u0027s Treasure"],"picked":"Coffee Dripper"}],"items_purged_floors":[41],"is_endless":false,"potions_floor_spawned":[1,6,8,11,22,23,24,29,30,37,44,45],"ascension_level":1}}