{"host":"adv1uqz3812gqgbw","time":1610891654,"event":{"mods":["BaseMod","Better Note","Colored Powertips","Custom Start","GifTheSpireLib","Hermit","Minty Spire (QoL Compilation)","SacredBarkPlus","StSLib","The Runesmith","Uncapped"],"gold_per_floor":[20,31,48,48,61,61,61,61,85,103,116,131,131,81,81,81,81],"floor_reached":16,"language":"ENG","playtime":879,"items_purged":[],"score":94,"play_id":"e782c974-c089-4410-a25a-29dfa6654f66","local_time":"20210117115414","is_ascension_mode":false,"campfire_choices":[{"data":"hermit:CalledShot","floor":6,"key":"SMITH"},{"floor":13,"key":"REST"},{"floor":15,"key":"REST"}],"circlet_count":0,"master_deck":["hermit:Strike_Hermit","hermit:Strike_Hermit","hermit:Strike_Hermit","hermit:Strike_Hermit","hermit:Defend_Hermit","hermit:Defend_Hermit","hermit:Defend_Hermit","hermit:Defend_Hermit","hermit:Snapshot","hermit:Covet","hermit:Enervate","hermit:Midnight","hermit:CalledShot+1","Injury","hermit:CalledShot"],"relics":["hermit:Momento","Golden Idol","Art of War"],"acts_visited":["Exordium"],"potions_floor_usage":[1,16,16,16],"damage_taken":[{"damage":0,"enemies":"2 Louse","floor":1,"turns":2},{"damage":5,"enemies":"Jaw Worm","floor":2,"turns":4},{"damage":1,"enemies":"Cultist","floor":3,"turns":4},{"damage":9,"enemies":"Blue Slaver","floor":5,"turns":4},{"damage":9,"enemies":"Exordium Thugs","floor":10,"turns":4},{"damage":9,"enemies":"Exordium Wildlife","floor":11,"turns":4},{"damage":15,"enemies":"2 Fungi Beasts","floor":12,"turns":3},{"damage":86,"enemies":"Slime Boss","floor":16,"turns":11}],"seed_played":"3207281689926942331","potions_obtained":[{"floor":1,"key":"EntropicBrew"},{"floor":5,"key":"hermit:Tonic"}],"is_trial":false,"path_per_floor":["M","M","M","?","M","R","?","$","T","M","M","M","R","?","R","B"],"character_chosen":"HERMIT","items_purchased":[],"campfire_rested":2,"item_purchase_floors":[],"current_hp_per_floor":[75,70,69,69,60,60,65,65,65,56,47,32,56,56,80,0,0],"gold":81,"neow_bonus":"RANDOM_COLORLESS_2","is_daily":false,"chose_seed":false,"campfire_upgraded":1,"win_rate":0.0,"timestamp":1610891654,"path_taken":["M","M","M","?","M","R","?","?","T","M","M","?","R","?","R","BOSS"],"items_purchased_type":[],"build_version":"2020-12-22","purchased_purges":0,"victory":false,"max_hp_per_floor":[75,75,75,75,75,75,80,80,80,80,80,80,80,80,80,80,80],"card_choices":[{"not_picked":["HandOfGreed","Apotheosis"],"picked":"Panache","floor":0},{"not_picked":["hermit:Deadeye","hermit:Malice"],"picked":"hermit:Enervate","floor":1},{"not_picked":["hermit:Headshot","hermit:LoneWolf"],"picked":"hermit:Midnight","floor":2},{"not_picked":["hermit:TrackingShot","hermit:Determination"],"picked":"hermit:CalledShot","floor":3},{"not_picked":["hermit:GhostlyPresence","hermit:Feint","hermit:Horror"],"picked":"SKIP","floor":5},{"not_picked":["hermit:Desperado","hermit:BodyArmor","hermit:ItchyTrigger"],"picked":"SKIP","floor":10},{"not_picked":["hermit:Showdown","hermit:FlashPowder","hermit:PistolWhip"],"picked":"SKIP","floor":11},{"not_picked":["hermit:Roulette","hermit:Snipe"],"picked":"hermit:CalledShot","floor":12}],"player_experience":367387,"relics_obtained":[{"floor":9,"key":"Art of War"}],"event_choices":[{"damage_healed":0,"gold_gain":0,"player_choice":"Take Wound","damage_taken":0,"relics_obtained":["Golden Idol"],"max_hp_gain":0,"max_hp_loss":0,"event_name":"Golden Idol","floor":4,"gold_loss":0,"cards_obtained":["Injury"]},{"damage_healed":0,"gold_gain":0,"player_choice":"Donut","damage_taken":0,"max_hp_gain":5,"max_hp_loss":0,"event_name":"Big Fish","floor":7,"gold_loss":0},{"cards_removed":["Panache"],"damage_healed":0,"gold_gain":0,"player_choice":"Card Removal","damage_taken":0,"max_hp_gain":0,"max_hp_loss":0,"event_name":"The Cleric","floor":14,"gold_loss":50}],"is_beta":false,"boss_relics":[],"items_purged_floors":[],"is_endless":false,"potions_floor_spawned":[1,3,5,11],"killed_by":"Slime Boss","ascension_level":0}}