{"host":"18wi9kpcl4eah7pe","time":1610904338,"event":{"mods":["BaseMod","Colored Powertips","Downfall","Minty Spire (QoL Compilation)","StSLib"],"gold_per_floor":[99,113,131,149,205,237,237,251,51,151,151,161,181,206,216,315,365,365,383,383,126,137,170,194,194,194,210,210,223,223,243,257,352,352,352,352,352,26,45,45,45,61,61,74,89,134,34,34,53,53,53,86,86,86,86,86,86],"floor_reached":56,"language":"ENG","playtime":3356,"items_purged":[],"score":931,"play_id":"5568145b-9e05-4b05-ada3-202baa253d7d","local_time":"20210117112538","is_ascension_mode":false,"campfire_choices":[{"floor":1.0,"key":"RECALL"},{"floor":9.0,"key":"REST"},{"floor":11.0,"key":"REST"},{"data":"bronze:HardenedForm","floor":18.0,"key":"SMITH"},{"floor":26.0,"key":"REST"},{"floor":30.0,"key":"REST"},{"data":"bronze:Mutator","floor":35,"key":"SMITH"},{"floor":43,"key":"REST"},{"data":"expansioncontent:Chronoboost","floor":47,"key":"SMITH"},{"floor":54,"key":"REST"}],"circlet_count":0,"master_deck":["bronze:Strike","bronze:Strike","bronze:Strike","bronze:Strike","bronze:Defend","bronze:Defend","bronze:Defend","bronze:Defend","bronze:Goto","bronze:ChosenStrike","bronze:Deprecate","bronze:Invalidate","bronze:Iterate","bronze:Mutator+1","bronze:GetLatest","bronze:MaxOutput","bronze:WhirlingStrike","bronze:AlphaBuild","bronze:DelayedGuard","bronze:HardenedForm+1","bronze:OilSpill","bronze:Boost","Pride","bronze:BuggyMess","bronze:CloningBeam+1","bronze:Backtrace+1","bronze:BugBarrage+1","bronze:Optimize","bronze:ClassDefault","bronze:DelayedSlice+1","bronze:Mutator+1","expansioncontent:AwakenDeath","expansioncontent:Chronoboost+1","expansioncontent:PolyBeam+1","bronze:Return+1","bronze:Allocate","bronze:Shield","bronze:WildBeam+1","bronze:WhirlingStrike+1","bronze:Repair+1","bronze:Allocate+1","bronze:DelayedGuard"],"relics":["bronze:BronzeCore","Mummified Hand","Meat on the Bone","Orichalcum","downfall:HeartBlessingRed","downfall:HeartBlessingGreen","Eternal Feather","Tiny House","Bag of Marbles","Molten Egg 2","Gremlin Horn","Omamori","Necronomicon","bronze:MakeshiftBattery","Ginger","Pear","FossilizedHelix","downfall:HeartBlessingBlue","Letter Opener","Calipers"],"acts_visited":["Exordium","TheCity","TheBeyond","TheEnding"],"potions_floor_usage":[42,46,52,55],"damage_taken":[{"damage":0.0,"enemies":"Small Slimes","floor":2.0,"turns":3.0},{"damage":6.0,"enemies":"Jaw Worm","floor":3.0,"turns":3.0},{"damage":0.0,"enemies":"2 Louse","floor":4.0,"turns":2.0},{"damage":14.0,"enemies":"Gremlin Nob","floor":5.0,"turns":3.0},{"damage":33.0,"enemies":"3 Sentries","floor":6.0,"turns":8.0},{"damage":7.0,"enemies":"2 Fungi Beasts","floor":8.0,"turns":3.0},{"damage":0.0,"enemies":"3 Louse","floor":12.0,"turns":3.0},{"damage":6.0,"enemies":"Blue Slaver","floor":13.0,"turns":3.0},{"damage":16.0,"enemies":"Gremlin Nob","floor":14.0,"turns":4.0},{"damage":6.0,"enemies":"Large Slime","floor":15.0,"turns":2.0},{"damage":13.0,"enemies":"IC_STATUS_ARCHETYPE","floor":16.0,"turns":6.0},{"damage":0.0,"enemies":"3 Byrds","floor":19.0,"turns":3.0},{"damage":4.0,"enemies":"downfall:FleeingMerchant","floor":21.0,"turns":4.0},{"damage":22.0,"enemies":"Chosen","floor":22.0,"turns":7.0},{"damage":34.0,"enemies":"Slavers","floor":23.0,"turns":6.0},{"damage":33.0,"enemies":"Snake Plant","floor":27.0,"turns":3.0},{"damage":0.0,"enemies":"3 Cultists","floor":29.0,"turns":2.0},{"damage":0.0,"enemies":"Centurion and Healer","floor":31.0,"turns":3.0},{"damage":15.0,"enemies":"Snake Plant","floor":32.0,"turns":3.0},{"damage":38.0,"enemies":"SI_MIRROR_ARCHETYPE","floor":33.0,"turns":7.0},{"damage":9,"enemies":"downfall:FleeingMerchant","floor":38,"turns":4},{"damage":4,"enemies":"Orb Walker","floor":39,"turns":2},{"damage":27,"enemies":"3 Darklings","floor":42,"turns":3},{"damage":0,"enemies":"Transient","floor":44,"turns":5},{"damage":0,"enemies":"Jaw Worm Horde","floor":45,"turns":2},{"damage":25,"enemies":"2 Orb Walkers","floor":46,"turns":5},{"damage":0,"enemies":"Maw","floor":49,"turns":5},{"damage":77,"enemies":"DF_ARCHETYPE_ORBS","floor":50,"turns":7},{"damage":169,"enemies":"downfall:CharBossMerchant","floor":52,"turns":10},{"damage":142,"enemies":"downfall:NeowBoss","floor":55,"turns":19},{"damage":16,"enemies":"downfall:NeowBossFinal","floor":56,"turns":3}],"seed_played":"5405257932403538153","potions_obtained":[{"floor":2.0,"key":"Guardian:BlockOnCardUsePotion"},{"floor":3.0,"key":"sneckomod:MuddlingPotion"},{"floor":5.0,"key":"EssenceOfSteel"},{"floor":12.0,"key":"LiquidBronze"},{"floor":15.0,"key":"bronze:BurnAndBuffPotion"},{"floor":17.0,"key":"GamblersBrew"},{"floor":22.0,"key":"BlessingOfTheForge"},{"floor":23.0,"key":"Ancient Potion"},{"floor":29.0,"key":"Weak Potion"},{"floor":31.0,"key":"Energy Potion"},{"floor":39,"key":"Energy Potion"},{"floor":44,"key":"Regen Potion"},{"floor":46,"key":"SteroidPotion"}],"is_trial":false,"path_per_floor":["R","M","M","M","?","E","T","M","R","?","R","M","M","E","M","B",null,"R","M","?","$","M","E","T","?","R","M","?","M","R","M","M","B",null,"R","?","?","$","M","?","T","M","R","M","M","?","R","T","M","B",null,"E","$","R","B","B"],"character_chosen":"THE_AUTOMATON","items_purchased":["Molten Egg 2","Ginger"],"campfire_rested":6,"item_purchase_floors":[21,38],"current_hp_per_floor":[77,77,71,71,57,24,24,29,52,52,75,75,69,53,47,46,82,82,82,82,78,56,34,34,18,57,36,36,48,82,82,67,41,82,82,82,72,63,59,69,69,54,92,92,92,79,102,102,102,42,102,32,32,86,15,0,0],"gold":86,"neow_bonus":"TEN_PERCENT_HP_BONUS","is_daily":false,"chose_seed":false,"campfire_upgraded":3,"win_rate":0.0,"timestamp":1610904338,"path_taken":["R","M","M","M","?","E","T","M","R","?","R","M","?","E","M","BOSS","R","M","?","$","M","E","T","?","R","M","?","M","R","M","M","BOSS","R","?","?","$","M","?","T","?","R","M","M","?","R","?","M","BOSS","E","$","R","BOSS","BOSS"],"items_purchased_type":["Relic","Relic"],"build_version":"2020-12-22","purchased_purges":0,"victory":false,"max_hp_per_floor":[77,77,77,77,77,77,77,77,77,77,77,77,77,77,77,77,82,82,82,82,82,82,82,82,82,82,82,82,82,82,82,82,82,82,82,82,82,82,82,92,92,92,92,92,92,92,102,102,102,102,102,102,102,102,102,102,102],"card_choices":[{"not_picked":["bronze:ClassDefault","bronze:Fortify"],"picked":"bronze:ChosenStrike","floor":2.0},{"not_picked":["bronze:Overheat","bronze:ForceShield"],"picked":"bronze:Deprecate","floor":3.0},{"not_picked":["bronze:Overheat","bronze:BuggyMess"],"picked":"bronze:Invalidate","floor":4.0},{"not_picked":["bronze:Turbo","bronze:WildBeam"],"picked":"bronze:Iterate","floor":5.0},{"not_picked":["bronze:Shield","bronze:Safeguard"],"picked":"bronze:Mutator","floor":6.0},{"not_picked":["bronze:Iterate","bronze:DarkDash"],"picked":"bronze:GetLatest","floor":8.0},{"not_picked":["bronze:Deprecate","bronze:BuggyMess"],"picked":"bronze:MaxOutput","floor":12.0},{"not_picked":["bronze:ForLoop","bronze:DelayedGuard"],"picked":"bronze:WhirlingStrike","floor":13.0},{"not_picked":["bronze:Flail","bronze:FineTuning"],"picked":"bronze:AlphaBuild","floor":14.0},{"not_picked":["bronze:Iterate","bronze:Shield"],"picked":"bronze:DelayedGuard","floor":15.0},{"not_picked":["bronze:SpaghettiCode","bronze:Format"],"picked":"bronze:HardenedForm","floor":16.0},{"not_picked":["bronze:ForLoop","bronze:DarkDash"],"picked":"bronze:OilSpill","floor":17.0},{"not_picked":["bronze:CutThrough","bronze:CloningBeam"],"picked":"bronze:Boost","floor":19.0},{"not_picked":["bronze:FollowUp","bronze:Frontload"],"picked":"bronze:BuggyMess","floor":21.0},{"not_picked":["bronze:Turbo","bronze:WhirlingStrike+1"],"picked":"bronze:CloningBeam+1","floor":22.0},{"not_picked":["bronze:ChildClass+1","bronze:NullPointer+1"],"picked":"bronze:Backtrace+1","floor":23.0},{"not_picked":["bronze:Boost+1","bronze:Frontload"],"picked":"bronze:BugBarrage+1","floor":27.0},{"not_picked":["bronze:WhirlingStrike+1","bronze:DelayedSlice+1"],"picked":"bronze:Optimize","floor":29.0},{"not_picked":["bronze:FineTuning","bronze:BronzeArmor"],"picked":"bronze:ClassDefault","floor":31.0},{"not_picked":["bronze:BronzeArmor","bronze:FineTuning"],"picked":"bronze:DelayedSlice+1","floor":32.0},{"not_picked":["bronze:HyperBeam+1","bronze:Format"],"picked":"bronze:Mutator","floor":33.0},{"not_picked":["expansioncontent:Chronoboost","expansioncontent:YouAreMine"],"picked":"expansioncontent:AwakenDeath","floor":37},{"not_picked":["expansioncontent:PolyBeam+1","expansioncontent:Hexaburn"],"picked":"expansioncontent:Chronoboost","floor":37},{"not_picked":["expansioncontent:Chronoboost","expansioncontent:GuardianWhirl+1"],"picked":"expansioncontent:PolyBeam+1","floor":37},{"not_picked":["bronze:CutThrough+1","bronze:DigitalCarnage+1"],"picked":"bronze:Return+1","floor":38},{"not_picked":["bronze:Overheat+1","bronze:BuggyMess+1"],"picked":"bronze:Allocate","floor":39},{"not_picked":["bronze:Overheat+1","bronze:Frontload"],"picked":"bronze:Shield","floor":42},{"not_picked":["bronze:OilSpill+1","bronze:CutThrough+1"],"picked":"bronze:WildBeam+1","floor":44},{"not_picked":["bronze:Philosophize+1","bronze:OilSpill+1"],"picked":"bronze:WhirlingStrike+1","floor":45},{"not_picked":["bronze:Boost","bronze:Shell"],"picked":"bronze:Repair+1","floor":46},{"not_picked":["bronze:Overheat+1","bronze:Assembly"],"picked":"bronze:Allocate+1","floor":49},{"not_picked":["bronze:Overload","bronze:NullPointer+1"],"picked":"bronze:DelayedGuard","floor":52}],"player_experience":919338,"relics_obtained":[{"floor":5.0,"key":"Mummified Hand"},{"floor":6.0,"key":"Meat on the Bone"},{"floor":7.0,"key":"Orichalcum"},{"floor":14.0,"key":"Eternal Feather"},{"floor":23.0,"key":"Gremlin Horn"},{"floor":24.0,"key":"Omamori"},{"floor":25.0,"key":"Necronomicon"},{"floor":40,"key":"Pear"},{"floor":46,"key":"FossilizedHelix"},{"floor":48,"key":"Letter Opener"},{"floor":52,"key":"Calipers"}],"event_choices":[{"damage_healed":0.0,"max_hp_gain":0.0,"max_hp_loss":0.0,"gold_gain":0.0,"event_name":"Addict","player_choice":"Stole Relic","floor":20.0,"gold_loss":0.0,"damage_taken":0.0,"relics_obtained":["Bag of Marbles"],"cards_obtained":["Pride"]},{"damage_healed":0.0,"max_hp_gain":0.0,"max_hp_loss":0.0,"gold_gain":0.0,"event_name":"Ghosts","player_choice":"Ignored","floor":28.0,"gold_loss":0.0,"damage_taken":0.0},{"cards_removed":["bronze:Replicate"],"damage_healed":0,"gold_gain":0,"player_choice":"Removed Attack","damage_taken":0,"max_hp_gain":0,"max_hp_loss":0,"event_name":"Falling","floor":36,"gold_loss":0},{"damage_healed":0,"gold_gain":0,"player_choice":"Fight","damage_taken":0,"max_hp_gain":0,"max_hp_loss":0,"event_name":"Mysterious Sphere","floor":46,"gold_loss":0}],"is_beta":false,"boss_relics":[{"not_picked":["Snecko Eye","Runic Pyramid"],"picked":"Tiny House"},{"not_picked":["Cursed Key","Coffee Dripper"],"picked":"bronze:MakeshiftBattery"}],"items_purged_floors":[],"is_endless":false,"potions_floor_spawned":[2,3,5,12,14,15,22,23,29,31,39,44,46],"killed_by":"downfall:NeowBossFinal","ascension_level":0}}