{"host":"2zw05eexjythz74b","time":1610844896,"event":{"mods":["AchievementEnabler","BaseMod","Better Altar","Colored Map","Minty Spire (QoL Compilation)","StSLib","everything is the same but u backflip on backflip"],"gold_per_floor":[118,118,129,143,154,154,154,180,205,205,224,224,251,251,251,353,353,373,387,387,387],"floor_reached":20,"language":"ENG","playtime":793,"items_purged":[],"score":269,"play_id":"9ecc1d21-73e0-4228-9137-fdd89b8e8258","local_time":"20210116185456","is_ascension_mode":true,"campfire_choices":[{"data":"Sadistic Nature","floor":6.0,"key":"SMITH"},{"floor":10.0,"key":"REST"},{"data":"Bouncing Flask","floor":12.0,"key":"SMITH"},{"data":"Catalyst","floor":15.0,"key":"SMITH"}],"circlet_count":0,"master_deck":["Strike_G","Strike_G","Strike_G","Strike_G","Strike_G","Defend_G","Defend_G","Defend_G","Defend_G","Defend_G","Survivor","Neutralize","Sadistic Nature+1","Bouncing Flask+1","Neutralize","Catalyst+1","Deadly Poison","PiercingWail","Deadly Poison","Envenom","Noxious Fumes","Concentrate"],"relics":["Ring of the Serpent","Bag of Preparation","MealTicket","Vajra"],"acts_visited":["Exordium","TheCity"],"potions_floor_usage":[],"damage_taken":[{"damage":1.0,"enemies":"2 Louse","floor":1.0,"turns":3.0},{"damage":4.0,"enemies":"Cultist","floor":3.0,"turns":3.0},{"damage":1.0,"enemies":"Jaw Worm","floor":4.0,"turns":2.0},{"damage":4.0,"enemies":"Blue Slaver","floor":5.0,"turns":3.0},{"damage":20.0,"enemies":"Gremlin Nob","floor":8.0,"turns":3.0},{"damage":4.0,"enemies":"Exordium Thugs","floor":11.0,"turns":2.0},{"damage":10.0,"enemies":"3 Sentries","floor":13.0,"turns":4.0},{"damage":0.0,"enemies":"Slime Boss","floor":16.0,"turns":2.0},{"damage":22.0,"enemies":"3 Byrds","floor":18.0,"turns":4.0},{"damage":4,"enemies":"Shell Parasite","floor":19,"turns":4},{"damage":37,"enemies":"Sentry and Sphere","floor":20,"turns":3}],"seed_played":"65224632235749547","potions_obtained":[{"floor":8.0,"key":"Dexterity Potion"},{"floor":11.0,"key":"GamblersBrew"},{"floor":13.0,"key":"LiquidBronze"},{"floor":16.0,"key":"Ancient Potion"}],"is_trial":false,"path_per_floor":["M","?","M","M","M","R","?","E","T","R","M","R","E","?","R","B",null,"M","M","M"],"character_chosen":"THE_SILENT","items_purchased":[],"campfire_rested":1,"item_purchase_floors":[],"current_hp_per_floor":[62,62,58,57,53,53,53,33,33,51,47,47,37,63,63,63,63,41,37,0,0],"gold":387,"neow_bonus":"RANDOM_COLORLESS_2","is_daily":false,"chose_seed":false,"campfire_upgraded":3,"win_rate":0.0,"timestamp":1610844896,"path_taken":["M","?","M","M","?","R","?","E","T","R","M","R","E","?","R","BOSS","M","M","M"],"items_purchased_type":[],"build_version":"2020-12-22","purchased_purges":0,"victory":false,"max_hp_per_floor":[63,63,63,63,63,63,63,63,63,63,63,63,63,63,63,63,63,63,63,63,63],"card_choices":[{"not_picked":["The Bomb","Secret Technique"],"picked":"Sadistic Nature","floor":0.0},{"not_picked":["Acrobatics","Endless Agony"],"picked":"Bouncing Flask","floor":1.0},{"not_picked":["Masterful Stab","PiercingWail"],"picked":"Catalyst","floor":3.0},{"not_picked":["Backstab","Cloak And Dagger"],"picked":"Deadly Poison","floor":4.0},{"not_picked":["Acrobatics","Bane"],"picked":"PiercingWail","floor":5.0},{"not_picked":["Quick Slash","Predator"],"picked":"Deadly Poison","floor":8.0},{"not_picked":["Blade Dance","Blur","Underhanded Strike"],"picked":"SKIP","floor":11.0},{"not_picked":["Choke","Footwork","Dagger Throw"],"picked":"SKIP","floor":13.0},{"not_picked":["Unload","Bullet Time"],"picked":"Envenom","floor":16.0},{"not_picked":["Sucker Punch","Outmaneuver"],"picked":"Noxious Fumes","floor":18.0},{"not_picked":["Blur+1","Quick Slash"],"picked":"Concentrate","floor":19}],"player_experience":228928,"relics_obtained":[{"floor":8.0,"key":"Bag of Preparation"},{"floor":9.0,"key":"MealTicket"},{"floor":13.0,"key":"Vajra"}],"event_choices":[{"damage_healed":0.0,"max_hp_gain":0.0,"max_hp_loss":0.0,"gold_gain":0.0,"event_name":"Match and Keep!","player_choice":"2 cards matched","floor":2.0,"gold_loss":0.0,"damage_taken":0.0,"cards_obtained":["Neutralize","Dramatic Entrance"]},{"damage_healed":0.0,"max_hp_gain":0.0,"max_hp_loss":0.0,"gold_gain":0.0,"event_name":"Match and Keep!","player_choice":"2 cards matched","floor":2.0,"gold_loss":0.0,"damage_taken":0.0,"cards_obtained":["Neutralize","Dramatic Entrance"]},{"damage_healed":0.0,"max_hp_gain":0.0,"max_hp_loss":0.0,"gold_gain":0.0,"event_name":"The Cleric","player_choice":"Leave","floor":7.0,"gold_loss":0.0,"damage_taken":0.0},{"cards_removed":["Dramatic Entrance"],"damage_healed":26.0,"max_hp_gain":0.0,"max_hp_loss":0.0,"gold_gain":0.0,"event_name":"Bonfire Elementals","player_choice":"Offered Uncommon","floor":14.0,"gold_loss":0.0,"damage_taken":0.0}],"is_beta":false,"boss_relics":[{"not_picked":["Tiny House","Cursed Key"],"picked":"Ring of the Serpent"}],"items_purged_floors":[],"is_endless":false,"potions_floor_spawned":[8,11,13,16,19],"killed_by":"Sentry and Sphere","ascension_level":3}}