{"host":"b3acx0fd85ri4t7i","time":1610856299,"event":{"mods":["BaseMod","Colored Powertips","Minty Spire (QoL Compilation)","Quick Restart","Relic Stats","StSLib","[功能]功能增强和修复MOD"],"gold_per_floor":[114,129,129,129,129,129,129],"floor_reached":6,"language":"ZHS","playtime":126,"items_purged":[],"score":68,"play_id":"c2738eaa-2f8d-4422-9ffc-1666f958a1dc","local_time":"20210117120459","is_ascension_mode":true,"campfire_choices":[],"circlet_count":0,"master_deck":["AscendersBane","Strike_B","Strike_B","Strike_B","Strike_B","Defend_B","Defend_B","Defend_B","Defend_B","Zap","Dualcast","Decay","Streamline+1","Force Field"],"relics":["Cracked Core","Mango","Golden Idol","Incense Burner"],"acts_visited":["Exordium"],"potions_floor_usage":[6],"damage_taken":[{"damage":3,"enemies":"Cultist","floor":1,"turns":3},{"damage":8,"enemies":"Jaw Worm","floor":2,"turns":4},{"damage":36,"enemies":"Gremlin Nob","floor":6,"turns":4}],"seed_played":"-5000805726496792562","potions_obtained":[{"floor":1,"key":"GamblersBrew"},{"floor":2,"key":"PotionOfCapacity"}],"is_trial":false,"path_per_floor":["M","M","?","T","?","E"],"character_chosen":"DEFECT","items_purchased":[],"campfire_rested":0,"item_purchase_floors":[],"current_hp_per_floor":[75,67,38,38,38,2,2],"gold":129,"neow_bonus":"ONE_RARE_RELIC","is_daily":false,"chose_seed":false,"campfire_upgraded":0,"win_rate":0.0,"timestamp":1610856299,"path_taken":["M","M","?","?","?","E"],"items_purchased_type":[],"build_version":"2020-12-22","purchased_purges":0,"victory":false,"max_hp_per_floor":[85,85,85,85,85,85,85],"relic_stats":{"counters":[3,11],"Golden Idol":0,"obtain_stats":[{"Golden Idol":3,"Mango":0,"Incense Burner":4,"Cracked Core":0},{"Golden Idol":2,"Mango":0,"Incense Burner":2,"Cracked Core":0},{"Golden Idol":7,"Mango":0,"Incense Burner":7,"Cracked Core":0}]},"card_choices":[{"not_picked":["Barrage","Turbo"],"picked":"Streamline","floor":1},{"not_picked":["Fusion","Leap"],"picked":"Force Field","floor":2}],"player_experience":308866,"relics_obtained":[{"floor":4,"key":"Incense Burner"}],"event_choices":[{"damage_healed":0,"gold_gain":0,"player_choice":"Take Damage","damage_taken":29,"relics_obtained":["Golden Idol"],"max_hp_gain":0,"max_hp_loss":0,"event_name":"Golden Idol","floor":3,"gold_loss":0},{"damage_healed":0,"gold_gain":0,"player_choice":"Grow","damage_taken":0,"max_hp_gain":0,"max_hp_loss":0,"event_name":"Living Wall","floor":5,"gold_loss":0,"cards_upgraded":["Streamline"]}],"is_beta":false,"boss_relics":[],"items_purged_floors":[],"is_endless":false,"potions_floor_spawned":[1,2],"killed_by":"Gremlin Nob","ascension_level":20}}