{"host":"aqym1xxr3lb31d9m","time":1610918194,"event":{"mods":["BaseMod","Block Reminder","Colored Map","Colored Powertips","DeckTracker","Highlight Path","Minty Spire (QoL Compilation)","Quick Restart","Random Character Button","StSLib","SuperFastMode","UnlockEverythingMod"],"gold_per_floor":[114,129,129,54,69,69,80,112,166,9,46,46,75,75,75,149,149,186,186,197,197,197,197,223,223,223,253,41,67,110,35,35,108,108,145,107,107,107,157,157,188,66,140,13,39,39,77,92,92,92,92,92,92,17,46,46,46],"floor_reached":56,"language":"JPN","playtime":5087,"items_purged":["Strike_P+1"],"score":2259,"play_id":"fa4bdd3e-a2d2-437e-bf36-985cfc796d46","local_time":"20210118061634","is_ascension_mode":true,"campfire_choices":[{"data":"SashWhip","floor":6.0,"key":"SMITH"},{"floor":12.0,"key":"REST"},{"data":"Eruption","floor":15.0,"key":"SMITH"},{"data":"Devotion","floor":23.0,"key":"SMITH"},{"floor":25.0,"key":"REST"},{"floor":32.0,"key":"REST"},{"data":"Omniscience","floor":40,"key":"SMITH"},{"floor":46,"key":"RECALL"},{"data":"Meditate","floor":49,"key":"SMITH"},{"data":"CutThroughFate","floor":53,"key":"SMITH"}],"circlet_count":0,"master_deck":["AscendersBane","Strike_P+1","Strike_P+1","Defend_P+1","Defend_P+1","Defend_P+1","Defend_P+1","Eruption+1","Vigilance","Meditate+1","SashWhip+1","JustLucky","Wish","EmptyFist","CutThroughFate+1","Worship","Devotion+1","Worship","ThirdEye","EmptyBody","Omniscience+1","FollowUp","Worship","Brilliance","WaveOfTheHand","Prostrate","Wallop","BattleHymn","SpiritShield","LikeWater","Collect","Ragnarok","Tantrum"],"relics":["Runic Pyramid","Blue Candle","Pen Nib","Oddly Smooth Stone","Happy Flower","MealTicket","SlaversCollar","Bag of Preparation","TeardropLocket","Blood Vial","Membership Card","Gambling Chip","VioletLotus","Ginger","Bronze Scales","OrangePellets","Damaru","Peace Pipe","Mercury Hourglass"],"acts_visited":["Exordium","TheCity","TheBeyond","TheEnding"],"potions_floor_usage":[35,56,56],"damage_taken":[{"damage":5.0,"enemies":"2 Louse","floor":1.0,"turns":4.0},{"damage":0.0,"enemies":"Jaw Worm","floor":2.0,"turns":2.0},{"damage":0.0,"enemies":"Cultist","floor":5.0,"turns":3.0},{"damage":0.0,"enemies":"Looter","floor":7.0,"turns":3.0},{"damage":10.0,"enemies":"Gremlin Nob","floor":8.0,"turns":3.0},{"damage":13.0,"enemies":"3 Louse","floor":11.0,"turns":6.0},{"damage":0.0,"enemies":"Lagavulin","floor":13.0,"turns":3.0},{"damage":0.0,"enemies":"Slime Boss","floor":16.0,"turns":6.0},{"damage":15.0,"enemies":"Chosen","floor":18.0,"turns":6.0},{"damage":0.0,"enemies":"Spheric Guardian","floor":20.0,"turns":2.0},{"damage":15.0,"enemies":"Gremlin Leader","floor":24.0,"turns":6.0},{"damage":14.0,"enemies":"Book of Stabbing","floor":27.0,"turns":5.0},{"damage":0.0,"enemies":"Gremlin Leader","floor":29.0,"turns":4.0},{"damage":18.0,"enemies":"Snake Plant","floor":30.0,"turns":6.0},{"damage":0,"enemies":"Automaton","floor":33,"turns":8},{"damage":4,"enemies":"3 Darklings","floor":35,"turns":4},{"damage":0,"enemies":"Mind Bloom Boss Battle","floor":39,"turns":6},{"damage":37,"enemies":"Reptomancer","floor":41,"turns":4},{"damage":4,"enemies":"Nemesis","floor":45,"turns":5},{"damage":0,"enemies":"Orb Walker","floor":47,"turns":3},{"damage":0,"enemies":"Writhing Mass","floor":48,"turns":6},{"damage":3,"enemies":"Awakened One","floor":50,"turns":19},{"damage":40,"enemies":"Donu and Deca","floor":51,"turns":8},{"damage":25,"enemies":"Shield and Spear","floor":55,"turns":6},{"damage":46,"enemies":"The Heart","floor":56,"turns":2}],"seed_played":"-6355322184999573642","potions_obtained":[{"floor":1.0,"key":"Ambrosia"},{"floor":7.0,"key":"SneckoOil"},{"floor":11.0,"key":"CultistPotion"},{"floor":18.0,"key":"BottledMiracle"},{"floor":20.0,"key":"BottledMiracle"},{"floor":39,"key":"SpeedPotion"}],"is_trial":false,"path_per_floor":["M","M","?","?","M","R","M","E","T","$","M","R","E","?","R","B",null,"M","?","M","?","?","R","E","R","T","E","$","E","M","?","R","B",null,"M","$","?","?","?","R","E","$","T","$","E","R","M","M","R","B","B",null,"R","$","E","B"],"character_chosen":"WATCHER","items_purchased":["Happy Flower","Membership Card","DuplicationPotion","Wallop","OrangePellets","Damaru","BattleHymn","Ragnarok"],"campfire_rested":3,"item_purchase_floors":[10,28,28,42,42,44,44,54],"current_hp_per_floor":[56,56,45,45,45,45,45,35,35,35,22,42,42,42,42,42,62,47,41,41,41,41,41,26,46,46,32,47,49,33,33,53,55,65,63,68,68,68,68,68,31,46,46,61,59,59,61,63,63,62,24,57,57,68,43,0,0],"gold":46,"neow_bonus":"BOSS_RELIC","is_daily":false,"chose_seed":false,"campfire_upgraded":6,"win_rate":0.0,"timestamp":1610918194,"path_taken":["M","M","?","?","M","R","M","E","T","?","?","R","E","?","R","BOSS","M","?","?","?","?","R","E","R","T","E","$","E","?","?","R","BOSS","M","$","?","?","?","R","E","$","T","$","E","R","?","M","R","BOSS","BOSS","R","$","E","BOSS"],"items_purchased_type":["Relic","Relic","Potion","Card","Relic","Relic","Card","Card"],"build_version":"2020-12-22","purchased_purges":1,"victory":false,"max_hp_per_floor":[68,68,68,68,68,68,68,68,68,68,68,68,68,68,68,68,68,68,68,68,68,68,68,68,68,68,68,68,68,68,68,68,68,68,68,68,68,68,68,68,68,68,68,68,68,68,68,68,68,68,68,68,68,68,68,68,68],"card_choices":[{"not_picked":["CrushJoints","EmptyFist"],"picked":"Meditate","floor":1.0},{"not_picked":["PathToVictory","Protect"],"picked":"SashWhip","floor":2.0},{"not_picked":["InnerPeace","ClearTheMind"],"picked":"JustLucky","floor":5.0},{"not_picked":["ClearTheMind","WindmillStrike"],"picked":"Wish","floor":7.0},{"not_picked":["EmptyBody","ForeignInfluence"],"picked":"EmptyFist","floor":8.0},{"not_picked":["DeceiveReality","ClearTheMind"],"picked":"CutThroughFate","floor":11.0},{"not_picked":["MasterReality","ThirdEye"],"picked":"Worship","floor":13.0},{"not_picked":["Ragnarok","Blasphemy"],"picked":"Devotion","floor":16.0},{"not_picked":["BowlingBash","EmptyBody"],"picked":"Worship","floor":18.0},{"not_picked":["WaveOfTheHand","Evaluate"],"picked":"ThirdEye","floor":20.0},{"not_picked":["WaveOfTheHand","Crescendo"],"picked":"FollowUp","floor":24.0},{"not_picked":["Indignation","ForeignInfluence","SashWhip"],"picked":"SKIP","floor":27.0},{"not_picked":["FlyingSleeves","EmptyBody","WindmillStrike"],"picked":"SKIP","floor":29.0},{"not_picked":["Protect","EmptyBody+1"],"picked":"Worship","floor":30.0},{"not_picked":["Wish","Alpha"],"picked":"Brilliance","floor":33},{"not_picked":["FlurryOfBlows","CutThroughFate"],"picked":"WaveOfTheHand","floor":35},{"not_picked":["FlurryOfBlows","Alpha"],"picked":"Prostrate","floor":39},{"not_picked":["JustLucky","FollowUp","FlurryOfBlows"],"picked":"SKIP","floor":41},{"not_picked":["SashWhip+1","FlyingSleeves"],"picked":"SpiritShield","floor":45},{"not_picked":["Protect","Sanctity+1"],"picked":"LikeWater","floor":47},{"not_picked":["EmptyFist+1","EmptyBody"],"picked":"Collect","floor":48},{"not_picked":["FollowUp","JustLucky"],"picked":"Tantrum","floor":55}],"player_experience":3903068,"relics_obtained":[{"floor":8.0,"key":"Pen Nib"},{"floor":9.0,"key":"Oddly Smooth Stone"},{"floor":13.0,"key":"MealTicket"},{"floor":24.0,"key":"Bag of Preparation"},{"floor":26.0,"key":"TeardropLocket"},{"floor":27.0,"key":"Blood Vial"},{"floor":29.0,"key":"Gambling Chip"},{"floor":39,"key":"Ginger"},{"floor":41,"key":"Bronze Scales"},{"floor":45,"key":"Peace Pipe"},{"floor":55,"key":"Mercury Hourglass"}],"event_choices":[{"damage_healed":0.0,"max_hp_gain":0.0,"max_hp_loss":0.0,"gold_gain":0.0,"event_name":"Scrap Ooze","player_choice":"Success","floor":3.0,"gold_loss":0.0,"damage_taken":11.0,"relics_obtained":["Blue Candle"]},{"damage_healed":0.0,"max_hp_gain":0.0,"max_hp_loss":0.0,"gold_gain":0.0,"event_name":"World of Goop","player_choice":"Left Gold","floor":4.0,"gold_loss":75.0,"damage_taken":0.0},{"damage_healed":0.0,"max_hp_gain":0.0,"max_hp_loss":0.0,"gold_gain":0.0,"event_name":"Liars Game","player_choice":"Ignored","floor":14.0,"gold_loss":0.0,"damage_taken":0.0},{"damage_healed":0.0,"max_hp_gain":0.0,"max_hp_loss":0.0,"gold_gain":0.0,"event_name":"Knowing Skull","player_choice":"","floor":19.0,"potions_obtained":[],"gold_loss":0.0,"damage_taken":6.0,"cards_obtained":[]},{"damage_healed":0.0,"max_hp_gain":0.0,"max_hp_loss":0.0,"gold_gain":0.0,"event_name":"Back to Basics","player_choice":"Simplicity","floor":21.0,"gold_loss":0.0,"damage_taken":0.0,"cards_upgraded":["Strike_P","Strike_P","Strike_P","Strike_P","Defend_P","Defend_P","Defend_P","Defend_P"]},{"damage_healed":0.0,"max_hp_gain":0.0,"max_hp_loss":0.0,"gold_gain":0.0,"event_name":"Match and Keep!","player_choice":"2 cards matched","floor":22.0,"gold_loss":0.0,"damage_taken":0.0,"cards_obtained":["EmptyBody","Omniscience"]},{"cards_removed":["Strike_P"],"damage_healed":0.0,"max_hp_gain":0.0,"max_hp_loss":0.0,"gold_gain":0.0,"event_name":"Beggar","player_choice":"Gave Gold","floor":31.0,"gold_loss":75.0,"damage_taken":0.0},{"damage_healed":0,"gold_gain":0,"player_choice":"Ignored","damage_taken":0,"max_hp_gain":0,"max_hp_loss":0,"event_name":"Mysterious Sphere","floor":37,"gold_loss":0},{"damage_healed":0,"gold_gain":0,"player_choice":"Ignored","damage_taken":0,"max_hp_gain":0,"max_hp_loss":0,"event_name":"Tomb of Lord Red Mask","floor":38,"gold_loss":0},{"damage_healed":0,"gold_gain":0,"player_choice":"Fight","damage_taken":0,"max_hp_gain":0,"max_hp_loss":0,"event_name":"MindBloom","floor":39,"gold_loss":0}],"is_beta":false,"boss_relics":[{"not_picked":["Busted Crown","Velvet Choker"],"picked":"SlaversCollar"},{"not_picked":["Black Star","Astrolabe"],"picked":"VioletLotus"}],"items_purged_floors":[36],"is_endless":false,"potions_floor_spawned":[1,7,11,18,20,29,33,39,41,48],"killed_by":"The Heart","ascension_level":20}}