{"host":"wmg3fl10arlg3jig","time":1610848377,"event":{"mods":["BaseMod","Better Match","Better Note","BetterRewards","Colored Powertips","MarisaÅiñ∂âJÅ@ñÇóùçπÅj","Mimic Mod","Minty Spire (QoL Compilation)","Permanent Neow","Quick Restart","Shop Mod","StSLib","Td1madao Mod","The Animator","The Jungle"],"gold_per_floor":[116,16,32,32,32,64,64,81,81,96,112,112,75,94,94,222,222,222,222,222,222,97,97,97,97,97,97,97,97,46,46,46,46,46,46,46,46,46,46,46,46,46,46,46,46,46,46,46,46,46,46,46,46,46,46],"floor_reached":56,"language":"ENG","playtime":1443,"items_purged":["Defend_R","Defend_R","Defend_R"],"score":1601,"play_id":"055b2941-586d-49e1-a09c-c899d7ab1bd4","local_time":"20210116195257","is_ascension_mode":false,"campfire_choices":[{"data":"Bash","floor":7.0,"key":"SMITH"},{"data":"Limit Break","floor":15.0,"key":"SMITH"},{"data":"Battle Trance","floor":23.0,"key":"SMITH"},{"floor":29.0,"key":"REST"},{"floor":32.0,"key":"RECALL"},{"floor":40.0,"key":"REST"},{"floor":42,"key":"REST"},{"floor":46,"key":"REST"},{"floor":49,"key":"REST"},{"data":"Strike_R","floor":52,"key":"SMITH"}],"circlet_count":0,"master_deck":["Strike_R","Strike_R","Strike_R","Strike_R","Strike_R+1","Bash+1","Swift Strike+1","Limit Break+1","Battle Trance+1","Pummel+1","Feed+1","Battle Trance+1","Heavy Blade+1","Heavy Blade+1","Bandage Up+1","Panacea+1","Master of Strategy+1"],"relics":["Burning Blood","Molten Egg 2","Brimstone","MerchantsRug","Dream Catcher","Paper Frog","Ectoplasm","Toxic Egg 2","Torii","Busted Crown","CatCart","Bag of Marbles","Gremlin Horn","Oddly Smooth Stone"],"acts_visited":["Exordium","TheCity","TheBeyond","TheEnding"],"potions_floor_usage":[41,54,55,55,55],"damage_taken":[{"damage":0.0,"enemies":"Cultist","floor":1.0,"turns":2.0},{"damage":7.0,"enemies":"Jaw Worm","floor":3.0,"turns":2.0},{"damage":0.0,"enemies":"Gremlin Nob","floor":6.0,"turns":2.0},{"damage":0.0,"enemies":"2 Louse","floor":8.0,"turns":2.0},{"damage":0.0,"enemies":"Gremlin Gang","floor":10.0,"turns":2.0},{"damage":11.0,"enemies":"Exordium Thugs","floor":11.0,"turns":2.0},{"damage":0.0,"enemies":"Blue Slaver","floor":14.0,"turns":1.0},{"damage":3.0,"enemies":"The Guardian","floor":16.0,"turns":3.0},{"damage":20.0,"enemies":"3 Byrds","floor":18.0,"turns":3.0},{"damage":0.0,"enemies":"Spheric Guardian","floor":19.0,"turns":3.0},{"damage":12.0,"enemies":"Cultist and Chosen","floor":20.0,"turns":3.0},{"damage":16.0,"enemies":"3 Cultists","floor":21.0,"turns":3.0},{"damage":12.0,"enemies":"Chosen and Byrds","floor":24.0,"turns":3.0},{"damage":25.0,"enemies":"Slavers","floor":25.0,"turns":3.0},{"damage":12.0,"enemies":"Snecko","floor":26.0,"turns":4.0},{"damage":17.0,"enemies":"Snecko","floor":28.0,"turns":3.0},{"damage":13.0,"enemies":"Centurion and Healer","floor":31.0,"turns":2.0},{"damage":46.0,"enemies":"Automaton","floor":33.0,"turns":5.0},{"damage":11.0,"enemies":"Orb Walker","floor":35.0,"turns":2.0},{"damage":28.0,"enemies":"3 Shapes","floor":36.0,"turns":2.0},{"damage":49.0,"enemies":"2 Orb Walkers","floor":39.0,"turns":3.0},{"damage":16,"enemies":"Orin","floor":41,"turns":3},{"damage":3,"enemies":"Sphere and 2 Shapes","floor":44,"turns":2},{"damage":34,"enemies":"Spire Growth","floor":45,"turns":3},{"damage":0,"enemies":"Giant Head","floor":47,"turns":3},{"damage":27,"enemies":"Maw","floor":48,"turns":3},{"damage":85,"enemies":"Time Eater","floor":50,"turns":4},{"damage":30,"enemies":"Shield and Spear","floor":54,"turns":3},{"damage":72,"enemies":"The Heart","floor":55,"turns":5}],"seed_played":"-609224182404442701","potions_obtained":[{"floor":1.0,"key":"SteroidPotion"},{"floor":3.0,"key":"Explosive Potion"},{"floor":8.0,"key":"ElixirPotion"},{"floor":10.0,"key":"SmokeBomb"},{"floor":18.0,"key":"Block Potion"},{"floor":24.0,"key":"ElixirPotion"},{"floor":28.0,"key":"Fruit Juice"},{"floor":33.0,"key":"Strength Potion"},{"floor":41,"key":"SmokeBomb"},{"floor":44,"key":"CultistPotion"},{"floor":48,"key":"CultistPotion"},{"floor":54,"key":"Block Potion"}],"is_trial":false,"path_per_floor":["M","$","M","T","?","E","R","M","T","M","M","?","$","M","R","B",null,"M","M","M","M","$","R","M","E","MIM","?","M","R","$","M","R","B",null,"M","M","?","?","?","R","?","R","T","M","M","R","E","M","R","B",null,"R","$","E","B",null],"character_chosen":"IRONCLAD","items_purchased":["Molten Egg 2","Brimstone","Swift Strike+1","MerchantsRug","Pummel+1","BloodPotion"],"campfire_rested":5,"item_purchase_floors":[0,0,0,0,13,30],"current_hp_per_floor":[59,59,58,58,51,57,57,63,63,69,64,44,44,50,50,53,80,70,80,78,72,72,72,70,55,53,53,47,80,80,77,77,41,121,116,98,98,88,51,88,88,126,126,133,105,133,137,120,141,68,141,141,141,145,85],"gold":46,"neow_bonus":"","is_daily":false,"chose_seed":false,"campfire_upgraded":4,"win_rate":0.0,"timestamp":1610848377,"path_taken":["M","$","M","?","?","E","R","M","T","M","M","?","?","M","R","BOSS","M","?","M","M","$","R","M","E","MIM","?","M","R","$","M","R","BOSS","M","M","?","?","?","R","?","R","T","M","?","R","E","M","R","BOSS","R","$","E","BOSS"],"items_purchased_type":["Relic","Relic","Card","Relic","Card","Potion"],"build_version":"2020-12-22","purchased_purges":3,"victory":true,"max_hp_per_floor":[80,80,80,80,80,80,80,80,80,80,80,80,80,80,80,80,80,84,88,92,96,96,96,100,104,108,108,113,113,113,117,117,121,121,121,125,125,125,125,125,129,129,129,133,133,133,137,141,141,141,141,141,141,145,145],"card_choices":[{"not_picked":["Feel No Pain","Rampage+1","Armaments"],"picked":"SKIP","floor":1.0},{"not_picked":["Flex","Iron Wave+1","Cleave+1"],"picked":"SKIP","floor":3.0},{"not_picked":["Shrug It Off","Evolve","Armaments"],"picked":"SKIP","floor":6.0},{"not_picked":["Power Through","Cleave+1"],"picked":"Limit Break","floor":8.0},{"not_picked":["Intimidate","Power Through"],"picked":"Battle Trance","floor":10.0},{"not_picked":["Spot Weakness","Dropkick+1","Sword Boomerang+1"],"picked":"SKIP","floor":11.0},{"not_picked":["Thunderclap+1","Armaments","Uppercut+1"],"picked":"SKIP","floor":14.0},{"not_picked":["Barricade","Reaper+1"],"picked":"Feed+1","floor":16.0},{"not_picked":["Shockwave","Warcry"],"picked":"Battle Trance+1","floor":18.0},{"not_picked":["Inflame","Infernal Blade"],"picked":"Heavy Blade+1","floor":19.0},{"not_picked":["Bloodletting","Iron Wave+1","Clash+1"],"picked":"SKIP","floor":20.0},{"not_picked":["Headbutt+1","Combust"],"picked":"Heavy Blade+1","floor":21.0},{"not_picked":["Body Slam+1","Wild Strike+1","Metallicize"],"picked":"SKIP","floor":24.0},{"not_picked":["Immolate+1","Armaments+1","Warcry+1"],"picked":"SKIP","floor":25.0},{"not_picked":["Clash+1","Clothesline+1","Twin Strike+1"],"picked":"SKIP","floor":28.0},{"not_picked":["Body Slam+1","Blood for Blood+1","Sentinel+1"],"picked":"SKIP","floor":31.0},{"not_picked":["Iron Wave+1"],"picked":"SKIP","floor":35.0},{"not_picked":["Twin Strike+1"],"picked":"SKIP","floor":36.0},{"not_picked":[],"picked":"Bandage Up+1","floor":38.0},{"not_picked":[],"picked":"Panacea+1","floor":38.0},{"not_picked":[],"picked":"Master of Strategy+1","floor":38.0},{"not_picked":["Disarm+1"],"picked":"SKIP","floor":44},{"not_picked":["Thunderclap+1"],"picked":"SKIP","floor":45},{"not_picked":["Warcry+1"],"picked":"SKIP","floor":47},{"not_picked":["Armaments+1"],"picked":"SKIP","floor":48},{"not_picked":["Anger+1"],"picked":"SKIP","floor":54}],"player_experience":258596,"relics_obtained":[{"floor":6.0,"key":"Dream Catcher"},{"floor":9.0,"key":"Paper Frog"},{"floor":25.0,"key":"Toxic Egg 2"},{"floor":26.0,"key":"Torii"},{"floor":41,"key":"CatCart"},{"floor":43,"key":"Bag of Marbles"},{"floor":47,"key":"Gremlin Horn"},{"floor":54,"key":"Oddly Smooth Stone"}],"event_choices":[{"cards_removed":["Defend_R"],"damage_healed":0.0,"max_hp_gain":0.0,"max_hp_loss":0.0,"gold_gain":0.0,"event_name":"Golden Wing","player_choice":"Card Removal","floor":5.0,"gold_loss":0.0,"damage_taken":7.0},{"damage_healed":0.0,"max_hp_gain":0.0,"max_hp_loss":0.0,"gold_gain":0.0,"event_name":"Golden Idol","player_choice":"Take Damage","floor":12.0,"gold_loss":0.0,"damage_taken":20.0,"relics_obtained":["Golden Idol"]},{"cards_removed":["Strike_R"],"damage_healed":0.0,"max_hp_gain":0.0,"max_hp_loss":0.0,"gold_gain":0.0,"event_name":"betterNote:BetterNote","player_choice":"Give","floor":27.0,"gold_loss":0.0,"damage_taken":0.0,"cards_obtained":["Defend_R"]},{"damage_healed":0.0,"max_hp_gain":0.0,"max_hp_loss":0.0,"gold_gain":333.0,"event_name":"The Moai Head","player_choice":"Gave Idol","floor":37.0,"relics_lost":["Golden Idol"],"gold_loss":0.0,"damage_taken":0.0},{"damage_healed":0.0,"max_hp_gain":0.0,"max_hp_loss":0.0,"gold_gain":0.0,"event_name":"SensoryStone","player_choice":"Memory 3","floor":38.0,"gold_loss":0.0,"damage_taken":10.0},{"damage_healed":0.0,"max_hp_gain":0.0,"max_hp_loss":0.0,"gold_gain":0.0,"event_name":"Mysterious Sphere","player_choice":"Fight","floor":39.0,"gold_loss":0.0,"damage_taken":0.0},{"damage_healed":0,"gold_gain":0,"player_choice":"Fight","damage_taken":0,"max_hp_gain":0,"max_hp_loss":0,"event_name":"OrinTheCat","floor":41,"gold_loss":0}],"is_beta":false,"boss_relics":[{"not_picked":["Velvet Choker","Black Blood"],"picked":"Ectoplasm"},{"not_picked":["Astrolabe","Fusion Hammer"],"picked":"Busted Crown"}],"items_purged_floors":[0,2,22],"is_endless":false,"potions_floor_spawned":[1,3,8,10,18,24,28,33,41,44,48,54],"ascension_level":0}}