{"host":"y193d0agu1dp5x1y","time":1610876891,"event":{"mods":["AchievementEnabler","BaseMod","Googly Eyes","Minty Spire (QoL Compilation)"],"gold_per_floor":[110,110,110,10,35,35,35,35,35,35,0,41,41,61,61,190,190,203,203,216,230,244,244,244],"floor_reached":23,"language":"ENG","playtime":909,"items_purged":["Strike_P"],"score":189,"play_id":"7e35881c-c2ea-4129-b98a-a2bda855b60f","local_time":"20210117034811","is_ascension_mode":false,"campfire_choices":[{"data":"SashWhip","floor":6.0,"key":"SMITH"},{"data":"Protect","floor":8.0,"key":"SMITH"},{"data":"EmptyFist","floor":15.0,"key":"SMITH"},{"data":"Worship","floor":23,"key":"SMITH"}],"circlet_count":0,"master_deck":["Strike_P","Strike_P","Strike_P+1","Defend_P+1","Defend_P","Defend_P","Eruption","Vigilance","SandsOfTime","Protect+1","SashWhip+1","EmptyFist+1","CutThroughFate","Establishment","Tantrum","SandsOfTime","DeceiveReality+1","Worship+1","Halt+1"],"relics":["HolyWater","Golden Idol","Bottled Lightning","Kunai"],"acts_visited":["Exordium","TheCity"],"potions_floor_usage":[],"damage_taken":[{"damage":2.0,"enemies":"2 Louse","floor":1.0,"turns":3.0},{"damage":0.0,"enemies":"Jaw Worm","floor":5.0,"turns":2.0},{"damage":11.0,"enemies":"Lagavulin","floor":12.0,"turns":5.0},{"damage":2.0,"enemies":"Small Slimes","floor":14.0,"turns":3.0},{"damage":10.0,"enemies":"Hexaghost","floor":16.0,"turns":7.0},{"damage":11.0,"enemies":"3 Byrds","floor":18.0,"turns":6.0},{"damage":0.0,"enemies":"Spheric Guardian","floor":20.0,"turns":3.0},{"damage":14.0,"enemies":"3 Cultists","floor":21.0,"turns":4.0},{"damage":20.0,"enemies":"Snake Plant","floor":22.0,"turns":4.0}],"seed_played":"5343718576226668216","potions_obtained":[{"floor":5.0,"key":"EssenceOfSteel"},{"floor":12.0,"key":"BlessingOfTheForge"},{"floor":16.0,"key":"BottledMiracle"},{"floor":20.0,"key":"Ambrosia"},{"floor":21.0,"key":"CultistPotion"},{"floor":22,"key":"SkillPotion"}],"is_trial":false,"path_per_floor":["M","?","?","$","M","R","?","R","T","?","?","E","$","M","R","B",null,"M","?","M","M","M","R"],"character_chosen":"WATCHER","items_purchased":["Protect"],"campfire_rested":0,"item_purchase_floors":[4],"current_hp_per_floor":[77,61,42,42,42,42,35,35,35,40,61,50,50,48,48,38,84,73,73,73,59,39,39,39],"gold":244,"neow_bonus":"TEN_PERCENT_HP_BONUS","is_daily":false,"chose_seed":false,"campfire_upgraded":4,"win_rate":0.0,"timestamp":1610876891,"path_taken":["M","?","?","$","M","R","?","R","T","?","?","E","$","M","R","BOSS","M","?","M","?","?","R"],"items_purchased_type":["Card"],"build_version":"2020-12-22","purchased_purges":1,"victory":false,"max_hp_per_floor":[79,79,79,79,79,79,79,79,79,84,84,84,84,84,84,84,84,84,84,84,84,84,84,84],"card_choices":[{"not_picked":["Protect","Fasting2"],"picked":"SandsOfTime","floor":1.0},{"not_picked":["Indignation","CrushJoints"],"picked":"SashWhip","floor":5.0},{"not_picked":["CrushJoints","FlurryOfBlows"],"picked":"EmptyFist","floor":12.0},{"not_picked":["FollowUp","BowlingBash"],"picked":"CutThroughFate","floor":14.0},{"not_picked":["Omniscience","LessonLearned"],"picked":"Establishment","floor":16.0},{"not_picked":["Swivel+1","Evaluate"],"picked":"Tantrum","floor":18.0},{"not_picked":["SashWhip","EmptyFist"],"picked":"DeceiveReality+1","floor":20.0},{"not_picked":["Weave","EmptyBody"],"picked":"Worship","floor":21.0},{"not_picked":["TalkToTheHand","FlyingSleeves"],"picked":"Halt+1","floor":22}],"player_experience":112553,"relics_obtained":[{"floor":9.0,"key":"Bottled Lightning"},{"floor":12.0,"key":"Kunai"}],"event_choices":[{"damage_healed":0.0,"max_hp_gain":0.0,"max_hp_loss":0.0,"gold_gain":0.0,"event_name":"Shining Light","player_choice":"Entered Light","floor":2.0,"gold_loss":0.0,"damage_taken":16.0,"cards_upgraded":["Defend_P","Strike_P"]},{"damage_healed":0.0,"max_hp_gain":0.0,"max_hp_loss":0.0,"gold_gain":0.0,"event_name":"Golden Idol","player_choice":"Take Damage","floor":3.0,"gold_loss":0.0,"damage_taken":19.0,"relics_obtained":["Golden Idol"]},{"cards_removed":["Defend_P"],"damage_healed":0.0,"max_hp_gain":0.0,"max_hp_loss":0.0,"gold_gain":0.0,"event_name":"Golden Wing","player_choice":"Card Removal","floor":7.0,"gold_loss":0.0,"damage_taken":7.0},{"damage_healed":0.0,"max_hp_gain":5.0,"max_hp_loss":0.0,"gold_gain":0.0,"event_name":"Big Fish","player_choice":"Donut","floor":10.0,"gold_loss":0.0,"damage_taken":0.0},{"damage_healed":21.0,"max_hp_gain":0.0,"max_hp_loss":0.0,"gold_gain":0.0,"event_name":"The Cleric","player_choice":"Healed","floor":11.0,"gold_loss":35.0,"damage_taken":0.0},{"damage_healed":0.0,"max_hp_gain":0.0,"max_hp_loss":0.0,"gold_gain":0.0,"event_name":"Duplicator","player_choice":"Copied","floor":19.0,"gold_loss":0.0,"damage_taken":0.0,"cards_obtained":["SandsOfTime"]}],"is_beta":false,"boss_relics":[{"not_picked":["Cursed Key","Pandora\u0027s Box"],"picked":"HolyWater"}],"items_purged_floors":[4],"is_endless":false,"potions_floor_spawned":[5,12,16,20,21,22],"ascension_level":0}}