{"host":"e2ju6k0wppswbhbd","time":1610842442,"event":{"mods":["BaseMod","Minty Spire (QoL Compilation)","Rare Cards Sparkle","StSLib"],"gold_per_floor":[111,122,132,152,101,130,130,145,197,207,207,223,258,275,275,373,373,388,358,374,1,21,21,21,53,53,69,94,110,110,139,139,244,244,255,271,493,548,548,548,566,566,566,566,576,576,626,73,73,73,73],"floor_reached":50,"language":"FRA","playtime":6897,"items_purged":[],"score":619,"play_id":"0269bc73-271f-44db-8eac-6cbbd5e45ec5","local_time":"20210117011402","is_ascension_mode":false,"campfire_choices":[{"floor":11.0,"key":"RECALL"},{"data":"Eruption","floor":15.0,"key":"SMITH"},{"data":"Vigilance","floor":24.0,"key":"SMITH"},{"data":"Swivel","floor":30.0,"key":"SMITH"},{"data":"Protect","floor":32.0,"key":"SMITH"},{"data":"Brilliance","floor":40,"key":"SMITH"},{"floor":44,"key":"REST"},{"floor":46,"key":"REST"},{"data":"Apotheosis","floor":49,"key":"SMITH"}],"circlet_count":0,"master_deck":["Strike_P","Strike_P","Defend_P","Defend_P","Defend_P","Eruption+1","Vigilance+1","Panacea","Protect+1","Prostrate","BattleHymn","EmptyFist","FollowUp","SignatureMove+1","SashWhip+1","WheelKick","Devotion","CutThroughFate","Swivel+1","Brilliance+1","WreathOfFlame+1","Nirvana+1","Consecrate+1","Good Instincts","Sanctity+1","Wireheading","JustLucky","EmptyBody","InnerPeace","Vault","CutThroughFate+1","Madness","Prostrate+1","Apotheosis+1","Finesse"],"relics":["PureWater","Akabeko","Whetstone","Singing Bowl","Astrolabe","Mango","Oddly Smooth Stone","Red Mask","Anchor","Sozu","Thread and Needle","White Beast Statue","Du-Vu Doll","PreservedInsect","Bag of Marbles"],"acts_visited":["Exordium","TheCity","TheBeyond"],"potions_floor_usage":[38,38],"damage_taken":[{"damage":5.0,"enemies":"Small Slimes","floor":1.0,"turns":3.0},{"damage":0.0,"enemies":"2 Louse","floor":2.0,"turns":3.0},{"damage":0.0,"enemies":"Cultist","floor":3.0,"turns":3.0},{"damage":0.0,"enemies":"Exordium Wildlife","floor":4.0,"turns":3.0},{"damage":17.0,"enemies":"Gremlin Nob","floor":6.0,"turns":5.0},{"damage":0.0,"enemies":"3 Louse","floor":8.0,"turns":3.0},{"damage":0.0,"enemies":"Large Slime","floor":10.0,"turns":2.0},{"damage":0.0,"enemies":"2 Fungi Beasts","floor":12.0,"turns":2.0},{"damage":7.0,"enemies":"3 Sentries","floor":13.0,"turns":8.0},{"damage":1.0,"enemies":"Exordium Wildlife","floor":14.0,"turns":5.0},{"damage":15.0,"enemies":"Hexaghost","floor":16.0,"turns":6.0},{"damage":6.0,"enemies":"2 Thieves","floor":18.0,"turns":3.0},{"damage":0.0,"enemies":"Shell Parasite","floor":20.0,"turns":4.0},{"damage":0.0,"enemies":"Cultist and Chosen","floor":22.0,"turns":4.0},{"damage":29.0,"enemies":"Book of Stabbing","floor":25.0,"turns":6.0},{"damage":1.0,"enemies":"3 Cultists","floor":27.0,"turns":6.0},{"damage":0.0,"enemies":"Masked Bandits","floor":28.0,"turns":2.0},{"damage":4.0,"enemies":"Shelled Parasite and Fungi","floor":29.0,"turns":8.0},{"damage":0.0,"enemies":"Gremlin Leader","floor":31.0,"turns":7.0},{"damage":11.0,"enemies":"Champ","floor":33.0,"turns":10.0},{"damage":1.0,"enemies":"Orb Walker","floor":35.0,"turns":4.0},{"damage":8.0,"enemies":"3 Shapes","floor":36.0,"turns":6.0},{"damage":36,"enemies":"2 Orb Walkers","floor":38,"turns":8},{"damage":36,"enemies":"Maw","floor":41,"turns":10},{"damage":8,"enemies":"Jaw Worm Horde","floor":45,"turns":6},{"damage":0,"enemies":"Mind Bloom Boss Battle","floor":47,"turns":3},{"damage":88,"enemies":"Donu and Deca","floor":50,"turns":8}],"seed_played":"-6039856373469755627","potions_obtained":[{"floor":1.0,"key":"BottledMiracle"},{"floor":4.0,"key":"SpeedPotion"},{"floor":6.0,"key":"Ancient Potion"},{"floor":10.0,"key":"PowerPotion"},{"floor":16.0,"key":"Fire Potion"},{"floor":19.0,"key":"BlessingOfTheForge"},{"floor":19.0,"key":"Block Potion"},{"floor":20.0,"key":"FearPotion"},{"floor":25.0,"key":"DistilledChaos"},{"floor":29.0,"key":"Weak Potion"},{"floor":33.0,"key":"Energy Potion"}],"is_trial":false,"path_per_floor":["M","M","M","M","$","E","?","M","T","M","R","M","E","M","R","B",null,"M","?","M","$","M","?","R","E","T","M","?","M","R","E","R","B",null,"M","M","?","?","?","R","M","?","T","R","M","R","?","$","R","B"],"character_chosen":"WATCHER","items_purchased":["FollowUp","Mango","Good Instincts","Apotheosis","PreservedInsect","Finesse","Bag of Marbles"],"campfire_rested":2,"item_purchase_floors":[5,21,21,48,48,48,48],"current_hp_per_floor":[67,67,67,67,67,50,55,55,55,55,55,55,48,47,47,32,77,73,73,75,89,89,89,89,60,60,61,61,57,57,57,57,46,97,98,90,90,54,54,54,20,20,20,50,42,72,74,74,74,0,0],"gold":73,"neow_bonus":"RANDOM_COLORLESS","is_daily":false,"chose_seed":false,"campfire_upgraded":6,"win_rate":0.0,"timestamp":1610842442,"path_taken":["M","M","M","M","$","E","?","M","T","M","R","M","E","M","R","BOSS","M","?","?","$","M","?","R","E","T","M","?","M","R","E","R","BOSS","M","M","?","?","?","R","M","?","T","R","M","R","?","$","R","BOSS"],"items_purchased_type":["Card","Relic","Card","Card","Relic","Card","Relic"],"build_version":"2020-12-22","purchased_purges":0,"victory":false,"max_hp_per_floor":[72,72,72,72,72,72,77,77,77,77,77,77,77,77,77,77,77,79,79,81,95,95,95,95,95,95,97,97,97,97,97,97,97,97,99,99,99,99,99,99,101,101,101,101,101,101,103,103,103,103,103],"card_choices":[{"not_picked":["Forethought","Discovery"],"picked":"Panacea","floor":0.0},{"not_picked":["Perseverance","Wallop"],"picked":"Protect","floor":1.0},{"not_picked":["Protect","Evaluate"],"picked":"Prostrate","floor":2.0},{"not_picked":["CrushJoints","Collect"],"picked":"BattleHymn","floor":3.0},{"not_picked":["Tantrum","SandsOfTime"],"picked":"EmptyFist","floor":4.0},{"not_picked":["Protect","SashWhip"],"picked":"SignatureMove","floor":6.0},{"not_picked":["EmptyFist","BowlingBash"],"picked":"SashWhip","floor":8.0},{"not_picked":["PathToVictory","BowlingBash"],"picked":"WheelKick","floor":10.0},{"not_picked":["Consecrate","BowlingBash"],"picked":"Devotion","floor":12.0},{"not_picked":["Perseverance","Nirvana"],"picked":"CutThroughFate","floor":13.0},{"not_picked":["Protect","FollowUp"],"picked":"Swivel","floor":14.0},{"not_picked":["DevaForm","MasterReality"],"picked":"Brilliance","floor":16.0},{"not_picked":["Consecrate","Fasting2","BattleHymn+1"],"picked":"Singing Bowl","floor":18.0},{"not_picked":["Halt","Adaptation","Weave"],"picked":"Singing Bowl","floor":20.0},{"not_picked":["EmptyBody","Evaluate"],"picked":"Sanctity+1","floor":22.0},{"not_picked":["WreathOfFlame+1","FlurryOfBlows"],"picked":"Wireheading","floor":25.0},{"not_picked":["Adaptation","FlurryOfBlows","CarveReality"],"picked":"Singing Bowl","floor":27.0},{"not_picked":["BowlingBash","EmptyBody"],"picked":"JustLucky","floor":28.0},{"not_picked":["Evaluate","Sanctity"],"picked":"EmptyBody","floor":29.0},{"not_picked":["CarveReality","MasterReality"],"picked":"InnerPeace","floor":31.0},{"not_picked":["MasterReality","ConjureBlade"],"picked":"Vault","floor":33.0},{"not_picked":["Tantrum+1","CutThroughFate","Nirvana+1"],"picked":"Singing Bowl","floor":35.0},{"not_picked":["CutThroughFate+1","FlyingSleeves+1"],"picked":"MentalFortress","floor":36.0},{"not_picked":["FlurryOfBlows","CrushJoints"],"picked":"CutThroughFate+1","floor":38},{"not_picked":["SashWhip+1","Omniscience","ThirdEye"],"picked":"Singing Bowl","floor":41},{"not_picked":["The Bomb","Trip"],"picked":"Madness","floor":42},{"not_picked":["EmptyBody+1","TalkToTheHand+1"],"picked":"Prostrate+1","floor":45},{"not_picked":["SignatureMove+1","SashWhip","Swivel"],"picked":"Singing Bowl","floor":47}],"player_experience":2690255,"relics_obtained":[{"floor":6.0,"key":"Akabeko"},{"floor":9.0,"key":"Whetstone"},{"floor":13.0,"key":"Singing Bowl"},{"floor":25.0,"key":"Oddly Smooth Stone"},{"floor":28.0,"key":"Red Mask"},{"floor":31.0,"key":"Anchor"},{"floor":38,"key":"Thread and Needle"},{"floor":43,"key":"White Beast Statue"},{"floor":47,"key":"Du-Vu Doll"}],"event_choices":[{"damage_healed":0.0,"max_hp_gain":5.0,"max_hp_loss":0.0,"gold_gain":0.0,"event_name":"Big Fish","player_choice":"Donut","floor":7.0,"gold_loss":0.0,"damage_taken":0.0},{"damage_healed":0.0,"max_hp_gain":0.0,"max_hp_loss":0.0,"gold_gain":0.0,"event_name":"The Woman in Blue","player_choice":"Bought 2 Potions","floor":19.0,"gold_loss":0.0,"damage_taken":0.0},{"damage_healed":0.0,"max_hp_gain":0.0,"max_hp_loss":0.0,"gold_gain":0.0,"event_name":"Ghosts","player_choice":"Ignored","floor":23.0,"gold_loss":0.0,"damage_taken":0.0},{"damage_healed":0.0,"max_hp_gain":0.0,"max_hp_loss":0.0,"gold_gain":0.0,"event_name":"Masked Bandits","player_choice":"Fought Bandits","floor":28.0,"gold_loss":0.0,"damage_taken":0.0},{"damage_healed":0.0,"max_hp_gain":0.0,"max_hp_loss":0.0,"gold_gain":222.0,"event_name":"Tomb of Lord Red Mask","player_choice":"Wore Mask","floor":37.0,"gold_loss":0.0,"damage_taken":0.0},{"damage_healed":0,"gold_gain":0,"player_choice":"Fight","damage_taken":0,"max_hp_gain":0,"max_hp_loss":0,"event_name":"Mysterious Sphere","floor":38,"gold_loss":0},{"cards_removed":["MentalFortress"],"damage_healed":0,"gold_gain":0,"player_choice":"Removed Power","damage_taken":0,"max_hp_gain":0,"max_hp_loss":0,"event_name":"Falling","floor":39,"gold_loss":0},{"damage_healed":0,"gold_gain":0,"player_choice":"Memory 1","damage_taken":0,"max_hp_gain":0,"max_hp_loss":0,"event_name":"SensoryStone","floor":42,"gold_loss":0},{"damage_healed":0,"gold_gain":0,"player_choice":"Fight","damage_taken":0,"max_hp_gain":0,"max_hp_loss":0,"event_name":"MindBloom","floor":47,"gold_loss":0}],"is_beta":false,"boss_relics":[{"not_picked":["Busted Crown","Runic Pyramid"],"picked":"Astrolabe"},{"not_picked":["SlaversCollar","HolyWater"],"picked":"Sozu"}],"items_purged_floors":[],"is_endless":false,"potions_floor_spawned":[1,4,6,10,16,20,25,29,33,35,41,45,47],"killed_by":"Donu and Deca","ascension_level":0}}