{"host":"j5hffomgnp4uzigj","time":1610848653,"event":{"mods":["BaseMod","Minty Spire (QoL Compilation)","UnlockEverythingMod"],"gold_per_floor":[115,134,148,165,182,214,214,242,242,254,267,35,35,54,54,158,158,173,73,84,104,104,104,104],"floor_reached":23,"language":"ZHS","playtime":1287,"items_purged":["Strike_R","Strike_R"],"score":282,"play_id":"22e3b470-57c2-4ed8-96a5-97a5fa1d4bd7","local_time":"20210117095733","is_ascension_mode":false,"campfire_choices":[{"data":"Body Slam","floor":7,"key":"SMITH"},{"data":"Barricade","floor":13,"key":"SMITH"},{"data":"Armaments","floor":15,"key":"SMITH"}],"circlet_count":0,"master_deck":["Strike_R","Defend_R","Defend_R","Defend_R","Defend_R","Bash","Shrug It Off","Body Slam+1","Flame Barrier","Second Wind","Entrench","Barricade+1","Fire Breathing+1","Armaments+1","Shrug It Off","Impervious","Feel No Pain","Feel No Pain"],"relics":["Burning Blood","NeowsBlessing","Bottled Lightning","Orichalcum","Orrery","Empty Cage"],"acts_visited":["Exordium","TheCity"],"potions_floor_usage":[6,6,23],"damage_taken":[{"damage":0,"enemies":"Small Slimes","floor":1,"turns":1},{"damage":0,"enemies":"Cultist","floor":2,"turns":1},{"damage":0,"enemies":"Jaw Worm","floor":3,"turns":1},{"damage":12,"enemies":"Looter","floor":4,"turns":3},{"damage":0,"enemies":"Exordium Wildlife","floor":5,"turns":4},{"damage":29,"enemies":"Gremlin Nob","floor":6,"turns":5},{"damage":36,"enemies":"3 Sentries","floor":8,"turns":16},{"damage":7,"enemies":"Large Slime","floor":10,"turns":8},{"damage":9,"enemies":"Looter","floor":11,"turns":4},{"damage":2,"enemies":"Blue Slaver","floor":14,"turns":5},{"damage":0,"enemies":"Hexaghost","floor":16,"turns":10},{"damage":15,"enemies":"Shell Parasite","floor":18,"turns":9},{"damage":5,"enemies":"Chosen","floor":20,"turns":6},{"damage":30,"enemies":"Centurion and Healer","floor":21,"turns":10},{"damage":51,"enemies":"Slavers","floor":23,"turns":4}],"seed_played":"2682889244751326571","potions_obtained":[{"floor":2,"key":"BlessingOfTheForge"},{"floor":3,"key":"DistilledChaos"},{"floor":8,"key":"Weak Potion"},{"floor":11,"key":"Swift Potion"},{"floor":14,"key":"Explosive Potion"},{"floor":18,"key":"BlessingOfTheForge"},{"floor":21,"key":"LiquidMemories"}],"is_trial":false,"path_per_floor":["M","M","M","M","M","E","R","E","T","M","M","$","R","M","R","B",null,"M","$","M","M","?","E"],"character_chosen":"IRONCLAD","items_purchased":["Orrery"],"campfire_rested":0,"item_purchase_floors":[12],"current_hp_per_floor":[80,80,80,74,80,57,57,27,27,26,23,23,23,27,27,33,80,71,71,72,48,48,0,0],"gold":104,"neow_bonus":"THREE_ENEMY_KILL","is_daily":false,"chose_seed":false,"campfire_upgraded":3,"win_rate":0.0,"timestamp":1610848653,"path_taken":["M","M","M","M","M","E","R","E","T","M","M","$","R","M","R","BOSS","M","$","M","M","?","E"],"items_purchased_type":["Relic"],"build_version":"2020-12-22","purchased_purges":2,"victory":false,"max_hp_per_floor":[80,80,80,80,80,80,80,80,80,80,80,80,80,80,80,80,80,80,80,80,80,80,80,80],"card_choices":[{"not_picked":["Sentinel","Wild Strike"],"picked":"Shrug It Off","floor":1},{"not_picked":["Warcry","Dual Wield","Thunderclap"],"picked":"SKIP","floor":2},{"not_picked":["Thunderclap","Inflame","Warcry"],"picked":"SKIP","floor":3},{"not_picked":["Sword Boomerang","Perfected Strike"],"picked":"Body Slam","floor":4},{"not_picked":["Cleave","Rampage","Metallicize"],"picked":"SKIP","floor":5},{"not_picked":["Searing Blow","Berserk"],"picked":"Flame Barrier","floor":6},{"not_picked":["Iron Wave","Armaments"],"picked":"Second Wind","floor":8},{"not_picked":["Inflame","Pummel"],"picked":"Entrench","floor":10},{"not_picked":["Iron Wave","Pummel","Flex"],"picked":"SKIP","floor":11},{"not_picked":["Thunderclap","Pommel Strike"],"picked":"Barricade","floor":12},{"not_picked":["Iron Wave","Infernal Blade"],"picked":"Fire Breathing","floor":12},{"not_picked":["Inflame","Headbutt"],"picked":"Armaments","floor":12},{"not_picked":["Sword Boomerang","Wild Strike"],"picked":"Shrug It Off","floor":12},{"not_picked":["Anger","Twin Strike"],"picked":"Impervious","floor":12},{"not_picked":["Inflame","Iron Wave"],"picked":"Feel No Pain","floor":14},{"not_picked":["Anger","Twin Strike"],"picked":"Feel No Pain","floor":18},{"not_picked":["Clothesline+1","Pommel Strike+1","Heavy Blade"],"picked":"SKIP","floor":20},{"not_picked":["Warcry+1","Combust","Iron Wave"],"picked":"SKIP","floor":21}],"player_experience":0,"relics_obtained":[{"floor":6,"key":"Bottled Lightning"},{"floor":8,"key":"Orichalcum"}],"event_choices":[{"damage_healed":0,"gold_gain":0,"player_choice":"Forge","damage_taken":0,"max_hp_gain":0,"max_hp_loss":0,"event_name":"Accursed Blacksmith","floor":22,"gold_loss":0,"cards_upgraded":["Fire Breathing"]}],"is_beta":false,"boss_relics":[{"not_picked":["SacredBark","Tiny House"],"picked":"Empty Cage"}],"items_purged_floors":[12,19],"is_endless":false,"potions_floor_spawned":[2,3,8,11,14,18,21],"killed_by":"Slavers","ascension_level":0}}