{"host":"4ag909k4xupnj24b","time":1610877972,"event":{"mods":["BaseMod","Minty Spire (QoL Compilation)","StSLib"],"gold_per_floor":[112,127,127,144,162,162,162,162,186,186,27,27,47,60,60,131,131,144,194,214,229,229,229],"floor_reached":22,"language":"ENG","playtime":757,"items_purged":[],"score":312,"play_id":"69139820-56e2-499a-aa67-d11cd5dc26ed","local_time":"20210117020612","is_ascension_mode":true,"campfire_choices":[{"floor":6,"key":"REST"},{"data":"Hologram","floor":8,"key":"SMITH"},{"data":"Auto Shields","floor":10,"key":"SMITH"},{"data":"Creative AI","floor":12,"key":"SMITH"},{"data":"Recycle","floor":15,"key":"SMITH"}],"circlet_count":0,"master_deck":["AscendersBane","Strike_B","Strike_B","Strike_B","Strike_B","Defend_B","Defend_B","Defend_B","Defend_B","Zap","Dualcast","Hologram+1","Auto Shields+1","White Noise+1","Cold Snap","Creative AI+1","Recycle+1","Electrodynamics","Barrage","Chill+1"],"relics":["Cracked Core","NeowsBlessing","Vajra","Akabeko","Fusion Hammer"],"acts_visited":["Exordium","TheCity"],"potions_floor_usage":[16,20],"damage_taken":[{"damage":0,"enemies":"2 Louse","floor":1,"turns":1},{"damage":0,"enemies":"Jaw Worm","floor":2,"turns":1},{"damage":0,"enemies":"Small Slimes","floor":4,"turns":1},{"damage":22,"enemies":"Gremlin Gang","floor":5,"turns":4},{"damage":3,"enemies":"3 Louse","floor":13,"turns":3},{"damage":15,"enemies":"Exordium Thugs","floor":14,"turns":6},{"damage":21,"enemies":"The Guardian","floor":16,"turns":11},{"damage":36,"enemies":"Chosen","floor":18,"turns":5},{"damage":13,"enemies":"Shell Parasite","floor":20,"turns":5},{"damage":5,"enemies":"Centurion and Healer","floor":21,"turns":7},{"damage":16,"enemies":"Snake Plant","floor":22,"turns":2}],"seed_played":"-3523825057896660895","potions_obtained":[{"floor":13,"key":"Dexterity Potion"},{"floor":16,"key":"Regen Potion"}],"is_trial":false,"path_per_floor":["M","M","?","M","M","R","?","R","T","R","$","R","M","M","R","B",null,"M","?","M","M","M"],"character_chosen":"DEFECT","items_purchased":["Creative AI"],"campfire_rested":1,"item_purchase_floors":[11],"current_hp_per_floor":[64,64,46,46,24,45,45,45,45,45,45,45,42,27,27,6,55,19,19,20,15,0,0],"gold":229,"neow_bonus":"THREE_ENEMY_KILL","is_daily":false,"chose_seed":false,"campfire_upgraded":4,"win_rate":0.0,"timestamp":1610877972,"path_taken":["M","M","?","M","M","R","?","R","T","R","$","R","M","M","R","BOSS","M","?","M","?","M"],"items_purchased_type":["Card"],"build_version":"2020-12-22","purchased_purges":0,"victory":false,"max_hp_per_floor":[71,71,71,71,71,71,71,71,71,71,71,71,71,71,71,71,71,71,71,71,71,71,71],"card_choices":[{"not_picked":["Turbo","Go for the Eyes"],"picked":"Hologram","floor":1},{"not_picked":["Hologram","Steam"],"picked":"Auto Shields","floor":2},{"not_picked":["Rebound","Tempest"],"picked":"White Noise","floor":4},{"not_picked":["Fusion","Beam Cell"],"picked":"Cold Snap","floor":5},{"not_picked":["Tempest","Double Energy"],"picked":"Recycle","floor":13},{"not_picked":["Redo","Turbo","Auto Shields"],"picked":"SKIP","floor":14},{"not_picked":["All For One","Creative AI"],"picked":"Electrodynamics","floor":16},{"not_picked":["Hologram","Ball Lightning"],"picked":"Barrage","floor":18},{"not_picked":["Beam Cell","Aggregate","Stack"],"picked":"SKIP","floor":20},{"not_picked":["Go for the Eyes","Undo"],"picked":"Chill+1","floor":21}],"player_experience":857530,"relics_obtained":[{"floor":9,"key":"Akabeko"}],"event_choices":[{"damage_healed":0,"gold_gain":0,"player_choice":"Success","damage_taken":18,"relics_obtained":["Vajra"],"max_hp_gain":0,"max_hp_loss":0,"event_name":"Scrap Ooze","floor":3,"gold_loss":0},{"damage_healed":0,"gold_gain":0,"player_choice":"Grow","damage_taken":0,"max_hp_gain":0,"max_hp_loss":0,"event_name":"Living Wall","floor":7,"gold_loss":0,"cards_upgraded":["White Noise"]},{"damage_healed":0,"gold_gain":50,"player_choice":"Pray","damage_taken":0,"max_hp_gain":0,"max_hp_loss":0,"event_name":"Golden Shrine","floor":19,"gold_loss":0}],"is_beta":false,"boss_relics":[{"not_picked":["Runic Pyramid","Astrolabe"],"picked":"Fusion Hammer"}],"items_purged_floors":[],"is_endless":false,"potions_floor_spawned":[13,16],"killed_by":"Snake Plant","ascension_level":15}}