{"host":"cw25u8qal1h0d7ia","time":1610886382,"event":{"mods":["BaseMod","Downfall","Minty Spire (QoL Compilation)","StSLib"],"gold_per_floor":[0,13,28,28,13,38,116,116,131,159,106,133,149,181,195,298,298,198,210,210,228,228,228,228,262,10,27,27,60,74,99,110,207,207,207,223,238,284,284,284,284,311,324,224,257,132,147,166,186,186],"floor_reached":51,"language":"ENG","playtime":4174,"items_purged":["bronze:Strike","bronze:Strike+1","bronze:Defend"],"score":1329,"play_id":"abf6eb9b-5787-4140-ab3a-ffb942150420","local_time":"20210117132622","is_ascension_mode":true,"campfire_choices":[{"data":"bronze:Goto","floor":1,"key":"SMITH"},{"data":"bronze:Terminator","floor":8,"key":"SMITH"},{"data":"bronze:HardenedForm","floor":18,"key":"SMITH"},{"data":"bronze:Replicate","floor":23,"key":"SMITH"},{"floor":35,"key":"RECALL"},{"floor":44,"key":"REST"}],"circlet_count":0,"master_deck":["bronze:Defend","bronze:Replicate+1","bronze:Goto+1","bronze:Terminator+1","bronze:HyperBeam","bronze:HardenedForm+1","bronze:Separator+1","bronze:BuggyMess+1","bronze:FunctionCard"],"relics":["bronze:BronzeCore","Blood Vial","Toxic Egg 2","White Beast Statue","Whetstone","Medical Kit","Juzu Bracelet","Bag of Marbles","Sozu","downfall:HeartBlessingGreen","Pen Nib","Toy Ornithopter","HandDrill","Ornamental Fan","Mummified Hand","Fusion Hammer","StoneCalendar","Orichalcum","MealTicket","downfall:HeartBlessingRed","Bottled Lightning"],"acts_visited":["Exordium","TheCity","TheBeyond"],"potions_floor_usage":[13,14,36,38,42],"damage_taken":[{"damage":1,"enemies":"Jaw Worm","floor":2,"turns":5},{"damage":1,"enemies":"Cultist","floor":3,"turns":3},{"damage":0,"enemies":"downfall:FleeingMerchant","floor":5,"turns":4},{"damage":0,"enemies":"Lagavulin","floor":6,"turns":2},{"damage":0,"enemies":"Small Slimes","floor":9,"turns":2},{"damage":14,"enemies":"Gremlin Nob","floor":10,"turns":3},{"damage":15,"enemies":"downfall:FleeingMerchant","floor":11,"turns":4},{"damage":21,"enemies":"3 Sentries","floor":12,"turns":5},{"damage":10,"enemies":"Large Slime","floor":13,"turns":5},{"damage":3,"enemies":"Gremlin Nob","floor":14,"turns":3},{"damage":3,"enemies":"Gremlin Gang","floor":15,"turns":3},{"damage":3,"enemies":"DF_ARCHETYPE_STREAMLINE","floor":16,"turns":4},{"damage":0,"enemies":"Spheric Guardian","floor":19,"turns":2},{"damage":4,"enemies":"Chosen","floor":21,"turns":2},{"damage":15,"enemies":"Book of Stabbing","floor":25,"turns":3},{"damage":0,"enemies":"3 Cultists","floor":27,"turns":1},{"damage":26,"enemies":"Slavers","floor":29,"turns":2},{"damage":0,"enemies":"Cultist and Chosen","floor":30,"turns":2},{"damage":12,"enemies":"Book of Stabbing","floor":31,"turns":3},{"damage":0,"enemies":"Snake Plant","floor":32,"turns":1},{"damage":0,"enemies":"WA_ARCHETYPE_CALM","floor":33,"turns":1},{"damage":22,"enemies":"Orb Walker","floor":36,"turns":5},{"damage":0,"enemies":"3 Darklings","floor":37,"turns":1},{"damage":12,"enemies":"2 Orb Walkers","floor":38,"turns":2},{"damage":5,"enemies":"Reptomancer","floor":42,"turns":2},{"damage":0,"enemies":"Jaw Worm Horde","floor":43,"turns":1},{"damage":0,"enemies":"Giant Head","floor":45,"turns":1},{"damage":0,"enemies":"Transient","floor":47,"turns":1},{"damage":0,"enemies":"Sphere and 2 Shapes","floor":48,"turns":1},{"damage":0,"enemies":"4 Shapes","floor":49,"turns":1},{"damage":0,"enemies":"SI_POISON_ARCHETYPE","floor":50,"turns":1}],"seed_played":"417632195282518800","potions_obtained":[{"floor":2,"key":"bronze:BurnAndBuffPotion"},{"floor":3,"key":"LiquidBronze"},{"floor":10,"key":"BlessingOfTheForge"},{"floor":11,"key":"Energy Potion"},{"floor":13,"key":"Regen Potion"},{"floor":14,"key":"Guardian:BlockOnCardUsePotion"},{"floor":15,"key":"FearPotion"}],"is_trial":false,"path_per_floor":["R","M","M","?","$","E","T","R","M","E","$","E","M","E","M","B",null,"R","M","?","M","?","R","T","E","$","M","?","E","M","E","M","B",null,"R","M","M","?","?","?","T","E","M","R","E","$","M","M","M","B",null],"character_chosen":"THE_AUTOMATON","items_purchased":["Whetstone","Medical Kit","HandDrill"],"campfire_rested":1,"item_purchase_floors":[11,11,26],"current_hp_per_floor":[70,69,68,68,68,68,68,68,70,56,43,24,16,24,23,22,70,70,70,70,66,66,66,66,53,53,55,55,31,33,23,25,27,70,70,53,55,50,50,50,50,52,54,70,70,70,70,70,70,70],"gold":186,"neow_bonus":"REMOVE_TWO","is_daily":false,"chose_seed":false,"campfire_upgraded":4,"win_rate":0.0,"timestamp":1610886382,"path_taken":["R","M","M","?","$","E","T","R","M","E","$","E","M","E","M","BOSS","R","M","?","M","?","R","T","E","$","M","?","E","M","E","M","BOSS","R","M","M","?","?","?","T","E","M","R","E","$","M","M","M","BOSS"],"items_purchased_type":["Relic","Relic","Relic"],"build_version":"2020-12-22","purchased_purges":3,"victory":true,"max_hp_per_floor":[70,70,70,70,70,70,70,70,70,70,70,70,70,70,70,70,70,70,70,70,70,70,70,70,70,70,70,70,70,70,70,70,70,70,70,70,70,70,70,70,70,70,70,70,70,70,70,70,70,70],"card_choices":[{"not_picked":["bronze:DarkDash","bronze:Overheat","bronze:BronzeOrb"],"picked":"SKIP","floor":2},{"not_picked":["bronze:CutThrough","bronze:Invalidate"],"picked":"bronze:Terminator","floor":3},{"not_picked":["bronze:ClassDefault","bronze:DelayedSlice","bronze:FineTuning"],"picked":"SKIP","floor":5},{"not_picked":["bronze:ClassDefault","bronze:Repulsor"],"picked":"bronze:HardenedForm","floor":6},{"not_picked":["bronze:BitShift+1","bronze:BronzeArmor+1","bronze:Shield+1"],"picked":"SKIP","floor":9},{"not_picked":["bronze:Overload+1","bronze:Iterate","bronze:Terminator+1"],"picked":"SKIP","floor":10},{"not_picked":["bronze:ChildClass+1","bronze:BuggyMess+1"],"picked":"bronze:Separator","floor":11},{"not_picked":["bronze:WildBeam","bronze:Turbo+1","bronze:Iterate"],"picked":"SKIP","floor":12},{"not_picked":["bronze:BronzeArmor+1","bronze:NullPointer","bronze:Optimize"],"picked":"SKIP","floor":13},{"not_picked":["bronze:FineTuning+1","bronze:Invalidate+1","bronze:Break"],"picked":"SKIP","floor":14},{"not_picked":["bronze:Allocate+1","bronze:OilSpill","bronze:Overheat"],"picked":"SKIP","floor":15},{"not_picked":["bronze:CutThrough+1","bronze:WildBeam"],"picked":"bronze:BuggyMess+1","floor":19},{"not_picked":["bronze:Separator","bronze:BitShift+1","bronze:BuggyMess+1"],"picked":"SKIP","floor":21},{"not_picked":["bronze:DelayedGuard+1","bronze:Invalidate+1","bronze:Frontload+1"],"picked":"SKIP","floor":25},{"not_picked":["bronze:RecursiveStrike","bronze:Repair+1","bronze:Turbo+1"],"picked":"SKIP","floor":27},{"not_picked":["bronze:Branch+1","bronze:FineTuning+1","bronze:Optimize"],"picked":"SKIP","floor":29},{"not_picked":["bronze:DelayedSlice","bronze:Backtrace","bronze:Flail"],"picked":"SKIP","floor":30},{"not_picked":["bronze:WildBeam","bronze:Shell+1","bronze:BuggyMess+1"],"picked":"SKIP","floor":31},{"not_picked":["bronze:DelayedGuard+1","bronze:FineTuning+1","bronze:Frontload+1"],"picked":"SKIP","floor":32},{"not_picked":["bronze:TinkerersToolbox+1","bronze:Break"],"picked":"bronze:Hardcode","floor":33},{"not_picked":["bronze:Iterate","bronze:Backtrace+1","bronze:OilSpill+1"],"picked":"SKIP","floor":36},{"not_picked":["bronze:DelayedSlice","bronze:Branch","bronze:WildBeam"],"picked":"SKIP","floor":37},{"not_picked":["bronze:BuggyMess+1","bronze:Boost+1","bronze:Constructor+1"],"picked":"SKIP","floor":42},{"not_picked":["bronze:BitShift+1","bronze:ForceShield+1","bronze:Constructor+1"],"picked":"SKIP","floor":43},{"not_picked":["bronze:Iterate+1","bronze:Allocate+1","bronze:Refactor+1"],"picked":"SKIP","floor":45},{"not_picked":["bronze:BugBarrage+1","bronze:DelayedSlice","bronze:Fortify+1"],"picked":"SKIP","floor":47},{"not_picked":["bronze:CutThrough+1","bronze:BronzeOrb","bronze:Allocate+1"],"picked":"SKIP","floor":48},{"not_picked":["bronze:DelayedSlice","bronze:Turbo+1","bronze:FindAndReplace+1"],"picked":"SKIP","floor":49}],"player_experience":549571,"relics_obtained":[{"floor":6,"key":"Blood Vial"},{"floor":7,"key":"Toxic Egg 2"},{"floor":10,"key":"White Beast Statue"},{"floor":12,"key":"Juzu Bracelet"},{"floor":14,"key":"Bag of Marbles"},{"floor":24,"key":"Pen Nib"},{"floor":25,"key":"Toy Ornithopter"},{"floor":29,"key":"Ornamental Fan"},{"floor":31,"key":"Mummified Hand"},{"floor":38,"key":"StoneCalendar"},{"floor":41,"key":"Orichalcum"},{"floor":42,"key":"MealTicket"},{"floor":45,"key":"Bottled Lightning"}],"event_choices":[{"damage_healed":0,"gold_gain":0,"player_choice":"Fight","damage_taken":0,"max_hp_gain":0,"max_hp_loss":0,"event_name":"Mysterious Sphere","floor":38,"gold_loss":0}],"is_beta":false,"boss_relics":[{"not_picked":["Snecko Eye","SacredBark"],"picked":"Sozu"},{"not_picked":["SlaversCollar","Velvet Choker"],"picked":"Fusion Hammer"}],"items_purged_floors":[11,26,46],"is_endless":false,"potions_floor_spawned":[2,3,10,11,12,13,14,15,16,19,21,25,27,29,30,31,32,33,36,37,38,42,43,45,47,48,49],"ascension_level":1}}