{"host":"dtvgc7uk609653br","time":1610859719,"event":{"mods":["BaseMod","Downfall","Minty Spire (QoL Compilation)","Shade Mod","StSLib","The Bladedancer","The Druid"],"gold_per_floor":[99,118,63,82,95,109,134,56,89,89,109,123,123,136,152,152,152,152],"floor_reached":16,"language":"ENG","playtime":787,"items_purged":[],"score":106,"play_id":"5d81b3d5-3515-4283-aca6-44fbc7a74e6f","local_time":"20210117000159","is_ascension_mode":false,"campfire_choices":[{"data":"Slimebound:Split","floor":1,"key":"SMITH"},{"data":"Slimebound:OneTwoCombo","floor":13,"key":"SMITH"}],"circlet_count":0,"master_deck":["Slimebound:Strike_Slimebound","Slimebound:Strike_Slimebound","Slimebound:Strike_Slimebound","Slimebound:Tackle","Slimebound:Defend_Slimebound","Slimebound:Defend_Slimebound","Slimebound:Defend_Slimebound","Slimebound:Defend_Slimebound","Slimebound:Split+1","Slimebound:CorrosiveSpit+1","Slimebound:SlimeBrawl","Slimebound:SplitAcid","Slimebound:SplitLeeching","Slimebound:SplitLeeching","Slimebound:SplitAcid","Slimebound:OneTwoCombo+1","Slimebound:SplitLeeching","Slimebound:SplitAcid"],"relics":["Slimebound:AbsorbEndCombat","MawBank","Smiling Mask"],"acts_visited":["Exordium"],"potions_floor_usage":[],"damage_taken":[{"damage":0,"enemies":"Small Slimes","floor":2,"turns":4},{"damage":0,"enemies":"downfall:FleeingMerchant","floor":3,"turns":4},{"damage":0,"enemies":"Cultist","floor":4,"turns":3},{"damage":3,"enemies":"2 Louse","floor":5,"turns":3},{"damage":8,"enemies":"Exordium Thugs","floor":6,"turns":5},{"damage":2,"enemies":"downfall:FleeingMerchant","floor":8,"turns":4},{"damage":13,"enemies":"3 Sentries","floor":9,"turns":5},{"damage":7,"enemies":"Blue Slaver","floor":11,"turns":4},{"damage":0,"enemies":"Exordium Wildlife","floor":12,"turns":4},{"damage":4,"enemies":"Large Slime","floor":14,"turns":4},{"damage":1,"enemies":"2 Fungi Beasts","floor":15,"turns":3},{"damage":65,"enemies":"SI_SHIV_ARCHETYPE","floor":16,"turns":7}],"seed_played":"8691573652850869580","potions_obtained":[{"floor":2,"key":"LiquidMemories"},{"floor":4,"key":"EssenceOfSteel"},{"floor":9,"key":"ColorlessPotion"}],"is_trial":false,"path_per_floor":["R","M","$","M","M","M","T","$","E","?","M","M","R","M","M","B"],"character_chosen":"SLIMEBOUND","items_purchased":["Slimebound:SlimeBrawl","Slimebound:SplitLeeching","Slimebound:SplitAcid"],"campfire_rested":0,"item_purchase_floors":[3,8,8],"current_hp_per_floor":[65,65,65,65,63,57,57,57,44,65,59,60,60,57,57,0,0,0],"gold":152,"neow_bonus":"UPGRADE_CARD","is_daily":false,"chose_seed":false,"campfire_upgraded":2,"win_rate":0.0,"timestamp":1610859719,"path_taken":["R","M","$","M","M","M","T","$","E","?","M","?","R","?","M","BOSS"],"items_purchased_type":["Card","Card","Card"],"build_version":"2020-12-22","purchased_purges":0,"victory":false,"max_hp_per_floor":[65,65,65,65,65,65,65,65,65,65,65,65,65,65,65,65,65,65],"card_choices":[{"not_picked":["Slimebound:HauntingLick","Slimebound:Nibble","Slimebound:GoopTackle"],"picked":"SKIP","floor":2},{"not_picked":["Slimebound:AcidTongue","Slimebound:GrowthPunch","Slimebound:FormOfPuddle"],"picked":"SKIP","floor":3},{"not_picked":["Slimebound:SlimeSpikes","Slimebound:RollThrough","Slimebound:FinishingTackle"],"picked":"SKIP","floor":4},{"not_picked":["Slimebound:SelfFormingGoo","Slimebound:Gluttony"],"picked":"Slimebound:SplitAcid","floor":5},{"not_picked":["Slimebound:RainOfGoop","Slimebound:SamplingLick","Slimebound:HauntingLick"],"picked":"SKIP","floor":6},{"not_picked":["Slimebound:FinishingTackle","Slimebound:SplitMire"],"picked":"Slimebound:SplitLeeching","floor":8},{"not_picked":["Slimebound:LeechingTouch","Slimebound:PressTheAttack"],"picked":"Slimebound:OneTwoCombo","floor":9},{"not_picked":["Slimebound:SlimeSpikes","Slimebound:RejuvenatingLick"],"picked":"Slimebound:SplitLeeching","floor":11},{"not_picked":["Slimebound:SlimeSpikes","Slimebound:AcidTongue"],"picked":"Slimebound:SplitAcid","floor":12},{"not_picked":["Slimebound:LivingWall","Slimebound:LeechEnergy","Slimebound:RejuvenatingLick"],"picked":"SKIP","floor":14},{"not_picked":["Slimebound:AcidTongue","Slimebound:ComboTackle","Slimebound:MegaLick"],"picked":"SKIP","floor":15}],"player_experience":546817,"relics_obtained":[{"floor":7,"key":"MawBank"},{"floor":9,"key":"Smiling Mask"}],"event_choices":[{"damage_healed":21,"gold_gain":0,"player_choice":"Full Heal","damage_taken":0,"max_hp_gain":0,"max_hp_loss":0,"event_name":"Wheel of Change","floor":10,"gold_loss":0}],"is_beta":false,"boss_relics":[],"items_purged_floors":[],"is_endless":false,"potions_floor_spawned":[2,4,9,11,12],"killed_by":"SI_SHIV_ARCHETYPE","ascension_level":0}}