{"host":"2yqfi47fogfu1ic4","time":1610905987,"event":{"mods":["AchievementEnabler","BaseMod","Colored Map","Colored Powertips","Highlight Path","Minty Spire (QoL Compilation)","Permanent Neow","Relic Stats","StSLib"],"gold_per_floor":[117,129,129,46,61,61,96,112,112,122,149,159,159,186,186,258,258,273,323,323,79,99,110,110,140,140,240,240,140,140,157,157,236,236,256,275,275,275,293,293,45,56,56,56,56,69,79,98,98,98],"floor_reached":51,"language":"DEU","playtime":17285,"items_purged":["Regret","Dagger Spray","Dagger Spray+1"],"score":1467,"play_id":"95e2a776-1c43-4999-ae56-715d831125a8","local_time":"20210117185307","is_ascension_mode":true,"campfire_choices":[{"data":"Dagger Spray","floor":6.0,"key":"SMITH"},{"data":"Reflex","floor":13.0,"key":"SMITH"},{"data":"Dagger Throw","floor":15.0,"key":"SMITH"},{"floor":30.0,"key":"REST"},{"floor":32.0,"key":"REST"},{"data":"Well Laid Plans","floor":40.0,"key":"SMITH"},{"data":"Eviscerate","floor":49,"key":"SMITH"}],"circlet_count":0,"master_deck":["AscendersBane","Survivor","Neutralize","Underhanded Strike","Venomology","Reflex+1","Concentrate+1","Dagger Throw+1","Acrobatics+1","Malaise+1","Doppelganger+1","Crippling Poison+1","Deflect+1","PiercingWail+1","Distraction+1","Backflip+1","Acrobatics+1","Concentrate+1","Leg Sweep+1","Acrobatics+1","Escape Plan+1","After Image","Crippling Poison+1","Footwork+1","Eviscerate+1","Reflex+1","Acrobatics+1","Madness+1","Madness+1","Well Laid Plans+1","Eviscerate+1","Concentrate+1","Concentrate+1","Acrobatics+1"],"relics":["Cursed Key","Blue Candle","Toxic Egg 2","Lizard Tail","Mercury Hourglass","Pandora\u0027s Box","DollysMirror","Pen Nib","Ginger","Matryoshka","Astrolabe"],"acts_visited":["Exordium","TheCity","TheBeyond"],"potions_floor_usage":[],"damage_taken":[{"damage":0.0,"enemies":"Cultist","floor":1.0,"turns":4.0},{"damage":0.0,"enemies":"2 Louse","floor":2.0,"turns":2.0},{"damage":2.0,"enemies":"Jaw Worm","floor":5.0,"turns":3.0},{"damage":3.0,"enemies":"Lagavulin","floor":7.0,"turns":7.0},{"damage":0.0,"enemies":"Lots of Slimes","floor":8.0,"turns":1.0},{"damage":2.0,"enemies":"Large Slime","floor":10.0,"turns":5.0},{"damage":21.0,"enemies":"3 Sentries","floor":11.0,"turns":7.0},{"damage":16.0,"enemies":"3 Louse","floor":12.0,"turns":3.0},{"damage":22.0,"enemies":"Lagavulin","floor":14.0,"turns":8.0},{"damage":14.0,"enemies":"The Guardian","floor":16.0,"turns":14.0},{"damage":8.0,"enemies":"Spheric Guardian","floor":18.0,"turns":4.0},{"damage":11.0,"enemies":"Shell Parasite","floor":22.0,"turns":4.0},{"damage":9.0,"enemies":"Snake Plant","floor":23.0,"turns":3.0},{"damage":19.0,"enemies":"Slavers","floor":25.0,"turns":4.0},{"damage":0.0,"enemies":"Colosseum Slavers","floor":27.0,"turns":2.0},{"damage":14.0,"enemies":"Colosseum Nobs","floor":27.0,"turns":4.0},{"damage":0.0,"enemies":"Snecko","floor":31.0,"turns":4.0},{"damage":2.0,"enemies":"Collector","floor":33.0,"turns":4.0},{"damage":0.0,"enemies":"3 Darklings","floor":35.0,"turns":3.0},{"damage":0.0,"enemies":"3 Shapes","floor":36.0,"turns":3.0},{"damage":0.0,"enemies":"Transient","floor":39.0,"turns":6.0},{"damage":0.0,"enemies":"Sphere and 2 Shapes","floor":42.0,"turns":2.0},{"damage":0.0,"enemies":"4 Shapes","floor":46.0,"turns":5.0},{"damage":1.0,"enemies":"3 Darklings","floor":47.0,"turns":2.0},{"damage":0,"enemies":"Jaw Worm Horde","floor":48,"turns":2},{"damage":0,"enemies":"Awakened One","floor":50,"turns":4}],"seed_played":"7607687774163108121","potions_obtained":[{"floor":2.0,"key":"SpeedPotion"},{"floor":8.0,"key":"ColorlessPotion"},{"floor":10.0,"key":"Fruit Juice"},{"floor":27.0,"key":"Weak Potion"},{"floor":35.0,"key":"Regen Potion"}],"is_trial":false,"path_per_floor":["M","M","?","$","M","R","E","M","T","M","E","M","R","E","R","B",null,"M","?","?","$","M","M","?","E","T","?","?","$","R","M","R","B",null,"M","M","?","?","M","R","$","M","T","?","T","M","M","M","R","B",null],"character_chosen":"THE_SILENT","items_purchased":["Venomology","DollysMirror","Eviscerate","Concentrate+1"],"campfire_rested":2,"item_purchase_floors":[4,21,41,41],"current_hp_per_floor":[59,59,59,59,57,57,54,54,54,52,36,20,20,35,35,21,59,63,63,63,63,52,43,43,24,24,10,10,10,31,31,52,50,66,66,66,53,53,68,68,68,68,68,68,68,68,67,67,67,67],"gold":98,"neow_bonus":"BOSS_RELIC","is_daily":false,"chose_seed":false,"campfire_upgraded":5,"win_rate":0.0,"timestamp":1610905987,"path_taken":["M","?","?","$","M","R","E","M","T","M","E","M","R","E","R","BOSS","M","?","?","$","?","M","?","E","T","?","?","$","R","M","R","BOSS","M","M","?","?","?","R","?","?","T","?","?","M","?","M","R","BOSS"],"items_purchased_type":["Card","Relic","Card","Card"],"build_version":"2020-12-22","purchased_purges":3,"victory":true,"max_hp_per_floor":[66,66,66,66,66,66,66,66,66,66,71,71,71,71,71,71,71,71,71,71,71,71,71,71,71,71,71,71,71,71,71,71,71,71,71,71,71,71,71,71,71,71,71,71,71,71,71,71,71,71],"relic_stats":{"Lizard Tail":35,"counters":[26,109],"Blue Candle":[7],"Astrolabe":["Crippling Poison","Footwork","Eviscerate"],"Pandora\u0027s Box":["Riddle With Holes","Crippling Poison","A Thousand Cuts","Escape Plan","Dagger Spray","Deflect","Bane","PiercingWail","Bullet Time","Distraction"],"Pen Nib":[14],"Ginger":[2],"Cursed Key":0,"obtain_stats":[{"Lizard Tail":11,"Matryoshka":27,"DollysMirror":21,"Blue Candle":3,"Astrolabe":34,"Pandora\u0027s Box":17,"Pen Nib":25,"Ginger":27,"Toxic Egg 2":7,"Cursed Key":0,"Ring of the Snake":0,"Mercury Hourglass":14},{"Lizard Tail":7,"Matryoshka":16,"DollysMirror":11,"Blue Candle":2,"Astrolabe":18,"Pandora\u0027s Box":10,"Pen Nib":14,"Ginger":16,"Toxic Egg 2":4,"Cursed Key":0,"Ring of the Snake":0,"Mercury Hourglass":9},{"Lizard Tail":29,"Matryoshka":75,"DollysMirror":58,"Blue Candle":6,"Astrolabe":83,"Pandora\u0027s Box":54,"Pen Nib":69,"Ginger":75,"Toxic Egg 2":16,"Cursed Key":0,"Ring of the Snake":0,"Mercury Hourglass":40}],"Mercury Hourglass":[277]},"card_choices":[{"not_picked":["Cloak And Dagger","Deflect"],"picked":"Underhanded Strike","floor":1.0},{"not_picked":["Backflip","Well Laid Plans"],"picked":"Dagger Spray","floor":2.0},{"not_picked":["Deflect","Crippling Poison"],"picked":"Reflex","floor":5.0},{"not_picked":["Flechettes","Backstab"],"picked":"Concentrate+1","floor":7.0},{"not_picked":["Deflect+1","Flechettes"],"picked":"Dagger Throw","floor":8.0},{"not_picked":["Skewer","Riddle With Holes","Cloak And Dagger+1"],"picked":"SKIP","floor":10.0},{"not_picked":["Infinite Blades","Deflect+1","Footwork"],"picked":"SKIP","floor":11.0},{"not_picked":["Deflect+1","Flying Knee"],"picked":"Acrobatics+1","floor":12.0},{"not_picked":["Deflect+1","Sucker Punch"],"picked":"Malaise+1","floor":14.0},{"not_picked":["Burst+1","A Thousand Cuts"],"picked":"Doppelganger+1","floor":16.0},{"not_picked":["Catalyst+1","Blade Dance+1"],"picked":"Backflip+1","floor":18.0},{"not_picked":["Quick Slash","Catalyst+1","PiercingWail+1"],"picked":"SKIP","floor":22.0},{"not_picked":["Dagger Throw","Footwork","Well Laid Plans"],"picked":"SKIP","floor":23.0},{"not_picked":["Crippling Poison+1","Slice"],"picked":"Concentrate+1","floor":25.0},{"not_picked":["Dodge and Roll+1","Slice"],"picked":"Leg Sweep+1","floor":27.0},{"not_picked":["Setup+1","Skewer+1"],"picked":"Escape Plan+1","floor":31.0},{"not_picked":["Storm of Steel+1","Venomology+1"],"picked":"After Image","floor":33.0},{"not_picked":["Dodge and Roll+1","Outmaneuver+1"],"picked":"Reflex+1","floor":35.0},{"not_picked":["Poisoned Stab","Blur+1"],"picked":"Acrobatics+1","floor":36.0},{"not_picked":["Bane+1","Underhanded Strike","Deadly Poison+1"],"picked":"SKIP","floor":39.0},{"not_picked":["Bane+1","Underhanded Strike","Deadly Poison+1"],"picked":"SKIP","floor":39.0},{"not_picked":["Bane+1","Underhanded Strike","Deadly Poison+1"],"picked":"SKIP","floor":39.0},{"not_picked":["Cloak And Dagger+1","A Thousand Cuts"],"picked":"Concentrate+1","floor":42.0},{"not_picked":["Sucker Punch","Dagger Spray","Riddle With Holes"],"picked":"SKIP","floor":46.0},{"not_picked":["Terror+1","Quick Slash+1"],"picked":"Acrobatics+1","floor":47},{"not_picked":["Cloak And Dagger+1","Dash+1","Blade Dance+1"],"picked":"SKIP","floor":48}],"player_experience":1559258,"relics_obtained":[{"floor":7.0,"key":"Toxic Egg 2"},{"floor":11.0,"key":"Lizard Tail"},{"floor":14.0,"key":"Mercury Hourglass"},{"floor":25.0,"key":"Pen Nib"},{"floor":27.0,"key":"Ginger"},{"floor":27.0,"key":"Matryoshka"}],"event_choices":[{"damage_healed":0.0,"max_hp_gain":0.0,"max_hp_loss":0.0,"gold_gain":0.0,"event_name":"Big Fish","player_choice":"Box","floor":3.0,"gold_loss":0.0,"damage_taken":0.0,"relics_obtained":["Blue Candle"],"cards_obtained":["Regret"]},{"damage_healed":0.0,"max_hp_gain":0.0,"max_hp_loss":0.0,"gold_gain":50.0,"event_name":"Nest","player_choice":"Stole From Cult","floor":19.0,"gold_loss":0.0,"damage_taken":0.0},{"damage_healed":0.0,"max_hp_gain":0.0,"max_hp_loss":0.0,"gold_gain":0.0,"cards_transformed":["Riddle With Holes"],"event_name":"Transmorgrifier","player_choice":"Transformed","floor":20.0,"gold_loss":0.0,"damage_taken":0.0,"cards_obtained":["Footwork"]},{"damage_healed":0.0,"max_hp_gain":0.0,"max_hp_loss":0.0,"gold_gain":0.0,"event_name":"Colosseum","player_choice":"Fight","floor":27.0,"gold_loss":0.0,"damage_taken":0.0},{"damage_healed":0.0,"max_hp_gain":0.0,"max_hp_loss":0.0,"gold_gain":0.0,"event_name":"Colosseum","player_choice":"Fought Nobs","floor":27.0,"gold_loss":0.0,"damage_taken":0.0},{"damage_healed":0.0,"max_hp_gain":0.0,"max_hp_loss":0.0,"gold_gain":0.0,"event_name":"The Library","player_choice":"Read","floor":28.0,"gold_loss":0.0,"damage_taken":0.0,"cards_obtained":["Acrobatics"]},{"damage_healed":0.0,"max_hp_gain":0.0,"max_hp_loss":0.0,"gold_gain":0.0,"event_name":"Winding Halls","player_choice":"Embrace Madness","floor":37.0,"gold_loss":0.0,"damage_taken":13.0,"cards_obtained":["Madness","Madness"]},{"damage_healed":0.0,"max_hp_gain":0.0,"max_hp_loss":0.0,"gold_gain":0.0,"cards_transformed":["Footwork"],"event_name":"Transmorgrifier","player_choice":"Transformed","floor":38.0,"gold_loss":0.0,"damage_taken":0.0,"cards_obtained":["Well Laid Plans"]},{"cards_removed":["Escape Plan"],"damage_healed":0.0,"max_hp_gain":0.0,"max_hp_loss":0.0,"gold_gain":0.0,"event_name":"Falling","player_choice":"Removed Skill","floor":44.0,"gold_loss":0.0,"damage_taken":0.0}],"is_beta":false,"boss_relics":[{"not_picked":["Runic Pyramid","Empty Cage"],"picked":"Pandora\u0027s Box"},{"not_picked":["Black Star","Sozu"],"picked":"Astrolabe"}],"items_purged_floors":[21,29,41],"is_endless":false,"potions_floor_spawned":[2,8,10,16,27,27,31,35,39,47],"ascension_level":19}}