{"host":"sum4dy402bbv9y4o","time":1610903343,"event":{"mods":["Aspiration","BaseMod","Conspire","Highlight Path","Minty Spire (QoL Compilation)","StSLib"],"gold_per_floor":[117,4,15,29,29,29,63,78,78,98,98,116,116,135,135,135,135],"floor_reached":16,"language":"ENG","playtime":466,"items_purged":[],"score":208,"play_id":"e11ea0a5-b5b8-4fe1-a0ed-dab6c020b667","local_time":"20210117200903","is_ascension_mode":true,"campfire_choices":[{"data":"Armaments","floor":6,"key":"SMITH"},{"data":"True Grit","floor":11,"key":"SMITH"},{"data":"Rampage","floor":15,"key":"SMITH"}],"circlet_count":0,"master_deck":["AscendersBane","Strike_R+1","Strike_R","Strike_R","Strike_R","Strike_R","Defend_R","Defend_R","Defend_R","Bash","Headbutt","True Grit+1","Armaments+1","Clothesline","Rampage+1","Intimidate+1","Flame Barrier"],"relics":["Burning Blood","aspiration:Nostalgia","PureWater","TungstenRod","Frozen Egg 2"],"acts_visited":["Exordium"],"potions_floor_usage":[4,7,16],"damage_taken":[{"damage":6,"enemies":"Cultist","floor":1,"turns":3},{"damage":7,"enemies":"2 Louse","floor":3,"turns":3},{"damage":7,"enemies":"Jaw Worm","floor":4,"turns":2},{"damage":31,"enemies":"Gremlin Nob","floor":7,"turns":4},{"damage":0,"enemies":"3 Louse","floor":8,"turns":2},{"damage":1,"enemies":"Exordium Thugs","floor":10,"turns":5},{"damage":5,"enemies":"Large Slime","floor":12,"turns":6},{"damage":8,"enemies":"Blue Slaver","floor":14,"turns":3},{"damage":35,"enemies":"Slime Boss","floor":16,"turns":8}],"seed_played":"-5063570607163550511","potions_obtained":[{"floor":1,"key":"FearPotion"},{"floor":7,"key":"FearPotion"}],"is_trial":false,"path_per_floor":["M","$","M","M","?","R","E","M","T","M","R","M","?","M","R","B"],"character_chosen":"IRONCLAD","items_purchased":["True Grit","PowerPotion"],"campfire_rested":0,"item_purchase_floors":[2,2],"current_hp_per_floor":[68,68,67,66,59,59,34,40,40,45,45,46,24,22,22,0,0],"gold":135,"neow_bonus":"NOSTALGIA","is_daily":false,"chose_seed":false,"campfire_upgraded":3,"win_rate":0.0,"timestamp":1610903343,"path_taken":["M","?","M","M","?","R","E","M","T","M","R","M","?","M","R","BOSS"],"items_purchased_type":["Card","Potion"],"build_version":"2020-12-22","purchased_purges":0,"victory":false,"max_hp_per_floor":[75,75,75,75,75,75,75,75,75,75,75,75,75,75,75,75,75],"card_choices":[{"not_picked":["Carnage","Warcry"],"picked":"Headbutt","floor":1},{"not_picked":["Clash","Havoc"],"picked":"Armaments","floor":3},{"not_picked":["Entrench","Clash"],"picked":"Clothesline","floor":4},{"not_picked":["Flex","Double Tap"],"picked":"Rampage","floor":7},{"not_picked":["Infernal Blade","Sever Soul","Fire Breathing"],"picked":"SKIP","floor":8},{"not_picked":["Perfected Strike","Armaments","Shockwave"],"picked":"SKIP","floor":10},{"not_picked":["Blood for Blood","Entrench"],"picked":"Intimidate","floor":12},{"not_picked":["Clash","Evolve+1"],"picked":"Flame Barrier","floor":14}],"player_experience":2949792,"relics_obtained":[{"floor":7,"key":"TungstenRod"},{"floor":9,"key":"Frozen Egg 2"}],"event_choices":[{"cards_removed":["Defend_R"],"damage_healed":0,"gold_gain":0,"player_choice":"Card Removal","damage_taken":7,"max_hp_gain":0,"max_hp_loss":0,"event_name":"Golden Wing","floor":5,"gold_loss":0},{"damage_healed":0,"gold_gain":0,"player_choice":"Entered Light","damage_taken":23,"max_hp_gain":0,"max_hp_loss":0,"event_name":"Shining Light","floor":13,"gold_loss":0,"cards_upgraded":["Intimidate","Strike_R"]}],"is_beta":false,"boss_relics":[],"items_purged_floors":[],"is_endless":false,"potions_floor_spawned":[1,3,7],"killed_by":"Slime Boss","ascension_level":20}}