{"host":"i09pxcjttd31eh4q","time":1610895629,"event":{"mods":["AchievementEnabler","BaseMod","Colored Map","Keyboard Shortcuts","Minty Spire (QoL Compilation)","StSLib","SuperFastMode"],"gold_per_floor":[112,122,122,42,42,42,73,73,123,5,5,24,35,51,51,129,129,144,160,176,194,194,194,119,119,119,119,132,144,173,183,183,262,262,272,272,272],"floor_reached":36,"language":"KOR","playtime":886,"items_purged":["Strike_B"],"score":847,"play_id":"d8e0e9ca-9b0c-4fdc-8c47-b9ed5e02ae69","local_time":"20210118000029","is_ascension_mode":true,"campfire_choices":[{"data":"Storm","floor":6.0,"key":"SMITH"},{"data":"Heatsinks","floor":8.0,"key":"SMITH"},{"data":"Heatsinks","floor":11.0,"key":"SMITH"},{"data":"Self Repair","floor":15.0,"key":"SMITH"},{"data":"Force Field","floor":23.0,"key":"SMITH"},{"data":"Heatsinks","floor":25.0,"key":"SMITH"},{"data":"Turbo","floor":27.0,"key":"SMITH"},{"data":"Storm","floor":32,"key":"SMITH"}],"circlet_count":0,"master_deck":["AscendersBane","Defend_B","Defend_B","Defend_B","Defend_B","Zap","Dualcast","Heatsinks+1","Cold Snap","Heatsinks+1","Turbo+1","Storm+1","Heatsinks+1","Self Repair+1","Compile Driver","Creative AI","Heatsinks+1","Force Field+1","Storm+1","Amplify","Static Discharge","Seek"],"relics":["Cracked Core","NeowsBlessing","Happy Flower","Strawberry","Snecko Eye","Mercury Hourglass","Kunai","Runic Dome"],"acts_visited":["Exordium","TheCity","TheBeyond"],"potions_floor_usage":[30,33],"damage_taken":[{"damage":0.0,"enemies":"Jaw Worm","floor":1.0,"turns":1.0},{"damage":0.0,"enemies":"Cultist","floor":2.0,"turns":1.0},{"damage":0.0,"enemies":"Lagavulin","floor":7.0,"turns":1.0},{"damage":8.0,"enemies":"2 Louse","floor":12.0,"turns":3.0},{"damage":15.0,"enemies":"Exordium Thugs","floor":13.0,"turns":5.0},{"damage":11.0,"enemies":"Blue Slaver","floor":14.0,"turns":3.0},{"damage":47.0,"enemies":"Hexaghost","floor":16.0,"turns":9.0},{"damage":15.0,"enemies":"Spheric Guardian","floor":18.0,"turns":4.0},{"damage":0.0,"enemies":"Chosen","floor":19.0,"turns":4.0},{"damage":28.0,"enemies":"Snake Plant","floor":20.0,"turns":4.0},{"damage":14.0,"enemies":"Chosen and Byrds","floor":21.0,"turns":6.0},{"damage":12.0,"enemies":"Shelled Parasite and Fungi","floor":28.0,"turns":5.0},{"damage":0.0,"enemies":"Sentry and Sphere","floor":29.0,"turns":4.0},{"damage":23,"enemies":"Slavers","floor":30,"turns":3},{"damage":1,"enemies":"Chosen and Byrds","floor":31,"turns":2},{"damage":28,"enemies":"Collector","floor":33,"turns":6},{"damage":18,"enemies":"3 Darklings","floor":35,"turns":4},{"damage":65,"enemies":"2 Orb Walkers","floor":36,"turns":3}],"seed_played":"7423988785178470920","potions_obtained":[{"floor":1.0,"key":"PotionOfCapacity"},{"floor":12.0,"key":"PowerPotion"},{"floor":14.0,"key":"PowerPotion"},{"floor":18.0,"key":"LiquidBronze"},{"floor":30,"key":"EssenceOfSteel"}],"is_trial":false,"path_per_floor":["M","M","?","$","?","R","E","R","T","$","R","M","M","M","R","B",null,"M","M","M","M","?","R","?","R","T","R","M","M","E","M","R","B",null,"M","?"],"character_chosen":"DEFECT","items_purchased":["Storm","Self Repair"],"campfire_rested":0,"item_purchase_floors":[4,10],"current_hp_per_floor":[64,64,64,64,64,64,64,64,71,71,71,70,62,58,58,21,64,59,69,51,47,47,47,47,47,47,47,45,55,42,61,61,43,69,61,0,0],"gold":272,"neow_bonus":"THREE_ENEMY_KILL","is_daily":false,"chose_seed":false,"campfire_upgraded":8,"win_rate":0.0,"timestamp":1610895629,"path_taken":["M","M","?","?","?","R","E","R","T","$","R","?","M","M","R","BOSS","M","M","M","M","?","R","?","R","T","R","M","M","E","M","R","BOSS","M","?"],"items_purchased_type":["Card","Card"],"build_version":"2020-12-22","purchased_purges":1,"victory":false,"max_hp_per_floor":[71,71,71,71,71,71,71,71,78,78,78,78,78,78,78,78,78,78,78,78,78,78,78,78,78,78,78,78,78,78,78,78,78,78,78,78,78],"card_choices":[{"not_picked":["Storm","Fusion"],"picked":"Heatsinks","floor":1.0},{"not_picked":["Scrape","Turbo"],"picked":"Cold Snap","floor":2.0},{"not_picked":["Static Discharge","Consume"],"picked":"Heatsinks","floor":7.0},{"not_picked":["Darkness","Redo","Sweeping Beam"],"picked":"SKIP","floor":12.0},{"not_picked":["Stack","Gash","Compile Driver"],"picked":"SKIP","floor":13.0},{"not_picked":["Stack","Gash"],"picked":"Compile Driver","floor":13.0},{"not_picked":["Turbo","Compile Driver","Sweeping Beam"],"picked":"SKIP","floor":14.0},{"not_picked":["Multi-Cast","Buffer"],"picked":"Creative AI","floor":16.0},{"not_picked":["Coolheaded","Leap+1","Gash"],"picked":"SKIP","floor":18.0},{"not_picked":["Barrage","FTL"],"picked":"Heatsinks+1","floor":19.0},{"not_picked":["Streamline","Chill","Go for the Eyes"],"picked":"SKIP","floor":20.0},{"not_picked":["Rebound","Barrage"],"picked":"Force Field","floor":21.0},{"not_picked":["Steam Power","Auto Shields+1","Steam"],"picked":"SKIP","floor":28.0},{"not_picked":["Coolheaded","Stack+1"],"picked":"Storm","floor":29.0},{"not_picked":["Skim","Rebound"],"picked":"Amplify","floor":30},{"not_picked":["Cold Snap","Gash"],"picked":"Static Discharge","floor":31},{"not_picked":["Core Surge","Amplify"],"picked":"Seek","floor":33},{"not_picked":["Hello World","Cold Snap","FTL"],"picked":"SKIP","floor":35}],"player_experience":865497,"relics_obtained":[{"floor":7.0,"key":"Happy Flower"},{"floor":9.0,"key":"Strawberry"},{"floor":26.0,"key":"Mercury Hourglass"},{"floor":30,"key":"Kunai"}],"event_choices":[{"damage_healed":0.0,"max_hp_gain":0.0,"max_hp_loss":0.0,"gold_gain":0.0,"event_name":"Match and Keep!","player_choice":"2 cards matched","floor":3.0,"gold_loss":0.0,"damage_taken":0.0,"cards_obtained":["Heatsinks","Turbo"]},{"cards_removed":["Strike_B"],"damage_healed":0.0,"max_hp_gain":0.0,"max_hp_loss":0.0,"gold_gain":0.0,"event_name":"Wheel of Change","player_choice":"Card Removal","floor":5.0,"gold_loss":0.0,"damage_taken":0.0},{"cards_removed":["Strike_B"],"damage_healed":0.0,"max_hp_gain":0.0,"max_hp_loss":0.0,"gold_gain":0.0,"event_name":"Back to Basics","player_choice":"Elegance","floor":22.0,"gold_loss":0.0,"damage_taken":0.0},{"cards_removed":["Strike_B"],"damage_healed":0.0,"max_hp_gain":0.0,"max_hp_loss":0.0,"gold_gain":0.0,"event_name":"Beggar","player_choice":"Gave Gold","floor":24.0,"gold_loss":75.0,"damage_taken":0.0},{"damage_healed":0,"gold_gain":0,"player_choice":"Fight","damage_taken":0,"max_hp_gain":0,"max_hp_loss":0,"event_name":"Mysterious Sphere","floor":36,"gold_loss":0}],"is_beta":false,"boss_relics":[{"not_picked":["SacredBark","Tiny House"],"picked":"Snecko Eye"},{"not_picked":["Cursed Key","Calling Bell"],"picked":"Runic Dome"}],"items_purged_floors":[10],"is_endless":false,"potions_floor_spawned":[1,12,14,18,21,28,29,30],"killed_by":"2 Orb Walkers","ascension_level":20}}