{"host":"5icjlaq41ghjcr7h","time":1610860266,"event":{"mods":["AchievementEnabler","BaseMod","Colored Map","Minty Spire (QoL Compilation)","SuperFastMode","everything is the same but u backflip on backflip"],"gold_per_floor":[112,112,36,47,47,79,154,170,170,205,232,247,247,264,264,264,264],"floor_reached":16,"language":"KOR","playtime":322,"items_purged":[],"score":155,"play_id":"483b2432-c8bc-453a-b4a4-d26cbe5c9690","local_time":"20210117141106","is_ascension_mode":true,"campfire_choices":[{"floor":15,"key":"REST"}],"circlet_count":0,"master_deck":["Strike_B","Strike_B","Strike_B","Strike_B","Defend_B","Defend_B","Defend_B","Defend_B","Zap","Dualcast","Capacitor","Sunder","Defragment","Skim","Coolheaded","Self Repair"],"relics":["Cracked Core","NeowsBlessing","Omamori","Eternal Feather","Pear","Bag of Preparation"],"acts_visited":["Exordium"],"potions_floor_usage":[10],"damage_taken":[{"damage":0,"enemies":"2 Louse","floor":1,"turns":1},{"damage":0,"enemies":"Cultist","floor":4,"turns":1},{"damage":0,"enemies":"Gremlin Nob","floor":6,"turns":1},{"damage":13,"enemies":"Jaw Worm","floor":8,"turns":4},{"damage":45,"enemies":"3 Sentries","floor":10,"turns":6},{"damage":11,"enemies":"Blue Slaver","floor":12,"turns":3},{"damage":9,"enemies":"2 Fungi Beasts","floor":14,"turns":2},{"damage":56,"enemies":"Slime Boss","floor":16,"turns":10}],"seed_played":"-9133074023487181300","potions_obtained":[{"floor":1,"key":"Fire Potion"},{"floor":4,"key":"Strength Potion"},{"floor":12,"key":"GamblersBrew"}],"is_trial":false,"path_per_floor":["M","?","$","M","$","E","?","M","T","E","T","M","?","M","R","B"],"character_chosen":"DEFECT","items_purchased":["Sunder"],"campfire_rested":1,"item_purchase_floors":[3],"current_hp_per_floor":[75,75,75,75,75,75,64,51,61,16,16,5,26,17,51,0,0],"gold":264,"neow_bonus":"THREE_ENEMY_KILL","is_daily":false,"chose_seed":false,"campfire_upgraded":0,"win_rate":0.0,"timestamp":1610860266,"path_taken":["M","?","?","M","$","E","?","M","T","E","?","?","?","M","R","BOSS"],"items_purchased_type":["Card"],"build_version":"2020-12-22","purchased_purges":0,"victory":false,"max_hp_per_floor":[75,75,75,75,75,75,75,75,85,85,85,85,85,85,85,85,85],"card_choices":[{"not_picked":["BootSequence","Compile Driver"],"picked":"Capacitor","floor":1},{"not_picked":["Scrape","Stack","Hologram"],"picked":"SKIP","floor":4},{"not_picked":["Steam Power","Sweeping Beam"],"picked":"Defragment","floor":6},{"not_picked":["Compile Driver","Stack"],"picked":"Skim","floor":8},{"not_picked":["Auto Shields","Barrage","Scrape"],"picked":"SKIP","floor":10},{"not_picked":["Hologram","Force Field"],"picked":"Coolheaded","floor":12},{"not_picked":["Genetic Algorithm","Leap"],"picked":"Self Repair","floor":14}],"player_experience":135422,"relics_obtained":[{"floor":6,"key":"Eternal Feather"},{"floor":9,"key":"Pear"},{"floor":10,"key":"Bag of Preparation"}],"event_choices":[{"damage_healed":0,"gold_gain":0,"player_choice":"Gave Potion","damage_taken":0,"relics_obtained":["Omamori"],"max_hp_gain":0,"max_hp_loss":0,"event_name":"WeMeetAgain","floor":2,"gold_loss":0},{"damage_healed":0,"gold_gain":75,"player_choice":"Gather Gold","damage_taken":11,"max_hp_gain":0,"max_hp_loss":0,"event_name":"World of Goop","floor":7,"gold_loss":0},{"damage_healed":21,"gold_gain":0,"player_choice":"Healed and dodged fight","damage_taken":0,"max_hp_gain":0,"max_hp_loss":0,"event_name":"Mushrooms","floor":13,"gold_loss":0,"cards_obtained":["Parasite"]}],"is_beta":false,"boss_relics":[],"items_purged_floors":[],"is_endless":false,"potions_floor_spawned":[1,4,12],"killed_by":"Slime Boss","ascension_level":3}}