{"host":"b3acx0fd85ri4t7i","time":1610854736,"event":{"mods":["BaseMod","Colored Powertips","Minty Spire (QoL Compilation)","Quick Restart","Relic Stats","StSLib","[功能]功能增强和修复MOD"],"gold_per_floor":[363,380,83,83,100,100,100],"floor_reached":6,"language":"ZHS","playtime":194,"items_purged":["Strike_B","Strike_B","Defend_B","Defend_B","Strike_B","Defend_B","Defend_B"],"score":72,"play_id":"bc0b7379-ec8a-48d1-874c-03f982ae95d2","local_time":"20210117113856","is_ascension_mode":true,"campfire_choices":[],"circlet_count":0,"master_deck":["AscendersBane","Strike_B","Zap","Dualcast","Leap","Capacitor"],"relics":["Cracked Core","DataDisk","Lantern","ClockworkSouvenir"],"acts_visited":["Exordium"],"potions_floor_usage":[6],"damage_taken":[{"damage":1,"enemies":"Cultist","floor":1,"turns":3},{"damage":7,"enemies":"Jaw Worm","floor":2,"turns":3},{"damage":0,"enemies":"Small Slimes","floor":5,"turns":2},{"damage":26,"enemies":"3 Sentries","floor":6,"turns":4}],"seed_played":"-1416144730852082200","potions_obtained":[{"floor":5,"key":"SpeedPotion"}],"is_trial":false,"path_per_floor":["M","M","$","?","M","E"],"character_chosen":"DEFECT","items_purchased":["DataDisk","Lantern","ClockworkSouvenir","Leap"],"campfire_rested":0,"item_purchase_floors":[3,3,3,3],"current_hp_per_floor":[45,38,38,38,38,12,12],"gold":100,"neow_bonus":"TWO_FIFTY_GOLD","is_daily":false,"chose_seed":false,"campfire_upgraded":0,"win_rate":0.0,"timestamp":1610854736,"path_taken":["M","M","$","?","M","E"],"items_purchased_type":["Relic","Relic","Relic","Card"],"build_version":"2020-12-22","purchased_purges":7,"victory":false,"max_hp_per_floor":[71,71,71,71,71,71,71],"relic_stats":{"counters":[4,12],"obtain_stats":[{"DataDisk":3,"Lantern":3,"Cracked Core":0,"ClockworkSouvenir":3},{"DataDisk":2,"Lantern":2,"Cracked Core":0,"ClockworkSouvenir":2},{"DataDisk":6,"Lantern":6,"Cracked Core":0,"ClockworkSouvenir":6}]},"card_choices":[{"not_picked":["Stack","Chill"],"picked":"Redo","floor":1},{"not_picked":["Leap","Sweeping Beam","Fusion"],"picked":"SKIP","floor":2},{"not_picked":["Steam Power","Coolheaded"],"picked":"Capacitor","floor":5}],"player_experience":307379,"relics_obtained":[],"event_choices":[{"cards_removed":["Redo"],"damage_healed":0,"gold_gain":0,"player_choice":"Purged","damage_taken":0,"max_hp_gain":0,"max_hp_loss":0,"event_name":"Purifier","floor":4,"gold_loss":0}],"is_beta":false,"boss_relics":[],"items_purged_floors":[3,3,3,3,3,3,3],"is_endless":false,"potions_floor_spawned":[5],"killed_by":"3 Sentries","ascension_level":20}}