{"host":"zt56gx41altgtukx","time":1610851869,"event":{"mods":["Aspiration","BaseMod","Better Altar","Better Match","Better Note","Better Sensory Stone","Better Skull","Better Third Choice","BetterRewards","Conspire","Downfall","GifTheSpireLib","Halation","Highlight Path","Hubris","Mimic Mod","Minty Spire (QoL Compilation)","Shade Mod","StSLib","Stuff the Spire","The Cursed","Unceasing Turn Reminder","everything is the same but u backflip on backflip"],"gold_per_floor":[116,116,129,142,158,35,62,62,62,62,62,62,62,87,87,206,206,224,70,95,24,24,24,24,24],"floor_reached":24,"language":"ENG","playtime":1117,"items_purged":[],"score":204,"play_id":"d9cc55cc-b2e7-411b-8a07-1ffefeb049e6","local_time":"20210116205109","is_ascension_mode":true,"campfire_choices":[{"floor":8,"key":"REST"},{"data":"StuffTheSpire:Synthwave","floor":10,"key":"SMITH"},{"floor":13,"key":"REST"},{"floor":15,"key":"REST"},{"floor":23,"key":"REST"}],"circlet_count":0,"master_deck":["Strike_B","Strike_B","Strike_B","Strike_B","Defend_B","Defend_B","Defend_B","Defend_B","Zap","Dualcast","StuffTheSpire:Plugnplay","Cold Snap","StuffTheSpire:Plugnplay","Machine Learning","StuffTheSpire:Synthwave+1","Cold Snap","Ball Lightning","aspiration:Polymerization","Double Energy","Heatsinks","StuffTheSpire:Synthwave","Conserve Battery","Ball Lightning","Consume+1","Defragment"],"relics":["Cracked Core","aspiration:Nostalgia","champ:ChampionCrown","Vajra","StuffTheSpire:RubySignet","Golden Idol","aspiration:RunicSpoon","halation:EternalFortune"],"acts_visited":["Exordium","TheCity"],"potions_floor_usage":[16,20,20,24],"damage_taken":[{"damage":5,"enemies":"Small Slimes","floor":1,"turns":3},{"damage":6,"enemies":"Cultist","floor":3,"turns":4},{"damage":9,"enemies":"2 Louse","floor":4,"turns":2},{"damage":6,"enemies":"2 Fungi Beasts","floor":5,"turns":3},{"damage":22,"enemies":"Lagavulin","floor":7,"turns":6},{"damage":32,"enemies":"Exordium Thugs","floor":14,"turns":5},{"damage":22,"enemies":"The Guardian","floor":16,"turns":10},{"damage":25,"enemies":"Shell Parasite","floor":18,"turns":5},{"damage":40,"enemies":"2 Thieves","floor":20,"turns":4},{"damage":38,"enemies":"Gremlin Leader","floor":24,"turns":3}],"seed_played":"5918984204019070513","potions_obtained":[{"floor":3,"key":"FocusPotion"},{"floor":7,"key":"DuplicationPotion"},{"floor":14,"key":"Block Potion"},{"floor":16,"key":"Energy Potion"},{"floor":20,"key":"FearPotion"}],"is_trial":false,"path_per_floor":["M","?","M","M","M","$","E","R","T","R","?","?","R","M","R","B",null,"M","$","M","$","?","R","E"],"character_chosen":"DEFECT","items_purchased":["StuffTheSpire:Synthwave","Cold Snap","StuffTheSpire:Synthwave","Conserve Battery","Ball Lightning","Defragment"],"campfire_rested":4,"item_purchase_floors":[6,6,19,19,19,21],"current_hp_per_floor":[70,70,64,55,49,49,27,49,49,49,49,31,53,23,45,23,75,50,50,10,10,13,36,0,0],"gold":24,"neow_bonus":"NOSTALGIA","is_daily":false,"chose_seed":false,"campfire_upgraded":1,"win_rate":0.0,"timestamp":1610851869,"path_taken":["M","?","M","?","M","$","E","R","T","R","?","?","R","M","R","BOSS","M","$","M","$","?","R","E"],"items_purchased_type":["Card","Card","Card","Card","Card","Card"],"build_version":"2020-12-22","purchased_purges":0,"victory":false,"max_hp_per_floor":[75,75,75,75,75,75,75,75,75,75,75,75,75,75,75,75,75,75,75,75,75,78,78,78,78],"card_choices":[{"not_picked":["Steam","Stack"],"picked":"StuffTheSpire:Plugnplay","floor":1},{"not_picked":["Skim","Barrage"],"picked":"Cold Snap","floor":3},{"not_picked":["Streamline","Go for the Eyes"],"picked":"StuffTheSpire:Plugnplay","floor":4},{"not_picked":["StuffTheSpire:Coldhearted","StuffTheSpire:Plugnplay"],"picked":"Machine Learning","floor":5},{"not_picked":["conspire:SharedLibrary","Barrage"],"picked":"Ball Lightning","floor":7},{"not_picked":["Redo","Skim"],"picked":"Double Energy","floor":14},{"not_picked":["StuffTheSpire:LoadUp","StuffTheSpire:Plugnplay"],"picked":"Heatsinks","floor":18},{"not_picked":["Skim","Steam"],"picked":"Consume+1","floor":20}],"player_experience":64672,"relics_obtained":[{"floor":7,"key":"Vajra"},{"floor":9,"key":"StuffTheSpire:RubySignet"}],"event_choices":[{"damage_healed":0,"gold_gain":0,"player_choice":"Ignored","damage_taken":0,"max_hp_gain":0,"max_hp_loss":0,"event_name":"Purifier","floor":2,"gold_loss":0},{"damage_healed":0,"gold_gain":0,"player_choice":"Take Damage","damage_taken":18,"relics_obtained":["Golden Idol"],"max_hp_gain":0,"max_hp_loss":0,"event_name":"Golden Idol","floor":12,"gold_loss":0}],"is_beta":false,"boss_relics":[{"not_picked":["hubris:VirtuousBlindfold","hubris:BlackHole"],"picked":"aspiration:RunicSpoon"}],"items_purged_floors":[],"is_endless":false,"potions_floor_spawned":[3,7,14,16,20],"killed_by":"Gremlin Leader","ascension_level":1}}