{"host":"3ykswgue17e1ycc2","time":1610868654,"event":{"mods":["BaseMod","Colored Powertips","Dark Map","Downfall","Minty Spire (QoL Compilation)","Quick Restart","Rare Cards Sparkle","StSLib"],"gold_per_floor":[99,117,132,148,298,331,356,356,368,135,135,152,165,183,203,203,203,203],"floor_reached":16,"language":"ENG","playtime":1051,"items_purged":["Guardian:Strike_Guardian"],"score":111,"play_id":"8aa8a78b-c6bd-454a-afc5-a8be6937c186","local_time":"20210117143054","is_ascension_mode":true,"campfire_choices":[{"data":"Guardian:TwinSlam","floor":1.0,"key":"SMITH"},{"data":"Guardian:CurlUp","floor":8,"key":"SMITH"},{"data":"Guardian:CrystalBeam","floor":11,"key":"SMITH"}],"circlet_count":0,"master_deck":["Guardian:Strike_Guardian","Guardian:Strike_Guardian","Guardian:Strike_Guardian","Guardian:Defend_Guardian","Guardian:Defend_Guardian","Guardian:Defend_Guardian","Guardian:Defend_Guardian","Guardian:CurlUp+1","Guardian:TwinSlam+1","Guardian:PiercingHide","Guardian:ArmoredProtocol","downfall:Icky","Guardian:Incinerate","Guardian:CrystalBeam+1","Guardian:DecasProtection","Guardian:Gem_Blue","Guardian:Gem_Yellow"],"relics":["Guardian:ModeShifter","Anchor","Orichalcum","Medical Kit"],"acts_visited":["Exordium"],"potions_floor_usage":[],"damage_taken":[{"damage":1.0,"enemies":"Jaw Worm","floor":2.0,"turns":3.0},{"damage":0.0,"enemies":"Cultist","floor":3.0,"turns":4.0},{"damage":0.0,"enemies":"Small Slimes","floor":4.0,"turns":4.0},{"damage":48.0,"enemies":"Gremlin Nob","floor":6.0,"turns":7.0},{"damage":7,"enemies":"Blue Slaver","floor":9,"turns":5},{"damage":0,"enemies":"downfall:FleeingMerchant","floor":10,"turns":4},{"damage":0,"enemies":"Exordium Thugs","floor":12,"turns":5},{"damage":5,"enemies":"Large Slime","floor":13,"turns":7},{"damage":0,"enemies":"Blue Slaver","floor":14,"turns":5},{"damage":0,"enemies":"3 Louse","floor":15,"turns":3},{"damage":27,"enemies":"SI_SHIV_ARCHETYPE","floor":16,"turns":8}],"seed_played":"5674952217655812482","potions_obtained":[{"floor":4.0,"key":"Fire Potion"},{"floor":12,"key":"SteroidPotion"},{"floor":14,"key":"Ancient Potion"},{"floor":15,"key":"Fire Potion"}],"is_trial":false,"path_per_floor":["R","M","M","M","?","E","T","R","M","$","R","M","M","M","M","B"],"character_chosen":"GUARDIAN","items_purchased":["Medical Kit"],"campfire_rested":0,"item_purchase_floors":[10],"current_hp_per_floor":[88,87,87,87,87,39,39,39,32,32,32,32,27,27,27,0,0,0],"gold":203,"neow_bonus":"TEN_PERCENT_HP_BONUS","is_daily":false,"chose_seed":false,"campfire_upgraded":3,"win_rate":0.0,"timestamp":1610868654,"path_taken":["R","M","M","M","?","E","T","R","M","$","R","M","M","M","M","BOSS"],"items_purchased_type":["Relic"],"build_version":"2020-12-22","purchased_purges":1,"victory":false,"max_hp_per_floor":[88,88,88,88,88,88,88,88,88,88,88,88,88,88,88,88,88,88],"card_choices":[{"not_picked":["Guardian:Preprogram","Guardian:PrismaticBeam"],"picked":"Guardian:Gem_Red","floor":2.0},{"not_picked":["Guardian:ChargeCore","Guardian:Planning"],"picked":"Guardian:PiercingHide","floor":3.0},{"not_picked":["Guardian:Repulse","Guardian:Incinerate"],"picked":"Guardian:ArmoredProtocol","floor":4.0},{"not_picked":["Guardian:Gem_Lightblue","Guardian:HyperBeam_Guardian"],"picked":"Guardian:Gem_Crimson","floor":6.0},{"not_picked":["Guardian:BodySlam","Guardian:PiercingHide"],"picked":"Guardian:Incinerate","floor":9},{"not_picked":["Guardian:Gem_Blue","Guardian:PiercingHide"],"picked":"Guardian:CrystalBeam","floor":10},{"not_picked":["Guardian:Incinerate","Guardian:Gem_Green"],"picked":"Guardian:DecasProtection","floor":12},{"not_picked":["Guardian:RefractedBeam","Guardian:TimeCapacitor","Guardian:Repulse"],"picked":"SKIP","floor":13},{"not_picked":["Guardian:TemporalShield","Guardian:BodySlam"],"picked":"Guardian:Gem_Blue","floor":14},{"not_picked":["Guardian:ShieldCharger","Guardian:Clone"],"picked":"Guardian:Gem_Yellow","floor":15}],"player_experience":402148,"relics_obtained":[{"floor":6.0,"key":"Anchor"},{"floor":7.0,"key":"Orichalcum"}],"event_choices":[],"is_beta":false,"boss_relics":[],"items_purged_floors":[10],"is_endless":false,"potions_floor_spawned":[4,12,14,15],"killed_by":"SI_SHIV_ARCHETYPE","ascension_level":1}}