{"host":"1a3cjta80tad0aqj","time":1610884914,"event":{"mods":["2.2 Compatiblity","AchievementEnabler","BaseMod","Colored Map","DeckTracker","KOR Keyword Fix","Keyboard Shortcuts","Minty Spire (QoL Compilation)","Permanent Neow","Quick Restart","Random Character Button","StSLib","SuperFastMode","everything is the same but u backflip on backflip"],"gold_per_floor":[113,130,147,157,157,157,176,176,176,201,201,211,65,82,82,180,180,191,201,220,66,78,78,111,123,193,193,208,219,219,144,144,243,243,259,259,275,285,285,285],"floor_reached":39,"language":"KOR","playtime":1673,"items_purged":["Defend_P"],"score":711,"play_id":"591b6793-bc0c-43de-ac4f-2c21c30bbd0c","local_time":"20210117210154","is_ascension_mode":true,"campfire_choices":[{"data":"Eruption","floor":6.0,"key":"SMITH"},{"floor":11.0,"key":"REST"},{"floor":15.0,"key":"REST"},{"floor":23.0,"key":"REST"},{"data":"Blasphemy","floor":27.0,"key":"SMITH"},{"floor":30.0,"key":"REST"},{"floor":32.0,"key":"REST"}],"circlet_count":0,"master_deck":["AscendersBane","Eruption+1","Vigilance","SashWhip","FearNoEvil","MentalFortress","Adaptation","Tantrum+1","ReachHeaven+1","Scrawl","ClearTheMind","Judgement","Tantrum+1","WreathOfFlame","Prostrate","Pray","Halt","Halt","Blasphemy+1","Prostrate+1","CutThroughFate+1","EmptyBody","BowlingBash+1","ForeignInfluence+1","Prostrate"],"relics":["PureWater","War Paint","Anchor","Molten Egg 2","Pandora\u0027s Box","Akabeko","Frozen Egg 2","Bottled Lightning","Black Star"],"acts_visited":["Exordium","TheCity","TheBeyond"],"potions_floor_usage":[38,39],"damage_taken":[{"damage":2.0,"enemies":"Small Slimes","floor":1.0,"turns":2.0},{"damage":10.0,"enemies":"2 Louse","floor":2.0,"turns":3.0},{"damage":0.0,"enemies":"Jaw Worm","floor":3.0,"turns":3.0},{"damage":9.0,"enemies":"Blue Slaver","floor":4.0,"turns":7.0},{"damage":17.0,"enemies":"Large Slime","floor":7.0,"turns":6.0},{"damage":11.0,"enemies":"Lagavulin","floor":10.0,"turns":4.0},{"damage":6.0,"enemies":"3 Louse","floor":12.0,"turns":3.0},{"damage":0.0,"enemies":"Blue Slaver","floor":14.0,"turns":2.0},{"damage":0.0,"enemies":"Slime Boss","floor":16.0,"turns":5.0},{"damage":14.0,"enemies":"3 Byrds","floor":18.0,"turns":3.0},{"damage":0.0,"enemies":"2 Thieves","floor":19.0,"turns":2.0},{"damage":14.0,"enemies":"Snake Plant","floor":20.0,"turns":3.0},{"damage":2.0,"enemies":"3 Cultists","floor":22.0,"turns":4.0},{"damage":21.0,"enemies":"Book of Stabbing","floor":24.0,"turns":4.0},{"damage":0.0,"enemies":"Cultist and Chosen","floor":25.0,"turns":3.0},{"damage":18.0,"enemies":"Snecko","floor":28.0,"turns":5.0},{"damage":10.0,"enemies":"Shelled Parasite and Fungi","floor":29.0,"turns":3.0},{"damage":29.0,"enemies":"Collector","floor":33.0,"turns":6.0},{"damage":1.0,"enemies":"3 Darklings","floor":35.0,"turns":5.0},{"damage":0.0,"enemies":"3 Shapes","floor":37.0,"turns":2.0},{"damage":36,"enemies":"Spire Growth","floor":38,"turns":5},{"damage":20,"enemies":"Writhing Mass","floor":39,"turns":3}],"seed_played":"-9181140848378745727","potions_obtained":[{"floor":3.0,"key":"Swift Potion"},{"floor":10.0,"key":"BottledMiracle"},{"floor":16.0,"key":"GamblersBrew"},{"floor":24.0,"key":"Explosive Potion"},{"floor":35.0,"key":"Energy Potion"},{"floor":38,"key":"Block Potion"}],"is_trial":false,"path_per_floor":["M","M","M","M","?","R","M","?","T","E","R","M","$","M","R","B",null,"M","M","M","$","M","R","E","M","T","R","M","M","R","?","R","B",null,"M","?","M","M","M"],"character_chosen":"WATCHER","items_purchased":["Scrawl","Akabeko"],"campfire_rested":5,"item_purchase_floors":[13,21],"current_hp_per_floor":[63,53,53,44,37,37,20,20,20,9,30,24,24,24,45,45,65,51,51,37,37,35,56,35,35,35,35,17,7,28,28,49,20,59,58,58,58,22,2,2],"gold":285,"neow_bonus":"RANDOM_COLORLESS","is_daily":false,"chose_seed":false,"campfire_upgraded":2,"win_rate":0.0,"timestamp":1610884914,"path_taken":["M","M","M","M","?","R","M","?","T","E","R","M","$","M","R","BOSS","M","M","M","$","M","R","E","M","T","R","M","M","R","?","R","BOSS","M","?","M","M","M"],"items_purchased_type":["Card","Relic"],"build_version":"2020-12-22","purchased_purges":1,"victory":false,"max_hp_per_floor":[72,72,72,72,72,72,72,72,72,72,72,72,72,72,72,72,72,72,72,72,72,72,72,72,72,72,72,72,72,72,72,72,72,72,72,72,72,72,72,72],"card_choices":[{"not_picked":["Dramatic Entrance","PanicButton"],"picked":"Impatience","floor":0.0},{"not_picked":["FollowUp","Indignation"],"picked":"SashWhip","floor":1.0},{"not_picked":["FlyingSleeves","Worship"],"picked":"FearNoEvil","floor":2.0},{"not_picked":["DeceiveReality","Wireheading"],"picked":"MentalFortress","floor":3.0},{"not_picked":["ThirdEye","PathToVictory","Evaluate"],"picked":"SKIP","floor":4.0},{"not_picked":["FlurryOfBlows","Tantrum"],"picked":"Adaptation","floor":7.0},{"not_picked":["Wireheading","Consecrate+1"],"picked":"Tantrum+1","floor":10.0},{"not_picked":["Consecrate+1","ThirdEye"],"picked":"ReachHeaven+1","floor":12.0},{"not_picked":["Devotion","Conclude+1"],"picked":"ClearTheMind","floor":14.0},{"not_picked":["DeusExMachina","Omniscience"],"picked":"Judgement","floor":16.0},{"not_picked":["Prostrate","PathToVictory","Evaluate"],"picked":"SKIP","floor":18.0},{"not_picked":["CrushJoints+1","Consecrate+1"],"picked":"Blasphemy","floor":19.0},{"not_picked":["PathToVictory+1","CrushJoints+1"],"picked":"Prostrate+1","floor":20.0},{"not_picked":["ForeignInfluence","Crescendo","Protect"],"picked":"SKIP","floor":22.0},{"not_picked":["FlurryOfBlows+1","EmptyBody"],"picked":"CutThroughFate+1","floor":24.0},{"not_picked":["CutThroughFate+1","Protect+1"],"picked":"EmptyBody","floor":25.0},{"not_picked":["Perseverance+1","BattleHymn+1","Wish"],"picked":"SKIP","floor":28.0},{"not_picked":["Protect","CrushJoints+1"],"picked":"BowlingBash+1","floor":29.0},{"not_picked":["Pray","PathToVictory+1","Vengeance+1"],"picked":"SKIP","floor":35.0},{"not_picked":["FearNoEvil+1","PathToVictory+1"],"picked":"ForeignInfluence+1","floor":37.0},{"not_picked":["Nirvana+1","SashWhip+1"],"picked":"Prostrate","floor":38}],"player_experience":706164,"relics_obtained":[{"floor":9.0,"key":"Anchor"},{"floor":10.0,"key":"Molten Egg 2"},{"floor":24.0,"key":"Frozen Egg 2"},{"floor":26.0,"key":"Bottled Lightning"}],"event_choices":[{"damage_healed":0.0,"max_hp_gain":0.0,"max_hp_loss":0.0,"gold_gain":0.0,"event_name":"Scrap Ooze","player_choice":"Success","floor":5.0,"gold_loss":0.0,"damage_taken":7.0,"relics_obtained":["War Paint"]},{"damage_healed":0.0,"max_hp_gain":0.0,"max_hp_loss":0.0,"gold_gain":0.0,"event_name":"Liars Game","player_choice":"Ignored","floor":8.0,"gold_loss":0.0,"damage_taken":0.0},{"cards_removed":["Fasting2"],"damage_healed":0.0,"max_hp_gain":0.0,"max_hp_loss":0.0,"gold_gain":0.0,"event_name":"Beggar","player_choice":"Gave Gold","floor":31.0,"gold_loss":75.0,"damage_taken":0.0},{"cards_removed":["Impatience"],"damage_healed":0.0,"max_hp_gain":0.0,"max_hp_loss":0.0,"gold_gain":0.0,"event_name":"Falling","player_choice":"Removed Skill","floor":36.0,"gold_loss":0.0,"damage_taken":0.0}],"is_beta":false,"boss_relics":[{"not_picked":["SacredBark","Coffee Dripper"],"picked":"Pandora\u0027s Box"},{"not_picked":["Astrolabe","Snecko Eye"],"picked":"Black Star"}],"items_purged_floors":[13],"is_endless":false,"potions_floor_spawned":[3,10,16,18,20,24,29,35,38],"killed_by":"Writhing Mass","ascension_level":11}}