{"host":"tgr1xoidyjfo4u0n","time":1610855905,"event":{"mods":["Act Like it!","Alarm Clock","BaseMod","CapriCore","Colored Powertips","GifTheSpireLib","Highlight Path","Minty Spire (QoL Compilation)","StSLib"],"gold_per_floor":[110,127,127,137,147,172,172,172,225,225,239,278,278,293,293,407,407,419,447,476,519,444,444,462,462,462,155,187,209,209,238,238,347,347,374,393,204,223,271,271,289,323,323,352,686,698,698,726,726,726,726,726,24,53,53],"floor_reached":56,"language":"ZHS","playtime":6960,"items_purged":["Strike_G","Defend_G","Defend_G","Defend_G"],"score":1577,"play_id":"7ea5d5a2-ba46-4e0d-be8e-1deb00f712ef","local_time":"20210117115825","is_ascension_mode":true,"campfire_choices":[{"data":"Blade Dance","floor":7.0,"key":"SMITH"},{"data":"Neutralize","floor":10.0,"key":"SMITH"},{"data":"Poisoned Stab","floor":15.0,"key":"SMITH"},{"data":"Footwork","floor":23.0,"key":"SMITH"},{"floor":30.0,"key":"RECALL"},{"data":"Tools of the Trade","floor":32.0,"key":"SMITH"},{"data":"PiercingWail","floor":40.0,"key":"SMITH"},{"floor":47.0,"key":"REST"},{"data":"Caltrops","floor":49.0,"key":"SMITH"},{"data":"Defend_G","floor":52.0,"key":"SMITH"}],"circlet_count":0,"master_deck":["Defend_G","Defend_G+1","Survivor+1","Neutralize+1","Footwork+1","Poisoned Stab+1","Blade Dance+1","PiercingWail+1","Backflip+1","Catalyst+1","Corpse Explosion+1","Calculated Gamble+1","Reflex+1","Deadly Poison+1","Caltrops+1","Tools of the Trade+1","Prepared+1","Concentrate+1","Acrobatics+1","Reflex+1","Catalyst+1","Night Terror+1","Prepared+1","Acrobatics+1","Reflex+1","Panacea+1","Deep Breath+1","Setup+1","Dodge and Roll+1","Calculated Gamble+1"],"relics":["Ring of the Snake","Toxic Egg 2","Bag of Marbles","Ancient Tea Set","CeramicFish","Runic Pyramid","Red Mask","PreservedInsect","Orrery","Prayer Wheel","HoveringKite","Gambling Chip","Akabeko","Old Coin","HornCleat","Sundial","Pear"],"acts_visited":["Exordium","TheCity","TheBeyond","TheEnding"],"potions_floor_usage":[],"damage_taken":[{"damage":0.0,"enemies":"Cultist","floor":1.0,"turns":4.0},{"damage":1.0,"enemies":"Small Slimes","floor":2.0,"turns":8.0},{"damage":0.0,"enemies":"2 Louse","floor":4.0,"turns":4.0},{"damage":1.0,"enemies":"2 Fungi Beasts","floor":5.0,"turns":3.0},{"damage":22.0,"enemies":"Gremlin Nob","floor":6.0,"turns":5.0},{"damage":0.0,"enemies":"Exordium Wildlife","floor":11.0,"turns":1.0},{"damage":23.0,"enemies":"Lagavulin","floor":12.0,"turns":9.0},{"damage":0.0,"enemies":"Looter","floor":14.0,"turns":2.0},{"damage":10.0,"enemies":"Hexaghost","floor":16.0,"turns":13.0},{"damage":0.0,"enemies":"Shell Parasite","floor":18.0,"turns":4.0},{"damage":9.0,"enemies":"2 Thieves","floor":19.0,"turns":2.0},{"damage":9.0,"enemies":"Snecko","floor":20.0,"turns":6.0},{"damage":0.0,"enemies":"Masked Bandits","floor":21.0,"turns":2.0},{"damage":0.0,"enemies":"Book of Stabbing","floor":28.0,"turns":3.0},{"damage":3.0,"enemies":"Snake Plant","floor":29.0,"turns":3.0},{"damage":0.0,"enemies":"Centurion and Healer","floor":31.0,"turns":2.0},{"damage":2.0,"enemies":"Collector","floor":33.0,"turns":4.0},{"damage":0.0,"enemies":"3 Darklings","floor":35.0,"turns":3.0},{"damage":0.0,"enemies":"Orb Walker","floor":36.0,"turns":3.0},{"damage":0.0,"enemies":"Maw","floor":38.0,"turns":2.0},{"damage":0.0,"enemies":"2 Orb Walkers","floor":39.0,"turns":2.0},{"damage":0.0,"enemies":"Giant Head","floor":42.0,"turns":2.0},{"damage":0.0,"enemies":"3 Darklings","floor":44.0,"turns":1.0},{"damage":0.0,"enemies":"Nemesis","floor":45.0,"turns":1.0},{"damage":0.0,"enemies":"Transient","floor":46.0,"turns":4.0},{"damage":0.0,"enemies":"4 Shapes","floor":48.0,"turns":1.0},{"damage":12.0,"enemies":"Awakened One","floor":50.0,"turns":5.0},{"damage":0.0,"enemies":"Shield and Spear","floor":54.0,"turns":2.0},{"damage":7,"enemies":"The Heart","floor":55,"turns":4}],"seed_played":"-9076088195568885093","potions_obtained":[{"floor":1.0,"key":"Regen Potion"},{"floor":4.0,"key":"SmokeBomb"},{"floor":12.0,"key":"Weak Potion"},{"floor":16.0,"key":"SmokeBomb"},{"floor":18.0,"key":"LiquidBronze"},{"floor":19.0,"key":"SmokeBomb"},{"floor":29.0,"key":"SkillPotion"},{"floor":31.0,"key":"Ancient Potion"}],"is_trial":false,"path_per_floor":["M","M","?","M","M","E","R","?","T","R","M","E","?","M","R","B",null,"M","M","M","?","$","R","?","?","T","$","E","M","R","M","R","B",null,"M","M","$","M","?","R","?","E","T","M","E","M","R","M","R","B",null,"R","$","E","B",null],"character_chosen":"THE_SILENT","items_purchased":["Orrery","GamblersBrew","Reflex+1","HornCleat","Sundial","Calculated Gamble+1"],"campfire_rested":1,"item_purchase_floors":[27,27,37,53,53,53],"current_hp_per_floor":[70,69,55,55,54,32,32,32,32,32,32,9,9,9,9,14,70,70,61,52,52,52,52,52,39,39,39,39,36,36,36,36,34,75,75,75,75,75,75,75,65,65,65,65,65,65,75,75,75,63,75,75,75,85,78],"gold":53,"neow_bonus":"REMOVE_CARD","is_daily":false,"chose_seed":false,"campfire_upgraded":8,"win_rate":0.0,"timestamp":1610855905,"path_taken":["M","?","?","M","M","E","R","?","T","R","M","E","?","?","R","BOSS","M","M","M","?","$","R","?","?","T","$","E","M","R","M","R","BOSS","M","M","$","M","?","R","?","E","T","M","E","M","R","M","R","BOSS","R","$","E","BOSS"],"items_purchased_type":["Relic","Potion","Card","Relic","Relic","Card"],"build_version":"2020-12-22","purchased_purges":4,"victory":true,"max_hp_per_floor":[70,70,70,70,70,70,70,70,70,70,70,70,70,70,70,70,70,70,70,70,70,70,70,70,75,75,75,75,75,75,75,75,75,75,75,75,75,75,75,75,75,75,75,75,75,75,75,75,75,75,75,75,75,85,85],"card_choices":[{"not_picked":["Skewer","Deflect"],"picked":"Footwork","floor":1.0},{"not_picked":["Choke","Dagger Spray"],"picked":"Poisoned Stab","floor":2.0},{"not_picked":["All Out Attack","Infinite Blades"],"picked":"Blade Dance","floor":4.0},{"not_picked":["Blade Dance","Backflip"],"picked":"PiercingWail","floor":5.0},{"not_picked":["PiercingWail+1","Distraction+1","Poisoned Stab"],"picked":"SKIP","floor":6.0},{"not_picked":["PiercingWail+1","Distraction+1","Poisoned Stab"],"picked":"SKIP","floor":6.0},{"not_picked":["Outmaneuver+1","Quick Slash"],"picked":"Backflip+1","floor":11.0},{"not_picked":["Eviscerate","Quick Slash"],"picked":"Catalyst+1","floor":12.0},{"not_picked":["Poisoned Stab","Deflect+1","Backflip+1"],"picked":"SKIP","floor":14.0},{"not_picked":["Doppelganger+1","Malaise+1"],"picked":"Corpse Explosion+1","floor":16.0},{"not_picked":["Dagger Spray","Poisoned Stab","Cloak And Dagger+1"],"picked":"SKIP","floor":18.0},{"not_picked":["Prepared+1","Masterful Stab"],"picked":"Calculated Gamble+1","floor":19.0},{"not_picked":["Prepared+1","Eviscerate+1"],"picked":"Reflex+1","floor":20.0},{"not_picked":["Slice","All Out Attack+1"],"picked":"Deadly Poison+1","floor":21.0},{"not_picked":["Caltrops+1","Underhanded Strike"],"picked":"Prepared+1","floor":27.0},{"not_picked":["Tools of the Trade","Acrobatics+1"],"picked":"Concentrate+1","floor":27.0},{"not_picked":["Dagger Spray","Bane"],"picked":"Acrobatics+1","floor":27.0},{"not_picked":["Outmaneuver+1","Backstab","Cloak And Dagger+1"],"picked":"SKIP","floor":28.0},{"not_picked":["Blade Dance+1","Sucker Punch"],"picked":"Reflex+1","floor":29.0},{"not_picked":["Cloak And Dagger+1","Deflect+1","Accuracy"],"picked":"SKIP","floor":29.0},{"not_picked":["Dagger Spray","Blade Dance+1"],"picked":"Catalyst+1","floor":31.0},{"not_picked":["Dagger Spray+1","Dagger Throw","Bullet Time+1"],"picked":"SKIP","floor":31.0},{"not_picked":["Dagger Spray+1","Dagger Throw","Bullet Time+1"],"picked":"SKIP","floor":31.0},{"not_picked":["Envenom","Die Die Die"],"picked":"Night Terror+1","floor":33.0},{"not_picked":["Well Laid Plans+1","Slice+1"],"picked":"Prepared+1","floor":35.0},{"not_picked":["Deflect+1","Sucker Punch","Eviscerate"],"picked":"SKIP","floor":35.0},{"not_picked":["Sucker Punch","Flying Knee+1"],"picked":"Acrobatics+1","floor":36.0},{"not_picked":["Skewer+1","Leg Sweep+1","Choke+1"],"picked":"SKIP","floor":36.0},{"not_picked":["Prepared+1","Flying Knee","Blade Dance+1"],"picked":"SKIP","floor":38.0},{"not_picked":["Phantasmal Killer+1","Underhanded Strike+1","Sucker Punch+1"],"picked":"SKIP","floor":38.0},{"not_picked":["Transmutation+1","Jack Of All Trades+1"],"picked":"Panacea+1","floor":41.0},{"not_picked":["Enlightenment+1","Mind Blast"],"picked":"Deep Breath+1","floor":41.0},{"not_picked":["Heel Hook+1","Underhanded Strike","Eviscerate+1"],"picked":"SKIP","floor":42.0},{"not_picked":["Choke","Terror+1"],"picked":"Setup+1","floor":44.0},{"not_picked":["Cloak And Dagger+1","Skewer","Reflex+1"],"picked":"SKIP","floor":44.0},{"not_picked":["Bane+1","Quick Slash","Backflip+1"],"picked":"SKIP","floor":45.0},{"not_picked":["PiercingWail+1","Heel Hook","Quick Slash+1"],"picked":"SKIP","floor":46.0},{"not_picked":["Setup+1","Well Laid Plans","Backflip+1"],"picked":"SKIP","floor":46.0},{"not_picked":["PiercingWail+1","Caltrops+1"],"picked":"Dodge and Roll+1","floor":48.0},{"not_picked":["Dagger Throw+1","Blur+1","Accuracy+1"],"picked":"SKIP","floor":48.0},{"not_picked":["Burst+1","Cloak And Dagger+1","Blade Dance+1"],"picked":"SKIP","floor":54.0}],"player_experience":387178,"relics_obtained":[{"floor":6.0,"key":"Toxic Egg 2"},{"floor":9.0,"key":"Ancient Tea Set"},{"floor":12.0,"key":"CeramicFish"},{"floor":21.0,"key":"Red Mask"},{"floor":26.0,"key":"PreservedInsect"},{"floor":28.0,"key":"Prayer Wheel"},{"floor":39.0,"key":"Gambling Chip"},{"floor":42.0,"key":"Akabeko"},{"floor":45.0,"key":"Old Coin"},{"floor":54.0,"key":"Pear"}],"event_choices":[{"damage_healed":0.0,"max_hp_gain":0.0,"max_hp_loss":0.0,"gold_gain":0.0,"event_name":"Shining Light","player_choice":"Entered Light","floor":3.0,"gold_loss":0.0,"damage_taken":14.0,"cards_upgraded":["Survivor","Strike_G"]},{"damage_healed":0.0,"max_hp_gain":0.0,"max_hp_loss":0.0,"gold_gain":0.0,"event_name":"Dead Adventurer","player_choice":"Searched \u00271\u0027 times","floor":8.0,"gold_loss":0.0,"damage_taken":0.0,"relics_obtained":["Bag of Marbles"]},{"cards_removed":["Strike_G"],"damage_healed":0.0,"max_hp_gain":0.0,"max_hp_loss":0.0,"gold_gain":0.0,"event_name":"Living Wall","player_choice":"Forget","floor":13.0,"gold_loss":0.0,"damage_taken":0.0},{"damage_healed":0.0,"max_hp_gain":0.0,"max_hp_loss":0.0,"gold_gain":0.0,"event_name":"Masked Bandits","player_choice":"Fought Bandits","floor":21.0,"gold_loss":0.0,"damage_taken":0.0},{"damage_healed":0.0,"max_hp_gain":0.0,"max_hp_loss":0.0,"gold_gain":0.0,"cards_transformed":["Strike_G","Strike_G"],"event_name":"Drug Dealer","player_choice":"Became Test Subject","floor":24.0,"gold_loss":0.0,"damage_taken":0.0,"cards_obtained":["Caltrops","Tools of the Trade"]},{"damage_healed":0.0,"max_hp_gain":5.0,"max_hp_loss":0.0,"gold_gain":0.0,"event_name":"Forgotten Altar","player_choice":"Shed Blood","floor":25.0,"gold_loss":0.0,"damage_taken":18.0},{"damage_healed":0.0,"max_hp_gain":0.0,"max_hp_loss":0.0,"gold_gain":0.0,"event_name":"Mysterious Sphere","player_choice":"Fight","floor":39.0,"gold_loss":0.0,"damage_taken":0.0},{"damage_healed":0.0,"max_hp_gain":0.0,"max_hp_loss":0.0,"gold_gain":0.0,"event_name":"SensoryStone","player_choice":"Memory 3","floor":41.0,"gold_loss":0.0,"damage_taken":10.0}],"is_beta":false,"boss_relics":[{"not_picked":["Tiny House","Black Star"],"picked":"Runic Pyramid"},{"not_picked":["SlaversCollar","WristBlade"],"picked":"HoveringKite"}],"items_purged_floors":[22,27,37,53],"is_endless":false,"potions_floor_spawned":[1,4,12,16,18,19,29,31,36,39,46,48],"ascension_level":4}}