{"host":"2ica2wc1gg7guzbw","time":1610898934,"event":{"mods":["BaseMod","Colored Map","Minty Spire (QoL Compilation)","Replay The Spire","Shop Mod","StSLib"],"gold_per_floor":[17,32,32,51,51,85,85,120,145,166,201,201,201,214,214,304,304,320,46,46,59,84,84,84,84],"floor_reached":24,"language":"RUS","playtime":953,"items_purged":["Strike_B"],"score":412,"play_id":"0a33e002-28b2-4d05-89b9-b8602e90adfd","local_time":"20210117195534","is_ascension_mode":true,"campfire_choices":[{"floor":7.0,"key":"REST"},{"floor":13.0,"key":"REST"},{"data":"Loop","floor":15.0,"key":"SMITH"},{"floor":23.0,"key":"REST"}],"circlet_count":0,"master_deck":["AscendersBane","Strike_B","Strike_B","Defend_B","Defend_B","Defend_B","Defend_B+1","Zap+1","Dualcast","Defragment","Sweeping Beam","Cold Snap","Loop+1","Ball Lightning","Turbo+1","Hello World","Hello World","Echo Form","ReplayTheSpireMod:Omega Cannon","Conserve Battery","BootSequence"],"relics":["Cracked Core","Thread and Needle","Golden Idol","Blood Vial","War Paint","Meat on the Bone","SlaversCollar","ReplayTheSpireMod:TigerMarble"],"acts_visited":["TheCity"],"potions_floor_usage":[],"damage_taken":[{"damage":0.0,"enemies":"Small Slimes","floor":1.0,"turns":4.0},{"damage":0.0,"enemies":"Cultist","floor":2.0,"turns":4.0},{"damage":0.0,"enemies":"Jaw Worm","floor":4.0,"turns":3.0},{"damage":32.0,"enemies":"3 Sentries","floor":6.0,"turns":9.0},{"damage":1.0,"enemies":"Gremlin Nob","floor":8.0,"turns":3.0},{"damage":4.0,"enemies":"Looter","floor":10.0,"turns":2.0},{"damage":3.0,"enemies":"2 Fungi Beasts","floor":14.0,"turns":4.0},{"damage":32.0,"enemies":"The Guardian","floor":16.0,"turns":11.0},{"damage":0.0,"enemies":"3 Byrds","floor":18.0,"turns":3.0},{"damage":0.0,"enemies":"Spheric Guardian","floor":21.0,"turns":4.0},{"damage":45.0,"enemies":"Centurion and Healer","floor":22.0,"turns":6.0},{"damage":47,"enemies":"Slavers","floor":24,"turns":4}],"seed_played":"430936077839460403","potions_obtained":[{"floor":4.0,"key":"FearPotion"},{"floor":6.0,"key":"Block Potion"},{"floor":10.0,"key":"Languid Potion"},{"floor":14.0,"key":"Doom Potion"},{"floor":22.0,"key":"PotionOfCapacity"}],"is_trial":false,"path_per_floor":["M","M","?","M","?","E","R","E","T","M","?","?","R","M","R","B",null,"M","$","?","M","M","R","E"],"character_chosen":"DEFECT","items_purchased":["ReplayTheSpireMod:TigerMarble","Conserve Battery"],"campfire_rested":3,"item_purchase_floors":[19,19],"current_hp_per_floor":[64,64,40,40,40,8,29,30,30,28,5,5,26,37,37,19,58,60,60,54,56,25,46,1,1],"gold":84,"neow_bonus":"ONE_RARE_RELIC","is_daily":false,"chose_seed":false,"campfire_upgraded":1,"win_rate":0.0,"timestamp":1610898934,"path_taken":["M","M","?","M","?","E","R","E","T","?","?","?","R","?","R","BOSS","M","$","?","M","M","R","E"],"items_purchased_type":["Relic","Card"],"build_version":"2020-12-22","purchased_purges":1,"victory":false,"max_hp_per_floor":[71,71,71,71,71,71,71,71,71,71,71,71,71,71,71,71,71,71,71,71,71,71,71,71,71],"card_choices":[{"not_picked":["Panic Button","Rebound"],"picked":"Defragment","floor":1.0},{"not_picked":["Go for the Eyes","Gash"],"picked":"Sweeping Beam","floor":2.0},{"not_picked":["Loop","Streamline"],"picked":"Cold Snap","floor":4.0},{"not_picked":["Mirror Shield","Turbo"],"picked":"Ball Lightning","floor":6.0},{"not_picked":["Rebound","Rip and Tear"],"picked":"Turbo","floor":8.0},{"not_picked":["Steam","Rebound"],"picked":"Hello World","floor":10.0},{"not_picked":["Steam","Panic Button"],"picked":"Hello World","floor":11.0},{"not_picked":["Gash","Stack"],"picked":"Echo Form","floor":11.0},{"not_picked":["BasicCrystalCard","Ball Lightning","Sweeping Beam"],"picked":"SKIP","floor":14.0},{"not_picked":["Echo Form","Creative AI"],"picked":"ReplayTheSpireMod:Omega Cannon","floor":16.0},{"not_picked":["Redo","Reinforced Body","FTL"],"picked":"SKIP","floor":18.0},{"not_picked":["Redo","Reinforced Body","FTL"],"picked":"SKIP","floor":18.0},{"not_picked":["Cold Snap","Chaos","Lockon+1"],"picked":"SKIP","floor":21.0},{"not_picked":["Doom and Gloom","Gash"],"picked":"BootSequence","floor":22.0}],"player_experience":911121,"relics_obtained":[{"floor":6.0,"key":"Blood Vial"},{"floor":8.0,"key":"War Paint"},{"floor":11.0,"key":"Meat on the Bone"}],"event_choices":[{"damage_healed":0.0,"max_hp_gain":0.0,"max_hp_loss":0.0,"gold_gain":0.0,"event_name":"Golden Idol","player_choice":"Take Damage","floor":3.0,"gold_loss":0.0,"damage_taken":24.0,"relics_obtained":["Golden Idol"]},{"damage_healed":0.0,"max_hp_gain":0.0,"max_hp_loss":0.0,"gold_gain":0.0,"cards_transformed":["Strike_B"],"event_name":"Transmorgrifier","player_choice":"Transformed","floor":5.0,"gold_loss":0.0,"damage_taken":0.0,"cards_obtained":["Loop"]},{"damage_healed":0.0,"max_hp_gain":0.0,"max_hp_loss":0.0,"gold_gain":0.0,"event_name":"Upgrade Shrine","player_choice":"Upgraded","floor":12.0,"gold_loss":0.0,"damage_taken":0.0,"cards_upgraded":["Turbo"]},{"damage_healed":0.0,"max_hp_gain":0.0,"max_hp_loss":0.0,"gold_gain":0.0,"event_name":"Knowing Skull","player_choice":"","floor":20.0,"potions_obtained":[],"gold_loss":0.0,"damage_taken":6.0,"cards_obtained":[]}],"is_beta":false,"boss_relics":[{"not_picked":["Kintsugi","Replay:Ancient Bell"],"picked":"SlaversCollar"}],"items_purged_floors":[19],"is_endless":false,"potions_floor_spawned":[4,6,10,14,22],"killed_by":"Slavers","ascension_level":20}}