{"host":"5oxscleocp360blz","time":1610919771,"event":{"mods":["AchievementEnabler","BaseMod","Marisa????????","Minty Spire (QoL Compilation)","Replay The Spire","StSLib","The Necromancer"],"gold_per_floor":[113,388,408,427,442,442,467,481,531,543,561,35,35,68,68,163,163,178,193,211,126,136,136,152,170,197,211,231,231,231,249,349,349,349],"floor_reached":33,"language":"ENG","playtime":1878,"items_purged":[],"score":350,"play_id":"8b7cddda-0c79-40af-9e87-caeb7ea27efb","local_time":"20210117184251","is_ascension_mode":true,"campfire_choices":[{"data":"Eruption","floor":6.0,"key":"SMITH"},{"data":"Mayhem","floor":13.0,"key":"SMITH"},{"data":"Regret","floor":15.0,"key":"PURGE"},{"data":"Replay:LoomingThreat","floor":23.0,"key":"SMITH"},{"floor":30,"key":"REST"}],"circlet_count":0,"master_deck":["Strike_P","Strike_P","Defend_P","Defend_P","Defend_P","Defend_P","Eruption+1","Vigilance","EmptyBody","Replay:BluntJabs","DeceiveReality","SpiritShield","FlurryOfBlows","DeceiveReality","SignatureMove","FollowUp+1","Mayhem+1","Replay:LoomingThreat+1","Crescendo+1","EmptyMind+1","Protect+1","Weave","Protect+1","ForeignInfluence"],"relics":["PureWater","NeowsBlessing","Replay:Kaleidoscope","Omamori","Lee\u0027s Waffle","Happy Flower","HornCleat","Replay:Drink Me","Pen Nib","Sundial"],"acts_visited":["Exordium","TheCity"],"potions_floor_usage":[28],"damage_taken":[{"damage":0.0,"enemies":"2 Louse","floor":1.0,"turns":1.0},{"damage":0.0,"enemies":"Cultist","floor":3.0,"turns":1.0},{"damage":0.0,"enemies":"Jaw Worm","floor":4.0,"turns":1.0},{"damage":24.0,"enemies":"Large Slime","floor":5.0,"turns":6.0},{"damage":46.0,"enemies":"3 Sentries","floor":7.0,"turns":15.0},{"damage":2.0,"enemies":"Gremlin Gang","floor":8.0,"turns":4.0},{"damage":7.0,"enemies":"Looter","floor":10.0,"turns":4.0},{"damage":2.0,"enemies":"Blue Slaver","floor":11.0,"turns":3.0},{"damage":16.0,"enemies":"Lagavulin","floor":14.0,"turns":4.0},{"damage":8.0,"enemies":"Hexaghost","floor":16.0,"turns":9.0},{"damage":1.0,"enemies":"3 Byrds","floor":18.0,"turns":4.0},{"damage":0.0,"enemies":"2 Thieves","floor":19.0,"turns":4.0},{"damage":16.0,"enemies":"Centurion and Healer","floor":20.0,"turns":6.0},{"damage":2.0,"enemies":"Snake Plant","floor":22.0,"turns":3.0},{"damage":13.0,"enemies":"Snecko","floor":24.0,"turns":6.0},{"damage":11.0,"enemies":"Centurion and Healer","floor":25.0,"turns":4.0},{"damage":11,"enemies":"Shelled Parasite and Fungi","floor":27,"turns":5},{"damage":0,"enemies":"Chosen and Byrds","floor":28,"turns":3},{"damage":27,"enemies":"Centurion and Healer","floor":31,"turns":6},{"damage":0,"enemies":"Pondfish","floor":33,"turns":1}],"seed_played":"-3430644431836600923","potions_obtained":[{"floor":3.0,"key":"Fruit Juice"},{"floor":4.0,"key":"Fruit Juice"},{"floor":5.0,"key":"EntropicBrew"},{"floor":14.0,"key":"Weak Potion"},{"floor":18.0,"key":"Strength Potion"},{"floor":20.0,"key":"SteroidPotion"},{"floor":22.0,"key":"Fire Potion"},{"floor":31,"key":"Death Potion"}],"is_trial":false,"path_per_floor":["M","?","M","M","M","R","E","M","T","M","M","$","R","E","R","B",null,"M","M","M","?","M","R","M","M","T","M","M","?","R","M","R","B"],"character_chosen":"WATCHER","items_purchased":["FollowUp+1","Mayhem","Lee\u0027s Waffle","Happy Flower"],"campfire_rested":1,"item_purchase_floors":[12,12,12,12],"current_hp_per_floor":[72,72,72,72,48,48,12,10,10,3,1,89,89,73,73,65,67,66,66,50,50,48,48,35,24,24,13,13,13,33,6,6,6,6],"gold":349,"neow_bonus":"THREE_ENEMY_KILL","is_daily":false,"chose_seed":false,"campfire_upgraded":3,"win_rate":0.0,"timestamp":1610919771,"path_taken":["M","?","?","?","M","R","E","M","T","M","M","$","R","E","R","BOSS","M","M","?","?","M","R","M","M","T","M","M","?","R","M","R","BOSS"],"items_purchased_type":["Card","Card","Relic","Relic"],"build_version":"2020-12-22","purchased_purges":0,"victory":false,"max_hp_per_floor":[72,72,72,72,72,72,82,82,82,82,82,89,89,89,89,89,67,67,67,67,67,67,67,67,67,67,67,67,67,67,67,67,67,67],"card_choices":[{"not_picked":["BowlingBash","SashWhip"],"picked":"EmptyBody","floor":1.0},{"not_picked":["WaveOfTheHand","Replay:ManipulateFuture"],"picked":"Replay:BluntJabs","floor":3.0},{"not_picked":["SashWhip","Replay:ManipulateFuture"],"picked":"DeceiveReality","floor":4.0},{"not_picked":["Evaluate","Replay:BluntJabs"],"picked":"SpiritShield","floor":5.0},{"not_picked":["Consecrate","Replay:Hum"],"picked":"FlurryOfBlows","floor":7.0},{"not_picked":["Sanctity","Tantrum"],"picked":"DeceiveReality","floor":8.0},{"not_picked":["Tantrum","JustLucky"],"picked":"SignatureMove","floor":10.0},{"not_picked":["ClearTheMind","Weave","Replay:AtTheReady"],"picked":"SKIP","floor":11.0},{"not_picked":["TalkToTheHand","FollowUp"],"picked":"Nirvana","floor":14.0},{"not_picked":["Replay:AllIn","MasterReality"],"picked":"Replay:LoomingThreat","floor":16.0},{"not_picked":["WreathOfFlame","FollowUp","DeceiveReality"],"picked":"SKIP","floor":18.0},{"not_picked":["Pray","Consecrate"],"picked":"Crescendo+1","floor":19.0},{"not_picked":["Crescendo","Replay:Hum","EmptyBody"],"picked":"SKIP","floor":20.0},{"not_picked":["Study","Prostrate"],"picked":"EmptyMind+1","floor":22.0},{"not_picked":["SashWhip","Nirvana","ClearTheMind"],"picked":"SKIP","floor":24.0},{"not_picked":["EmptyMind+1","Halt"],"picked":"Protect+1","floor":25.0},{"not_picked":["Replay:AtTheReady","Fasting2"],"picked":"Weave","floor":27},{"not_picked":["Replay:LoomingThreat","PathToVictory"],"picked":"Protect+1","floor":28},{"not_picked":["FollowUp","Consecrate"],"picked":"ForeignInfluence","floor":31}],"player_experience":183253,"relics_obtained":[{"floor":7.0,"key":"Replay:Kaleidoscope"},{"floor":9.0,"key":"Omamori"},{"floor":14.0,"key":"HornCleat"}],"event_choices":[{"damage_healed":0.0,"max_hp_gain":0.0,"max_hp_loss":0.0,"gold_gain":275.0,"event_name":"Golden Shrine","player_choice":"Desecrate","floor":2.0,"gold_loss":0.0,"damage_taken":0.0,"cards_obtained":["Regret"]},{"damage_healed":0.0,"max_hp_gain":0.0,"max_hp_loss":0.0,"gold_gain":0.0,"event_name":"Addict","player_choice":"Obtained Relic","floor":21.0,"gold_loss":85.0,"damage_taken":0.0,"relics_obtained":["Pen Nib"]},{"damage_healed":0,"gold_gain":0,"player_choice":"Opened","damage_taken":0,"relics_obtained":["Sundial"],"max_hp_gain":0,"max_hp_loss":0,"event_name":"The Mausoleum","floor":29,"gold_loss":0},{"damage_healed":0,"gold_gain":100,"player_choice":"Pray","damage_taken":0,"max_hp_gain":0,"max_hp_loss":0,"event_name":"Golden Shrine","floor":32,"gold_loss":0}],"is_beta":false,"boss_relics":[{"not_picked":["Ectoplasm","Tiny House"],"picked":"Replay:Drink Me"}],"items_purged_floors":[],"is_endless":false,"potions_floor_spawned":[3,4,5,7,14,18,20,22,25,31],"killed_by":"Pondfish","ascension_level":4}}