{"host":"KYO","time":1610855933,"event":{"mods":["ATMod(°¢èªMod)","BaseMod","Minty Spire (QoL Compilation)","Shop Mod","StSLib","SuperFastMode","[IsaacMod]ÒÔÈö¼âËþ","¡¾ÒÅÎï¿¨ÅÆ¡¿REMEMod"],"gold_per_floor":[18,33,43,113,113,145,163,180,205,234,234,268,29,57,57,135,135,154,194,244,262,162,218,218,93,162,227,227,266,794,794,794,931,931,950,950,353,373,100,145,145,185,212,269,289,358,380,405,405,433,475,475,475,32,107,212],"floor_reached":57,"language":"ZHS","playtime":1919,"items_purged":["Strike_R","Defend_R","Strike_R","Pain","Bash+1","Strike_R","Feel No Pain"],"score":3196,"play_id":"9a6d0fb7-9f94-4bcc-8aa9-5900fa7f936c","local_time":"20210117115853","is_ascension_mode":true,"campfire_choices":[{"data":"Bludgeon","floor":11.0,"key":"SMITH"},{"data":"Bash","floor":15.0,"key":"SMITH"},{"data":"Limit Break","floor":24.0,"key":"SMITH"},{"data":"Offering","floor":28.0,"key":"SMITH"},{"data":"AT_EmpoweredMortalDraw","floor":32.0,"key":"SMITH"},{"floor":41.0,"key":"RECALL"},{"data":"Demon Form","floor":49,"key":"SMITH"},{"data":"Pommel Strike","floor":53,"key":"SMITH"}],"circlet_count":0,"master_deck":["AscendersBane","Defend_R","Defend_R","Pommel Strike+1","AT_ShrugMaster","Bludgeon+1","Feed","Demon Form+1","AT_EmpoweredMortalDraw+1","Limit Break+1","Offering+1","Uppercut+1","Heavy Blade+1","Evolve+1"],"relics":["Burning Blood","HushsDoor","AT_ATBox","REME_ComplimentaryCards","Leech","Bag of Preparation","SalivaCoin","AT_RedTearstoneRing","Shuriken","AT_MortalBlade","The Courier","Pen Nib","UnicornStump","EdensBlessing","InkBottle","HowToJump","WarpedTongs","MagicMushroom","JudasShadow","MerchantsRug","Lizard Tail","SatanicBible","TheBean","Oddly Smooth Stone","MealTicket","Membership Card","Bag of Marbles","AT_Kusabimaru","Paper Frog","AT_SunfireAegis","BelialBook","REME_PuzzleBoxRelic"],"acts_visited":["Exordium","TheCity","TheBeyond","TheEnding"],"potions_floor_usage":[56,56],"damage_taken":[{"damage":12.0,"enemies":"Jaw Worm","floor":1.0,"turns":2.0},{"damage":0.0,"enemies":"Cultist","floor":2.0,"turns":3.0},{"damage":2.0,"enemies":"Small Slimes","floor":3.0,"turns":3.0},{"damage":29.0,"enemies":"Gremlin Nob","floor":6.0,"turns":4.0},{"damage":11.0,"enemies":"Looter","floor":7.0,"turns":2.0},{"damage":2.0,"enemies":"2 Fungi Beasts","floor":8.0,"turns":3.0},{"damage":7.0,"enemies":"Lagavulin","floor":10.0,"turns":5.0},{"damage":8.0,"enemies":"Gremlin Nob","floor":12.0,"turns":3.0},{"damage":6.0,"enemies":"Slime Boss","floor":16.0,"turns":7.0},{"damage":0.0,"enemies":"3 Byrds","floor":18.0,"turns":1.0},{"damage":30.0,"enemies":"Shell Parasite","floor":19.0,"turns":3.0},{"damage":0.0,"enemies":"Snake Plant","floor":21.0,"turns":2.0},{"damage":29.0,"enemies":"Slavers","floor":23.0,"turns":2.0},{"damage":35.0,"enemies":"Book of Stabbing","floor":27.0,"turns":3.0},{"damage":6.0,"enemies":"Gremlin Leader","floor":29.0,"turns":5.0},{"damage":1.00000036E8,"enemies":"Shelled Parasite and Fungi","floor":30.0,"turns":3.0},{"damage":34.0,"enemies":"Champ","floor":33.0,"turns":7.0},{"damage":6.0,"enemies":"3 Darklings","floor":35.0,"turns":1.0},{"damage":6.0,"enemies":"3 Shapes","floor":38.0,"turns":1.0},{"damage":15.0,"enemies":"Reptomancer","floor":40.0,"turns":3.0},{"damage":35.0,"enemies":"Nemesis","floor":42.0,"turns":4.0},{"damage":51.0,"enemies":"Giant Head","floor":44.0,"turns":6.0},{"damage":0.0,"enemies":"3 Darklings","floor":45.0,"turns":1.0},{"damage":42.0,"enemies":"Nemesis","floor":46.0,"turns":5.0},{"damage":6.0,"enemies":"Sphere and 2 Shapes","floor":47.0,"turns":2.0},{"damage":6,"enemies":"Spire Growth","floor":48,"turns":2},{"damage":33,"enemies":"Donu and Deca","floor":50,"turns":4},{"damage":16,"enemies":"Time Eater","floor":51,"turns":5},{"damage":51,"enemies":"Shield and Spear","floor":55,"turns":3},{"damage":70,"enemies":"The Heart","floor":56,"turns":5}],"seed_played":"135041190019628669","potions_obtained":[{"floor":1.0,"key":"HeartOfIron"},{"floor":6.0,"key":"Weak Potion"},{"floor":10.0,"key":"PowerPotion"},{"floor":19.0,"key":"FearPotion"},{"floor":23.0,"key":"FairyPotion"},{"floor":29.0,"key":"SpeedPotion"},{"floor":30.0,"key":"AttackPotion"},{"floor":30.0,"key":"LiquidMemories"},{"floor":40.0,"key":"Fruit Juice"},{"floor":44.0,"key":"GamblersBrew"},{"floor":47.0,"key":"Strength Potion"}],"is_trial":false,"path_per_floor":["M","M","M","?","?","E","M","M","T","E","R","E","$","?","R","B",null,"M","M","?","M","$","E","R","$","T","E","R","E","M","?","R","B",null,"M","?","$","M","$","E","R","E","T","E","M","E","M","M","R","B","B",null,"R","$","E","B",null],"character_chosen":"IRONCLAD","items_purchased":["AT_RedTearstoneRing","JudasShadow","MerchantsRug","Lee\u0027s Waffle","Lizard Tail","SatanicBible","Membership Card","Bag of Marbles","AT_Kusabimaru","Paper Frog","AT_SunfireAegis","BelialBook","Strength Potion"],"campfire_rested":0,"item_purchase_floors":[13,34,37,37,37,39,54,54,54,54,54,54,54],"current_hp_per_floor":[64,72,75,60,60,42,40,49,49,53,53,55,55,29,29,38,74,82,65,65,72,72,52,52,52,52,25,25,34,40,40,40,20,82,84,84,109,109,109,110,110,87,87,54,62,31,38,43,43,20,15,104,104,119,77,18],"gold":212,"neow_bonus":"TRANSFORM_TWO_CARDS","is_daily":false,"chose_seed":false,"campfire_upgraded":7,"win_rate":0.0,"timestamp":1610855933,"path_taken":["M","M","M","?","?","E","M","M","T","E","R","E","$","?","R","BOSS","M","M","?","M","$","E","R","$","T","E","R","E","M","?","R","BOSS","M","?","$","M","$","E","R","E","T","E","M","E","?","?","R","BOSS","BOSS","R","$","E","BOSS"],"items_purchased_type":["Relic","Relic","Relic","Relic","Relic","Relic","Relic","Relic","Relic","Relic","Relic","Relic","Potion"],"build_version":"2020-12-18","purchased_purges":7,"victory":true,"max_hp_per_floor":[75,75,75,75,75,77,79,81,81,81,81,83,83,83,83,86,86,88,93,93,93,93,95,95,95,95,95,95,100,109,109,109,111,100,102,102,109,109,109,116,116,118,118,124,126,126,131,133,133,133,133,133,133,133,133,133],"card_choices":[{"not_picked":[],"picked":"SuicideKing","floor":0.0},{"not_picked":["Cleave","Body Slam"],"picked":"Bomb","floor":1.0},{"not_picked":["AT_IchimonjiDouble","Dual Wield","REME_TheLastStrike"],"picked":"SKIP","floor":2.0},{"not_picked":["Shockwave","Havoc","Power Through"],"picked":"SKIP","floor":3.0},{"not_picked":["Feel No Pain","Blood for Blood","Seeing Red"],"picked":"Singing Bowl","floor":6.0},{"not_picked":["AT_IchimonjiDouble","Seeing Red","Body Slam"],"picked":"Singing Bowl","floor":7.0},{"not_picked":["Shrug It Off","Perfected Strike","Warcry"],"picked":"Singing Bowl","floor":8.0},{"not_picked":["Immolate","Anger"],"picked":"Feed","floor":10.0},{"not_picked":["Clash","AT_GerminateFire","Havoc"],"picked":"Singing Bowl","floor":12.0},{"not_picked":["REME_ACTH","Juggernaut"],"picked":"Demon Form","floor":16.0},{"not_picked":["AT_BodySlamDance","Metallicize","Shrug It Off"],"picked":"Singing Bowl","floor":18.0},{"not_picked":["Wild Strike","Infernal Blade+1","Hemokinesis+1"],"picked":"Singing Bowl","floor":19.0},{"not_picked":["Thunderclap","AT_BodySlamDance"],"picked":"Limit Break","floor":21.0},{"not_picked":["Sword Boomerang","Body Slam+1","Iron Wave"],"picked":"Singing Bowl","floor":23.0},{"not_picked":["Shrug It Off+1","Anger"],"picked":"Offering","floor":27.0},{"not_picked":["Heavy Blade+1","Reckless Charge","Carnage"],"picked":"Singing Bowl","floor":29.0},{"not_picked":["Cleave+1","Infernal Blade","Entrench"],"picked":"Singing Bowl","floor":30.0},{"not_picked":["Pommel Strike+1","Flame Barrier","Shrug It Off"],"picked":"Singing Bowl","floor":30.0},{"not_picked":["Thunderclap+1","Feel No Pain","AT_BodySlamDance"],"picked":"Singing Bowl","floor":30.0},{"not_picked":["Thunderclap+1","Fire Breathing"],"picked":"Uppercut+1","floor":30.0},{"not_picked":["Limit Break","Bludgeon+1","Berserk"],"picked":"Singing Bowl","floor":33.0},{"not_picked":["Pommel Strike+1","Battle Trance","Thunderclap+1"],"picked":"Singing Bowl","floor":35.0},{"not_picked":["Cleave+1","REME_FearOfPain"],"picked":"Heavy Blade+1","floor":38.0},{"not_picked":["Body Slam+1","Uppercut","Searing Blow"],"picked":"Singing Bowl","floor":40.0},{"not_picked":["Warcry","Perfected Strike","Inflame"],"picked":"Singing Bowl","floor":42.0},{"not_picked":["AT_DrawKnifeCut+1","Bloodletting","Spot Weakness"],"picked":"Singing Bowl","floor":44.0},{"not_picked":["Second Wind+1","AT_ManFootWork+1","Rage"],"picked":"Singing Bowl","floor":45.0},{"not_picked":["REME_FearOfPain","Juggernaut"],"picked":"Evolve+1","floor":46.0},{"not_picked":["Anger+1","Metallicize","Cleave"],"picked":"Singing Bowl","floor":47.0},{"not_picked":["Pummel","Sword Boomerang","Shrug It Off"],"picked":"Singing Bowl","floor":48},{"not_picked":["Heavy Blade","Iron Wave","Feel No Pain"],"picked":"SKIP","floor":55}],"player_experience":610432,"relics_obtained":[{"floor":6.0,"key":"Singing Bowl"},{"floor":9.0,"key":"Bag of Preparation"},{"floor":10.0,"key":"SalivaCoin"},{"floor":23.0,"key":"AT_ArchangelStaff"},{"floor":26.0,"key":"The Courier"},{"floor":27.0,"key":"BookOfRevelations"},{"floor":29.0,"key":"Pen Nib"},{"floor":30.0,"key":"UnicornStump"},{"floor":30.0,"key":"EdensBlessing"},{"floor":30.0,"key":"Old Coin"},{"floor":30.0,"key":"InkBottle"},{"floor":30.0,"key":"Molten Egg 2"},{"floor":30.0,"key":"HowToJump"},{"floor":40.0,"key":"GnawedLeaf"},{"floor":42.0,"key":"TheBean"},{"floor":44.0,"key":"Oddly Smooth Stone"},{"floor":46.0,"key":"MealTicket"},{"floor":55,"key":"REME_PuzzleBoxRelic"}],"event_choices":[{"cards_removed":["Defend_R"],"damage_healed":0.0,"max_hp_gain":0.0,"max_hp_loss":0.0,"gold_gain":0.0,"event_name":"Living Wall","player_choice":"Forget","floor":5.0,"gold_loss":0.0,"damage_taken":0.0},{"damage_healed":0.0,"max_hp_gain":0.0,"max_hp_loss":0.0,"gold_gain":0.0,"event_name":"Scrap Ooze","player_choice":"Success","floor":14.0,"gold_loss":0.0,"damage_taken":26.0,"relics_obtained":["Shuriken"]},{"damage_healed":0.0,"max_hp_gain":0.0,"max_hp_loss":0.0,"gold_gain":50.0,"event_name":"Nest","player_choice":"Stole From Cult","floor":20.0,"gold_loss":0.0,"damage_taken":0.0},{"damage_healed":0.0,"max_hp_gain":0.0,"max_hp_loss":0.0,"gold_gain":0.0,"event_name":"Accursed Blacksmith","player_choice":"Rummage","floor":31.0,"gold_loss":0.0,"damage_taken":0.0,"relics_obtained":["WarpedTongs"],"cards_obtained":["Pain"]},{"damage_healed":0.0,"max_hp_gain":0.0,"max_hp_loss":0.0,"gold_gain":0.0,"event_name":"Tomb of Lord Red Mask","player_choice":"Ignored","floor":36.0,"gold_loss":0.0,"damage_taken":0.0}],"is_beta":true,"boss_relics":[{"not_picked":["Runic Pyramid","ChampionBelt"],"picked":"AT_MortalBlade"},{"not_picked":[]},{"not_picked":["Runic Dome","REME_DemonsWealth"],"picked":"MagicMushroom"},{"not_picked":[]}],"items_purged_floors":[13,22,25,34,37,39,54],"is_endless":false,"potions_floor_spawned":[1,6,10,12,19,23,29,33,40,44,45,47,55],"ascension_level":20}}