{"host":"f5y45f7z7ziu0smp","time":1610890056,"event":{"mods":["AchievementEnabler","BaseMod","Marisa£¨Ùöéë¡¡Øª×âÞÞ£©","Minty Spire (QoL Compilation)","Permanent Neow","Starting Relic: Pandora\u0027s Box","SuperFastMode","¡¼?Úª?ø«¡½REMEMod"],"gold_per_floor":[116,116,116,127,141,175,175,175,175,175,193,207,207,242,242,346,346,560,19,34,52,52,84,84,116,116,342,3,3,203,413,413,709,709,728,311,311,522,533,573,592,592,592,11,40,57,57,96,96,96],"floor_reached":51,"language":"KOR","playtime":2184,"items_purged":["Shame","Pain","Injury","Shame"],"score":1188,"play_id":"84efc981-3807-4ea1-9640-90db8df1ed34","local_time":"20210117222736","is_ascension_mode":true,"campfire_choices":[{"data":"Zap","floor":8,"key":"SMITH"},{"data":"Dualcast","floor":10,"key":"SMITH"},{"data":"REME_ProfessionalPlagiarism","floor":13,"key":"SMITH"},{"data":"Defragment","floor":15,"key":"SMITH"},{"data":"Seek","floor":24,"key":"SMITH"},{"data":"White Noise","floor":32,"key":"SMITH"},{"data":"Fission","floor":47,"key":"SMITH"},{"data":"Echo Form","floor":49,"key":"SMITH"}],"circlet_count":0,"master_deck":["Zap+1","Dualcast+1","Go for the Eyes","Coolheaded","Skim","Leap","Cold Snap","Gash","Compile Driver","REME_ProfessionalPlagiarism+1","Gash","White Noise+1","REME_ForAll","Defragment+1","Echo Form+1","Beam Cell","Seek+1","Turbo+1","Electrodynamics+1","Gash","Capacitor+1","Fission+1","Gash+1","Panache+1","Finesse","Double Energy","Hologram","Turbo+1"],"relics":["REME_ComplimentaryCards","Sozu","FossilizedHelix","Cables","CultistMask","The Courier","StrikeDummy","REME_DemonsWealth","Omamori","Bottled Flame","Nunchaku","Centennial Puzzle","Oddly Smooth Stone","Meat on the Bone","Frozen Egg 2","Tiny Chest","Empty Cage","PreservedInsect","Mummified Hand","REME_HandOfSuture","CeramicFish","Gremlin Horn","Ornamental Fan","HornCleat"],"acts_visited":["Exordium","TheCity","TheBeyond"],"potions_floor_usage":[],"damage_taken":[{"damage":5,"enemies":"Jaw Worm","floor":1,"turns":2},{"damage":0,"enemies":"Small Slimes","floor":4,"turns":2},{"damage":0,"enemies":"Cultist","floor":5,"turns":2},{"damage":3,"enemies":"3 Sentries","floor":6,"turns":6},{"damage":0,"enemies":"Gremlin Gang","floor":11,"turns":1},{"damage":0,"enemies":"3 Louse","floor":12,"turns":2},{"damage":0,"enemies":"Lagavulin","floor":14,"turns":3},{"damage":0,"enemies":"Slime Boss","floor":16,"turns":7},{"damage":0,"enemies":"2 Thieves","floor":18,"turns":4},{"damage":5,"enemies":"Shell Parasite","floor":20,"turns":4},{"damage":9,"enemies":"Centurion and Healer","floor":21,"turns":4},{"damage":12,"enemies":"REME_1_Revenger","floor":23,"turns":4},{"damage":21,"enemies":"Slavers","floor":25,"turns":3},{"damage":0,"enemies":"3 Cultists","floor":27,"turns":4},{"damage":0,"enemies":"Shelled Parasite and Fungi","floor":31,"turns":2},{"damage":0,"enemies":"Champ","floor":33,"turns":1},{"damage":0,"enemies":"3 Darklings","floor":35,"turns":2},{"damage":7,"enemies":"3 Shapes","floor":38,"turns":2},{"damage":0,"enemies":"Maw","floor":39,"turns":5},{"damage":0,"enemies":"Giant Head","floor":40,"turns":4},{"damage":0,"enemies":"Transient","floor":41,"turns":5},{"damage":0,"enemies":"4 Shapes","floor":45,"turns":1},{"damage":0,"enemies":"3 Darklings","floor":46,"turns":2},{"damage":0,"enemies":"Nemesis","floor":48,"turns":3},{"damage":18,"enemies":"Donu and Deca","floor":50,"turns":5}],"seed_played":"7361901968456937654","potions_obtained":[],"is_trial":false,"path_per_floor":["M","?","?","M","M","E","?","R","T","R","M","M","R","E","R","B",null,"M","$","M","M","?","E","R","E","T","M","$","?","?","M","R","B",null,"M","$","?","M","M","E","M","?","T","$","M","M","R","E","R","B",null],"character_chosen":"DEFECT","items_purchased":["Omamori","Bottled Flame","Beam Cell","Nunchaku","Frozen Egg 2","Electrodynamics+1","PreservedInsect","Mummified Hand","Gremlin Horn","Ornamental Fan","Double Energy"],"campfire_rested":0,"item_purchase_floors":[19,19,19,19,28,28,36,36,44,44,44],"current_hp_per_floor":[70,63,63,63,63,60,60,60,60,60,60,60,60,60,60,60,75,75,75,70,61,47,35,35,14,14,26,26,26,26,38,38,50,80,80,80,80,73,73,73,73,68,68,68,68,68,68,68,68,50],"gold":96,"neow_bonus":"BOSS_RELIC","is_daily":false,"chose_seed":false,"campfire_upgraded":8,"win_rate":0.0,"timestamp":1610890056,"path_taken":["M","?","?","?","?","E","?","R","T","R","?","?","R","E","R","BOSS","M","$","M","M","?","E","R","E","T","M","$","?","?","M","R","BOSS","M","$","?","?","M","E","M","?","T","$","M","M","R","E","R","BOSS"],"items_purchased_type":["Relic","Relic","Card","Relic","Relic","Card","Relic","Relic","Relic","Relic","Card"],"build_version":"2020-12-22","purchased_purges":4,"victory":true,"max_hp_per_floor":[75,75,75,75,75,75,75,75,75,75,75,75,75,75,75,75,75,75,75,75,75,80,80,80,80,80,80,80,80,80,80,80,80,80,80,80,80,80,80,80,80,80,80,80,80,80,80,80,80,80],"card_choices":[{"not_picked":["Rebound","Glacier","Blizzard"],"picked":"SKIP","floor":1},{"not_picked":["Glacier","FTL"],"picked":"Gash","floor":4},{"not_picked":["Stack","Reprogram"],"picked":"White Noise","floor":5},{"not_picked":["Leap","Static Discharge"],"picked":"REME_ForAll","floor":6},{"not_picked":["Compile Driver","Reprogram","Steam"],"picked":"SKIP","floor":11},{"not_picked":["Hologram","Conserve Battery","Auto Shields"],"picked":"SKIP","floor":12},{"not_picked":["Barrage","Stack"],"picked":"Defragment","floor":14},{"not_picked":["Rainbow","Fission"],"picked":"Echo Form","floor":16},{"not_picked":["Steam","Sweeping Beam","Redo"],"picked":"Shame","floor":18},{"not_picked":["REME_SelfUpgrade","Stack+1","Normality"],"picked":"Seek","floor":20},{"not_picked":["BootSequence+1","Go for the Eyes","Beam Cell"],"picked":"Clumsy","floor":21},{"not_picked":["Coolheaded","REME_DataAnalysis+1","Go for the Eyes"],"picked":"Wraith","floor":23},{"not_picked":["Cold Snap","Streamline","REME_CurseOfMatryoshka"],"picked":"Turbo+1","floor":25},{"not_picked":["Melter","Steam Power","Streamline"],"picked":"Pain","floor":27},{"not_picked":["Sweeping Beam","Self Repair+1","Melter"],"picked":"Injury","floor":31},{"not_picked":["REME_ForAll","Amplify","Electrodynamics+1"],"picked":"Wraith","floor":33},{"not_picked":["Redo+1","Reinforced Body","Genetic Algorithm+1","REME_CurseOfMatryoshka"],"picked":"Gash","floor":35},{"not_picked":["Glacier","Redo","Streamline+1"],"picked":"Shame","floor":38},{"not_picked":["Streamline","REME_Whirling+1","Normality"],"picked":"Capacitor+1","floor":39},{"not_picked":["REME_Compress","Conserve Battery","Decay"],"picked":"Fission","floor":40},{"not_picked":["Streamline+1","Beam Cell","Injury"],"picked":"Gash+1","floor":41},{"not_picked":["REME_HeartOfCthun","Jack Of All Trades"],"picked":"Panache+1","floor":42},{"not_picked":["Mind Blast","Dramatic Entrance"],"picked":"Finesse","floor":42},{"not_picked":["Glacier","Chaos","REME_CurseOfMatryoshka+1"],"picked":"Hologram","floor":45},{"not_picked":["REME_SelfUpgrade+1","Redo+1","Undo","Shame"],"picked":"SKIP","floor":46},{"not_picked":["Doom and Gloom+1","Hyperbeam","Doubt"],"picked":"Turbo+1","floor":48}],"player_experience":129760,"relics_obtained":[{"floor":6,"key":"Cables"},{"floor":9,"key":"The Courier"},{"floor":14,"key":"StrikeDummy"},{"floor":23,"key":"Centennial Puzzle"},{"floor":25,"key":"Oddly Smooth Stone"},{"floor":26,"key":"Meat on the Bone"},{"floor":40,"key":"REME_HandOfSuture"},{"floor":43,"key":"CeramicFish"},{"floor":48,"key":"HornCleat"}],"event_choices":[{"damage_healed":0,"gold_gain":0,"player_choice":"Success","damage_taken":7,"relics_obtained":["FossilizedHelix"],"max_hp_gain":0,"max_hp_loss":0,"event_name":"Scrap Ooze","floor":2,"gold_loss":0},{"damage_healed":0,"gold_gain":0,"player_choice":"Got Potions","damage_taken":0,"max_hp_gain":0,"max_hp_loss":0,"event_name":"Lab","floor":3,"gold_loss":0},{"damage_healed":0,"gold_gain":0,"player_choice":"Trade","damage_taken":0,"relics_obtained":["CultistMask"],"max_hp_gain":0,"max_hp_loss":0,"event_name":"FaceTrader","floor":7,"gold_loss":0},{"damage_healed":0,"gold_gain":0,"player_choice":"Shed Blood","damage_taken":19,"max_hp_gain":5,"max_hp_loss":0,"event_name":"Forgotten Altar","floor":22,"gold_loss":0},{"damage_healed":0,"gold_gain":0,"player_choice":"Ignored","damage_taken":0,"max_hp_gain":0,"max_hp_loss":0,"event_name":"Ghosts","floor":29,"gold_loss":0},{"damage_healed":0,"gold_gain":0,"player_choice":"Opened","damage_taken":0,"relics_obtained":["Tiny Chest"],"max_hp_gain":0,"max_hp_loss":0,"event_name":"The Mausoleum","floor":30,"gold_loss":0,"cards_obtained":["Writhe"]},{"cards_removed":["Blizzard"],"damage_healed":0,"gold_gain":0,"player_choice":"Offered Uncommon","damage_taken":0,"max_hp_gain":0,"max_hp_loss":0,"event_name":"Bonfire Elementals","floor":37,"gold_loss":0},{"damage_healed":0,"gold_gain":0,"player_choice":"Memory 2","damage_taken":5,"max_hp_gain":0,"max_hp_loss":0,"event_name":"SensoryStone","floor":42,"gold_loss":0}],"is_beta":false,"boss_relics":[{"not_picked":["REME_DuelDisc","Nuclear Battery"],"picked":"REME_DemonsWealth"},{"not_picked":["REME_LowDesire","Snecko Eye"],"picked":"Empty Cage"}],"items_purged_floors":[19,28,36,44],"is_endless":false,"potions_floor_spawned":[11,12,16,18,23,35,39,46],"ascension_level":4}}