{"host":"pfy6u49v5s5r680p","time":1610873418,"event":{"mods":["BaseMod","Colored Map","DeckTracker","Highlight Path","Keyboard Shortcuts","Minty Spire (QoL Compilation)","Permanent Neow","Quick Restart","StSLib","SuperFastMode","everything is the same but u backflip on backflip"],"gold_per_floor":[114,126,142,161,49,49,49,67,67,67,78,90,105,120,120,120,224,224,240,257,78,78,93,93,192,192,192,209,60,75,104,118,118,118,118],"floor_reached":34,"language":"KOR","playtime":1127,"items_purged":["Strike_B","Strike_B"],"score":270,"play_id":"af7146cb-ec0f-47fa-99c9-00f09cdc6e4a","local_time":"20210117175018","is_ascension_mode":false,"campfire_choices":[{"data":"Creative AI","floor":7.0,"key":"SMITH"},{"data":"White Noise","floor":9.0,"key":"SMITH"},{"floor":16.0,"key":"REST"},{"floor":24.0,"key":"REST"},{"floor":33.0,"key":"REST"}],"circlet_count":0,"master_deck":["Strike_B","Strike_B","Defend_B","Defend_B","Defend_B","Defend_B","Zap","Dualcast","Creative AI+1","Hologram","BootSequence","Capacitor","White Noise+1","Double Energy","Electrodynamics","Thunder Strike","Capacitor","Glacier+1","Double Energy","Self Repair"],"relics":["Cracked Core","Incense Burner","Runic Pyramid","Dead Branch","Ancient Tea Set","WingedGreaves"],"acts_visited":["Exordium","TheCity"],"potions_floor_usage":[],"damage_taken":[{"damage":0.0,"enemies":"Small Slimes","floor":1.0,"turns":3.0},{"damage":1.0,"enemies":"Jaw Worm","floor":2.0,"turns":3.0},{"damage":0.0,"enemies":"2 Louse","floor":3.0,"turns":2.0},{"damage":8.0,"enemies":"Blue Slaver","floor":4.0,"turns":7.0},{"damage":3.0,"enemies":"Red Slaver","floor":8.0,"turns":5.0},{"damage":0.0,"enemies":"Large Slime","floor":11.0,"turns":4.0},{"damage":14.0,"enemies":"Lots of Slimes","floor":12.0,"turns":7.0},{"damage":11.0,"enemies":"3 Louse","floor":13.0,"turns":4.0},{"damage":6.0,"enemies":"Red Slaver","floor":14.0,"turns":3.0},{"damage":35.0,"enemies":"Slime Boss","floor":17.0,"turns":7.0},{"damage":25.0,"enemies":"Spheric Guardian","floor":19.0,"turns":4.0},{"damage":30.0,"enemies":"3 Byrds","floor":20.0,"turns":4.0},{"damage":11.0,"enemies":"Snake Plant","floor":23.0,"turns":5.0},{"damage":25.0,"enemies":"3 Cultists","floor":28.0,"turns":4.0},{"damage":14.0,"enemies":"Snecko","floor":30.0,"turns":7.0},{"damage":17.0,"enemies":"Slavers","floor":31.0,"turns":4.0},{"damage":4.0,"enemies":"Sentry and Sphere","floor":32.0,"turns":5.0},{"damage":41,"enemies":"Automaton","floor":34,"turns":6}],"seed_played":"4020562580348814873","potions_obtained":[{"floor":2.0,"key":"Ancient Potion"},{"floor":3.0,"key":"PotionOfCapacity"},{"floor":12.0,"key":"Ancient Potion"},{"floor":17.0,"key":"LiquidMemories"},{"floor":19.0,"key":"Regen Potion"},{"floor":30.0,"key":"SneckoOil"},{"floor":31.0,"key":"Ancient Potion"}],"is_trial":false,"path_per_floor":["M","M","M","M","$","$","R","M","R","T","M","M","M","M","?","R","B",null,"M","M","$","?","M","R","?","?","T","M","$","M","E","M","R","B"],"character_chosen":"DEFECT","items_purchased":["Capacitor","Capacitor","Ancient Tea Set"],"campfire_rested":3,"item_purchase_floors":[5,21,29],"current_hp_per_floor":[75,74,74,66,66,66,66,63,63,63,63,49,38,32,32,54,19,75,50,25,25,25,14,36,36,61,61,36,36,22,5,1,23,0,0],"gold":118,"neow_bonus":"ONE_RANDOM_RARE_CARD","is_daily":false,"chose_seed":false,"campfire_upgraded":2,"win_rate":0.0,"timestamp":1610873418,"path_taken":["M","M","M","M","$","$","R","M","R","T","M","M","M","M","?","R","BOSS","M","M","$","?","M","R","?","?","T","M","?","M","E","M","R","BOSS"],"items_purchased_type":["Card","Card","Relic"],"build_version":"2020-12-22","purchased_purges":2,"victory":false,"max_hp_per_floor":[75,75,75,75,75,75,75,75,75,75,75,75,75,75,75,75,75,75,75,75,75,75,75,75,75,75,75,75,75,75,75,75,75,75,75],"card_choices":[{"not_picked":["Steam","Force Field"],"picked":"Hologram","floor":1.0},{"not_picked":["Scrape","Force Field"],"picked":"BootSequence","floor":2.0},{"not_picked":["Glacier","Ball Lightning","Beam Cell"],"picked":"SKIP","floor":3.0},{"not_picked":["Streamline","Coolheaded","Steam"],"picked":"SKIP","floor":4.0},{"not_picked":["Compile Driver","Beam Cell"],"picked":"White Noise","floor":8.0},{"not_picked":["Steam Power","Stack","All For One"],"picked":"SKIP","floor":11.0},{"not_picked":["Ball Lightning","Hologram"],"picked":"Double Energy","floor":12.0},{"not_picked":["Ball Lightning","Streamline","Leap"],"picked":"SKIP","floor":13.0},{"not_picked":["Defragment","Fusion"],"picked":"Electrodynamics","floor":14.0},{"not_picked":["Fission","Rainbow"],"picked":"Thunder Strike","floor":17.0},{"not_picked":["Ball Lightning","Stack+1","Hologram"],"picked":"SKIP","floor":19.0},{"not_picked":["Aggregate","Streamline","Gash"],"picked":"SKIP","floor":20.0},{"not_picked":["Skim","Ball Lightning"],"picked":"Glacier+1","floor":23.0},{"not_picked":["Leap","Ball Lightning","Cold Snap"],"picked":"SKIP","floor":28.0},{"not_picked":["Stack","Buffer","Ball Lightning"],"picked":"SKIP","floor":30.0},{"not_picked":["Leap","Steam Power+1"],"picked":"Double Energy","floor":31.0},{"not_picked":["Coolheaded","Ball Lightning+1"],"picked":"Self Repair","floor":32.0}],"player_experience":149636,"relics_obtained":[{"floor":10.0,"key":"Incense Burner"},{"floor":27.0,"key":"Dead Branch"},{"floor":31.0,"key":"WingedGreaves"}],"event_choices":[{"damage_healed":0.0,"max_hp_gain":0.0,"max_hp_loss":0.0,"gold_gain":0.0,"event_name":"Liars Game","player_choice":"Ignored","floor":15.0,"gold_loss":0.0,"damage_taken":0.0},{"damage_healed":0.0,"max_hp_gain":0.0,"max_hp_loss":0.0,"gold_gain":0.0,"event_name":"Vampires","player_choice":"Ignored","floor":22.0,"gold_loss":0.0,"damage_taken":0.0},{"damage_healed":0.0,"max_hp_gain":0.0,"max_hp_loss":0.0,"gold_gain":99.0,"event_name":"Nest","player_choice":"Stole From Cult","floor":25.0,"gold_loss":0.0,"damage_taken":0.0},{"damage_healed":25.0,"max_hp_gain":0.0,"max_hp_loss":0.0,"gold_gain":0.0,"event_name":"The Library","player_choice":"Heal","floor":26.0,"gold_loss":0.0,"damage_taken":0.0}],"is_beta":false,"boss_relics":[{"not_picked":["Runic Dome","Fusion Hammer"],"picked":"Runic Pyramid"}],"items_purged_floors":[5,21],"is_endless":false,"potions_floor_spawned":[2,3,12,13,14,17,19,30,31],"killed_by":"Automaton","ascension_level":0}}