{"host":"cjhtzh7tp54jdfyv","time":1610917403,"event":{"mods":["AchievementEnabler","BaseMod","Colored Map","Colored Powertips","Curses Come First","DeckTracker","Filter the Spire","Minty Spire (QoL Compilation)","RNG Fix","Relic Sorter","Relic Stats","StSLib","UnlockEverythingMod","ojb\u0027s Better Paths Mod","ojb\u0027s Info Mod"],"gold_per_floor":[117,42,55,75,75,104,104,138,138,153,179,79,108,122,122,200,200,220,110,121,138,154,154,187,204,204,222,13,13,45,45,45,119,119,135,145,145,145,162,162,197,197,197,231,231,250,100,131,131,131,131,131,131,40,74,74],"floor_reached":57,"language":"ENG","playtime":4907,"items_purged":["Defend_P","Defend_P","Strike_P","Strike_P"],"score":3520,"play_id":"b65da39e-75cf-4e4d-b5ee-3eb6dd1c6a3b","local_time":"20210117160323","is_ascension_mode":true,"campfire_choices":[{"data":"Eruption","floor":7.0,"key":"SMITH"},{"data":"Meditate","floor":15.0,"key":"SMITH"},{"data":"Scrawl","floor":23.0,"key":"SMITH"},{"data":"Wallop","floor":29.0,"key":"SMITH"},{"data":"Tantrum","floor":32.0,"key":"SMITH"},{"data":"Vault","floor":40.0,"key":"SMITH"},{"floor":42,"key":"RECALL"},{"data":"Vigilance","floor":49,"key":"SMITH"},{"data":"Panacea","floor":53,"key":"SMITH"}],"circlet_count":0,"master_deck":["AscendersBane","Strike_P","Strike_P","Eruption+1","Vigilance+1","JustLucky","Wallop+1","Scrawl+1","Meditate+1","Vault+1","FearNoEvil+1","Tantrum+1","Vault+1","FlurryOfBlows+1","Secret Weapon","Panacea+1","Bandage Up","Vault+1","Good Instincts+1","MentalFortress"],"relics":["Coffee Dripper","Nunchaku","InkBottle","Gremlin Horn","Bottled Flame","Oddly Smooth Stone","Runic Pyramid","Torii","Centennial Puzzle","SlaversCollar","Sundial","Toxic Egg 2","Damaru","Bag of Marbles","Boot"],"acts_visited":["Exordium","TheCity","TheBeyond","TheEnding"],"potions_floor_usage":[56],"damage_taken":[{"damage":2.0,"enemies":"Jaw Worm","floor":1.0,"turns":4.0},{"damage":0.0,"enemies":"2 Louse","floor":3.0,"turns":3.0},{"damage":8.0,"enemies":"Small Slimes","floor":4.0,"turns":4.0},{"damage":16.0,"enemies":"Gremlin Nob","floor":6.0,"turns":3.0},{"damage":2.0,"enemies":"3 Sentries","floor":8.0,"turns":5.0},{"damage":9.0,"enemies":"Exordium Thugs","floor":10.0,"turns":4.0},{"damage":3.0,"enemies":"Gremlin Nob","floor":11.0,"turns":3.0},{"damage":0.0,"enemies":"Lagavulin","floor":13.0,"turns":2.0},{"damage":14.0,"enemies":"Exordium Wildlife","floor":14.0,"turns":2.0},{"damage":0.0,"enemies":"The Guardian","floor":16.0,"turns":8.0},{"damage":0.0,"enemies":"Spheric Guardian","floor":18.0,"turns":3.0},{"damage":0.0,"enemies":"3 Byrds","floor":20.0,"turns":3.0},{"damage":0.0,"enemies":"3 Cultists","floor":21.0,"turns":3.0},{"damage":7.0,"enemies":"Snake Plant","floor":22.0,"turns":3.0},{"damage":0.0,"enemies":"Gremlin Leader","floor":24.0,"turns":3.0},{"damage":1.0,"enemies":"Centurion and Healer","floor":25.0,"turns":4.0},{"damage":0.0,"enemies":"3 Cultists","floor":27.0,"turns":2.0},{"damage":0.0,"enemies":"Slavers","floor":30.0,"turns":3.0},{"damage":0.0,"enemies":"Automaton","floor":33.0,"turns":5.0},{"damage":0.0,"enemies":"3 Shapes","floor":35.0,"turns":1.0},{"damage":0.0,"enemies":"3 Darklings","floor":36.0,"turns":2.0},{"damage":6.0,"enemies":"Jaw Worm Horde","floor":39.0,"turns":3.0},{"damage":0.0,"enemies":"Reptomancer","floor":41.0,"turns":3.0},{"damage":0,"enemies":"Giant Head","floor":44,"turns":4},{"damage":0,"enemies":"Writhing Mass","floor":46,"turns":5},{"damage":0,"enemies":"Reptomancer","floor":48,"turns":3},{"damage":0,"enemies":"Awakened One","floor":50,"turns":7},{"damage":0,"enemies":"Donu and Deca","floor":51,"turns":6},{"damage":0,"enemies":"Shield and Spear","floor":55,"turns":6},{"damage":61,"enemies":"The Heart","floor":56,"turns":11}],"seed_played":"-3994667690319403733","potions_obtained":[{"floor":1.0,"key":"BlessingOfTheForge"},{"floor":4.0,"key":"Energy Potion"},{"floor":8.0,"key":"FearPotion"},{"floor":14.0,"key":"BlessingOfTheForge"},{"floor":16.0,"key":"BottledMiracle"},{"floor":30.0,"key":"Fire Potion"},{"floor":46,"key":"PowerPotion"}],"is_trial":false,"path_per_floor":["M","$","M","M","?","E","R","E","T","M","E","$","E","M","R","B",null,"M","?","M","M","M","R","E","M","T","M","$","R","E","$","R","B",null,"M","M","?","?","M","R","E","R","T","E","$","M","$","E","R","B","B",null,"R","$","E","B",null],"character_chosen":"WATCHER","items_purchased":["Tantrum","Good Instincts+1"],"campfire_rested":0,"item_purchase_floors":[28,54],"current_hp_per_floor":[59,59,59,51,51,35,35,33,33,24,21,21,21,7,7,7,53,53,53,53,53,46,46,46,45,45,45,45,45,45,45,45,45,62,62,62,52,52,50,50,54,54,54,58,58,62,62,66,66,68,68,68,68,68,68,11],"gold":74,"neow_bonus":"BOSS_RELIC","is_daily":false,"chose_seed":false,"campfire_upgraded":8,"win_rate":0.0,"timestamp":1610917403,"path_taken":["M","$","M","M","?","E","R","E","T","?","E","$","E","M","R","BOSS","M","?","M","M","M","R","E","?","T","M","$","R","E","?","R","BOSS","M","?","?","?","M","R","E","R","T","E","$","?","$","E","R","BOSS","BOSS","R","$","E","BOSS"],"items_purchased_type":["Card","Card"],"build_version":"2020-12-22","purchased_purges":4,"victory":true,"max_hp_per_floor":[68,68,68,68,68,68,68,68,68,68,68,68,68,68,68,68,68,68,68,68,68,68,68,68,68,68,68,68,68,68,68,68,68,68,68,68,68,68,68,68,68,68,68,68,68,68,68,68,68,68,68,68,68,68,68,68],"relic_stats":{"Nunchaku":[36],"Centennial Puzzle":[6],"Gremlin Horn":[34,35],"Torii":31,"counters":[30,118],"Sundial":[16],"Boot":[69],"obtain_stats":[{"Gremlin Horn":6,"Torii":24,"Oddly Smooth Stone":13,"Damaru":44,"Boot":55,"SlaversCollar":34,"Bottled Flame":11,"Nunchaku":26,"Centennial Puzzle":30,"Sundial":41,"Coffee Dripper":0,"Bag of Marbles":48,"PureWater":0,"Toxic Egg 2":43,"InkBottle":8,"Runic Pyramid":17},{"Gremlin Horn":4,"Torii":15,"Oddly Smooth Stone":8,"Damaru":24,"Boot":29,"SlaversCollar":19,"Bottled Flame":7,"Nunchaku":16,"Centennial Puzzle":18,"Sundial":23,"Coffee Dripper":0,"Bag of Marbles":26,"PureWater":0,"Toxic Egg 2":23,"InkBottle":5,"Runic Pyramid":10},{"Gremlin Horn":14,"Torii":53,"Oddly Smooth Stone":28,"Damaru":80,"Boot":107,"SlaversCollar":67,"Bottled Flame":26,"Nunchaku":57,"Centennial Puzzle":62,"Sundial":76,"Coffee Dripper":0,"Bag of Marbles":88,"PureWater":0,"Toxic Egg 2":76,"InkBottle":19,"Runic Pyramid":38}],"InkBottle":[59]},"card_choices":[{"not_picked":["Pray","Crescendo"],"picked":"JustLucky","floor":1.0},{"not_picked":["Protect","Nirvana","CarveReality"],"picked":"SKIP","floor":3.0},{"not_picked":["Evaluate","DeceiveReality"],"picked":"Wallop","floor":4.0},{"not_picked":["Pray","BowlingBash","Nirvana"],"picked":"SKIP","floor":6.0},{"not_picked":["DeceiveReality","Wish"],"picked":"Scrawl","floor":8.0},{"not_picked":["Halt","SashWhip","EmptyFist"],"picked":"SKIP","floor":10.0},{"not_picked":["FollowUp","ForeignInfluence"],"picked":"Meditate","floor":11.0},{"not_picked":["ReachHeaven","WindmillStrike","Wallop"],"picked":"SKIP","floor":13.0},{"not_picked":["MasterReality","Protect","Pray"],"picked":"SKIP","floor":14.0},{"not_picked":["Ragnarok","Alpha"],"picked":"Vault","floor":16.0},{"not_picked":["BowlingBash","PathToVictory"],"picked":"FearNoEvil+1","floor":18.0},{"not_picked":["Prostrate","Crescendo","PathToVictory+1"],"picked":"SKIP","floor":20.0},{"not_picked":["Prostrate","Crescendo","PathToVictory+1"],"picked":"SKIP","floor":20.0},{"not_picked":["PathToVictory+1","FlyingSleeves","Collect"],"picked":"SKIP","floor":21.0},{"not_picked":["DeceiveReality","JustLucky","Wish"],"picked":"SKIP","floor":22.0},{"not_picked":["ThirdEye","PathToVictory","BowlingBash"],"picked":"SKIP","floor":24.0},{"not_picked":["CrushJoints","EmptyFist+1","DeceiveReality"],"picked":"SKIP","floor":25.0},{"not_picked":["Weave","WreathOfFlame","EmptyBody"],"picked":"SKIP","floor":27.0},{"not_picked":["EmptyMind","Weave","Omniscience"],"picked":"SKIP","floor":30.0},{"not_picked":["DevaForm","ConjureBlade"],"picked":"Vault","floor":33.0},{"not_picked":["Consecrate","Sanctity","Evaluate"],"picked":"SKIP","floor":35.0},{"not_picked":["ThirdEye","Crescendo"],"picked":"FlurryOfBlows+1","floor":36.0},{"not_picked":["Finesse","Dramatic Entrance"],"picked":"Secret Weapon","floor":37.0},{"not_picked":["Bandage Up","Mayhem"],"picked":"Panacea","floor":37.0},{"not_picked":["Finesse","Good Instincts"],"picked":"Bandage Up","floor":37.0},{"not_picked":["FlyingSleeves","ClearTheMind","JustLucky"],"picked":"SKIP","floor":39.0},{"not_picked":["Consecrate","EmptyFist","BowlingBash"],"picked":"SKIP","floor":41.0},{"not_picked":["Consecrate","EmptyFist","BowlingBash"],"picked":"SKIP","floor":41.0},{"not_picked":["Tantrum","Evaluate+1","Vengeance+1"],"picked":"SKIP","floor":44},{"not_picked":["Establishment","Pray+1","JustLucky+1"],"picked":"SKIP","floor":46},{"not_picked":["Pray+1","FlyingSleeves","WheelKick"],"picked":"SKIP","floor":48},{"not_picked":["Tantrum","WaveOfTheHand+1"],"picked":"MentalFortress","floor":55}],"player_experience":4579483,"relics_obtained":[{"floor":6.0,"key":"Gremlin Horn"},{"floor":8.0,"key":"InkBottle"},{"floor":11.0,"key":"Bottled Flame"},{"floor":13.0,"key":"Oddly Smooth Stone"},{"floor":24.0,"key":"Torii"},{"floor":26.0,"key":"Nunchaku"},{"floor":30.0,"key":"Centennial Puzzle"},{"floor":41.0,"key":"Sundial"},{"floor":43,"key":"Toxic Egg 2"},{"floor":44,"key":"Damaru"},{"floor":48,"key":"Bag of Marbles"},{"floor":55,"key":"Boot"}],"event_choices":[{"cards_removed":["Defend_P"],"damage_healed":0.0,"max_hp_gain":0.0,"max_hp_loss":0.0,"gold_gain":0.0,"event_name":"Living Wall","player_choice":"Forget","floor":5.0,"gold_loss":0.0,"damage_taken":0.0},{"cards_removed":["Defend_P"],"damage_healed":0.0,"max_hp_gain":0.0,"max_hp_loss":0.0,"gold_gain":0.0,"event_name":"Designer","player_choice":"Upgrade and Remove","floor":19.0,"gold_loss":110.0,"damage_taken":0.0,"cards_upgraded":["Vault"]},{"damage_healed":0.0,"max_hp_gain":0.0,"max_hp_loss":0.0,"gold_gain":0.0,"event_name":"SensoryStone","player_choice":"Memory 3","floor":37.0,"gold_loss":0.0,"damage_taken":10.0},{"damage_healed":0.0,"max_hp_gain":0.0,"max_hp_loss":0.0,"gold_gain":0.0,"event_name":"Duplicator","player_choice":"Copied","floor":38.0,"gold_loss":0.0,"damage_taken":0.0,"cards_obtained":["Vault"]}],"is_beta":false,"boss_relics":[{"not_picked":["Fusion Hammer","Cursed Key"],"picked":"Runic Pyramid"},{"not_picked":["Philosopher\u0027s Stone","Black Star"],"picked":"SlaversCollar"}],"items_purged_floors":[2,12,28,47],"is_endless":false,"potions_floor_spawned":[1,4,8,14,16,20,21,25,30,35,44,46,48,55],"ascension_level":20}}