{"host":"kg3sujd0l7l0va61","time":1610851824,"event":{"mods":["ATMod(阿瑾Mod)","AchievementEnabler","Arknights The Spire","Aspiration","BaseMod","BetterRewards","Challenge The Spire","Colored Powertips","Custom Start","Decade(王小明)","Displayed Cursed Tome","GifTheSpireLib","Hermit","Infinite Spire","KinomotoSakuraMod(木之本樱)","Koishi","KomeijiMod","Marisa（F雨　魔理沙）","Marked Mod","Minty Spire (QoL Compilation)","MostiFishMod","Prisma Mod","Quick Restart","Replay The Spire","RumiaBox-露米娅的神秘盒子","StSLib","The Jungle","Waifu the Spire"],"gold_per_floor":[114,125,200,212,231,257,268,268,342,361,389,402,402,418,470,570,570,585,585,603,623,641,641,641,670,670,705,715,715,715,715,715,811,811,821,821,834,834,834,865,865,865,865],"floor_reached":42,"language":"ZHS","playtime":1317,"items_purged":[],"score":698,"play_id":"07670d67-15b4-497f-98fe-98e4bc664094","local_time":"20210117105024","is_ascension_mode":true,"campfire_choices":[{"floor":8.0,"key":"REST"},{"data":"MostiFishMod:CullingBlade","floor":23.0,"key":"SMITH"},{"data":"AT_FamilyPortrait","floor":32.0,"key":"SMITH"}],"circlet_count":0,"master_deck":["Bash","AT_FamilyPortrait+1","AT_DrawKnifeCut","Clash","Seeing Red","Armaments+1","AT_IchimonjiDouble","MostiFishMod:DarkDeal","Pommel Strike","MostiFishMod:ChineseTea","Uppercut","Inflame","MostiFishMod:CullingBlade","Infernal Blade","Dual Wield+1","Headbutt","AT_FamilyPortrait","Pummel+1","Heavy Blade","Demonic Infusion","Well Laid Plans","Slice","Endless Agony","Confused","AT_ShrugMaster+1"],"relics":["AT_ATBox","DaveBox","ChiXiaoBlade","AT_LudenTempest","Centennial Puzzle","Replay:Drink Me","SynthV:TestCard","aspiration:HatOfInfinitePower","infinitespire:EmpoweringShard","Chameleon Ring","Pandora\u0027s Box","aspiration:ArtOfWarUpgrade","Replay:Bottled Snecko","King of Hearts","AddBug","aspiration:ArtOfWarUpgrade","AT_ATBox","Dream Catcher","Replay:Baseball"],"acts_visited":["Exordium","TheCity","TheBeyond"],"potions_floor_usage":[],"damage_taken":[{"damage":0.0,"enemies":"2 Louse","floor":1.0,"turns":2.0},{"damage":10.0,"enemies":"Small Slimes","floor":2.0,"turns":2.0},{"damage":0.0,"enemies":"Cultist","floor":4.0,"turns":2.0},{"damage":11.0,"enemies":"Looter","floor":5.0,"turns":2.0},{"damage":2.0,"enemies":"Lagavulin","floor":6.0,"turns":4.0},{"damage":0.0,"enemies":"Exordium Wildlife","floor":7.0,"turns":1.0},{"damage":0.0,"enemies":"Exordium Thugs","floor":10.0,"turns":2.0},{"damage":0.0,"enemies":"3 Sentries","floor":11.0,"turns":3.0},{"damage":0.0,"enemies":"Blue Slaver","floor":12.0,"turns":1.0},{"damage":0.0,"enemies":"Looter","floor":14.0,"turns":2.0},{"damage":5.0,"enemies":"Slime Boss","floor":16.0,"turns":3.0},{"damage":0.0,"enemies":"3 Byrds","floor":18.0,"turns":2.0},{"damage":0.0,"enemies":"2 Thieves","floor":20.0,"turns":1.0},{"damage":0.0,"enemies":"Snecko","floor":21.0,"turns":2.0},{"damage":5.0,"enemies":"Centurion and Healer","floor":22.0,"turns":2.0},{"damage":0.0,"enemies":"Gremlin Leader","floor":25.0,"turns":2.0},{"damage":0.0,"enemies":"Replay:Snechameleon","floor":27.0,"turns":2.0},{"damage":0.0,"enemies":"3 Cultists","floor":28.0,"turns":2.0},{"damage":0.0,"enemies":"Snake Plant","floor":30.0,"turns":2.0},{"damage":18.0,"enemies":"Champ","floor":33.0,"turns":3.0},{"damage":12.0,"enemies":"3 Shapes","floor":35.0,"turns":1.0},{"damage":0.0,"enemies":"3 Darklings","floor":37.0,"turns":2.0},{"damage":11,"enemies":"Nightmare","floor":40,"turns":3},{"damage":12,"enemies":"infinitespire:Three Voidlings","floor":42,"turns":3},{"damage":38,"enemies":"Nightmare_Alpha","floor":42,"turns":2}],"seed_played":"1074167164946974443","potions_obtained":[{"floor":6.0,"key":"Swift Potion"},{"floor":7.0,"key":"Energy Potion"},{"floor":11.0,"key":"Swift Potion"},{"floor":12.0,"key":"AttackPotion"},{"floor":22.0,"key":"CultistPotion"},{"floor":27.0,"key":"PowerPotion"}],"is_trial":false,"path_per_floor":["M","M","?","M","M","E","M","R","T","M","E","M","?","M","R","B",null,"M","?","M","M","M","R","?","E","T","E","M","R","M","R","R","B",null,"M","?","M","?","?","NM","T","?"],"character_chosen":"IRONCLAD","items_purchased":[],"campfire_rested":1,"item_purchase_floors":[],"current_hp_per_floor":[36,26,15,15,4,2,2,20,20,20,20,20,20,20,20,15,60,60,60,60,60,60,60,60,60,60,60,60,60,60,60,60,48,60,48,48,48,48,48,37,37,0,0],"gold":865,"neow_bonus":"","is_daily":false,"chose_seed":false,"campfire_upgraded":2,"win_rate":0.0,"timestamp":1610851824,"path_taken":["M","M","?","M","M","E","M","R","T","M","E","M","?","?","R","BOSS","M","?","M","M","M","R","?","E","T","E","M","R","M","?","R","BOSS","M","?","M","?","?","NM","?","?"],"items_purchased_type":[],"build_version":"2020-12-22","purchased_purges":0,"victory":false,"max_hp_per_floor":[60,60,60,60,60,60,60,60,60,60,60,60,60,60,60,60,60,60,60,60,60,60,60,60,60,60,60,60,60,60,60,60,60,60,60,60,60,60,60,60,60,60,60],"card_choices":[{"not_picked":["Anger","ReplayTheSpireMod:Strike From Hell","Shockwave"],"picked":"SKIP","floor":1.0},{"not_picked":["Flex","Anger","Twin Strike","Sword Boomerang"],"picked":"AT_DrawKnifeCut","floor":2.0},{"not_picked":["Spot Weakness","Evolve","ReplayTheSpireMod:Strike From Hell","Hemokinesis"],"picked":"Clash","floor":4.0},{"not_picked":["Sword Boomerang","Pommel Strike","Clothesline","Rampage"],"picked":"Seeing Red","floor":5.0},{"not_picked":["Berserk","Brutality","AT_BodySlamDance","True Grit"],"picked":"Armaments","floor":6.0},{"not_picked":["Havoc","Reckless Charge","Rupture","Rampage"],"picked":"AT_IchimonjiDouble","floor":7.0},{"not_picked":["Burning Pact","Heavy Blade","Massacre","Hemokinesis","Sentinel"],"picked":"SKIP","floor":10.0},{"not_picked":["Abandon","Carnage","Disarm","AT_IchimonjiDouble","Reckless Charge"],"picked":"SKIP","floor":11.0},{"not_picked":["Replay:Undeath\u0027s Touch","Havoc","Burning Pact","Battle Trance","Anger"],"picked":"SKIP","floor":12.0},{"not_picked":["Clash","Iron Wave","AT_BodySlamDance","Twin Strike"],"picked":"Pommel Strike","floor":14.0},{"not_picked":["Offering","Hemogenesis","Double Tap","Fiend Fire"],"picked":"MostiFishMod:ChineseTea","floor":16.0},{"not_picked":["Headbutt","True Grit","Body Slam","Ghostly Armor"],"picked":"Infernal Blade","floor":18.0},{"not_picked":["Perfected Strike+1","Thunderclap","Metallicize","Second Wind","Twin Strike"],"picked":"SKIP","floor":20.0},{"not_picked":["Fire Breathing","Warcry","Pommel Strike","Thunderclap"],"picked":"Dual Wield+1","floor":21.0},{"not_picked":["Twin Strike+1","MostiFishMod:UltimateDefense","Cleave","Warcry"],"picked":"Headbutt","floor":22.0},{"not_picked":["Feel No Pain","Hemokinesis","Dual Wield","Perfected Strike"],"picked":"Pummel+1","floor":25.0},{"not_picked":["Cleave","Pommel Strike","Berserk","AT_IchimonjiDouble","Flex+1"],"picked":"SKIP","floor":27.0},{"not_picked":["True Grit+1","ReplayTheSpireMod:Corrosion Curse+1","Iron Wave","Wild Strike"],"picked":"Heavy Blade","floor":28.0},{"not_picked":["MostiFishMod:OrdinaryWorld","Brutality","MostiFishMod:ChineseTea","MostiFishMod:CullingBlade"],"picked":"Demonic Infusion","floor":33.0},{"not_picked":["Thunderclap+1","Infernal Blade","Rage","Run Through","ReplayTheSpireMod:Stacked"],"picked":"SKIP","floor":35.0},{"not_picked":["ReplayTheSpireMod:Strike From Hell+1","ReplayTheSpireMod:Limb From Limb","Abandon+1","Cleave"],"picked":"Replay:Undeath\u0027s Touch+1","floor":37},{"not_picked":["Armaments","ReplayReversal+1","Pommel Strike+1","Twin Strike"],"picked":"AT_ShrugMaster+1","floor":40}],"player_experience":54839,"relics_obtained":[{"floor":1.0,"key":"SynthV:TestCard"},{"floor":6.0,"key":"aspiration:HatOfInfinitePower"},{"floor":9.0,"key":"infinitespire:EmpoweringShard"},{"floor":11.0,"key":"Chameleon Ring"},{"floor":25.0,"key":"Art of War"},{"floor":26.0,"key":"Replay:Bottled Snecko"},{"floor":27.0,"key":"King of Hearts"},{"floor":35.0,"key":"aspiration:ArtOfWarUpgrade"},{"floor":40,"key":"AT_ATBox"},{"floor":40,"key":"Dream Catcher"},{"floor":41,"key":"Replay:Baseball"}],"event_choices":[{"damage_healed":0.0,"max_hp_gain":0.0,"max_hp_loss":0.0,"gold_gain":75.0,"event_name":"World of Goop","player_choice":"Gather Gold","floor":3.0,"gold_loss":0.0,"damage_taken":11.0},{"damage_healed":0.0,"max_hp_gain":0.0,"max_hp_loss":0.0,"gold_gain":0.0,"cards_transformed":["Strike_R"],"event_name":"Transmorgrifier","player_choice":"Transformed","floor":13.0,"gold_loss":0.0,"damage_taken":0.0,"cards_obtained":["MostiFishMod:DarkDeal"]},{"cards_removed":["Run Through"],"damage_healed":0.0,"max_hp_gain":0.0,"max_hp_loss":0.0,"gold_gain":0.0,"event_name":"Back to Basics","player_choice":"Elegance","floor":19.0,"gold_loss":0.0,"damage_taken":0.0},{"damage_healed":0.0,"max_hp_gain":0.0,"max_hp_loss":0.0,"gold_gain":0.0,"event_name":"Duplicator","player_choice":"Copied","floor":24.0,"gold_loss":0.0,"damage_taken":0.0,"cards_obtained":["AT_FamilyPortrait"]},{"damage_healed":0.0,"max_hp_gain":0.0,"max_hp_loss":0.0,"gold_gain":0.0,"event_name":"Mysterious Sphere","player_choice":"Ignored","floor":36.0,"gold_loss":0.0,"damage_taken":0.0}],"is_beta":false,"boss_relics":[{"not_picked":["Ooze Armor","Ring of Chaos"],"picked":"Pandora\u0027s Box"},{"not_picked":["Abe\u0027s Treasure","Astrolabe"],"picked":"AddBug"}],"items_purged_floors":[],"is_endless":false,"potions_floor_spawned":[6,7,11,12,14,22,25,27,33,35,37,42],"killed_by":"Nightmare_Alpha","ascension_level":4}}