{"host":"r10yh36zs2k9z1sa","time":1610894443,"event":{"mods":["Astrologer","BaseMod","Colored Map","Hermit","Marisa¡]Ãú«B¡@Å]²z¨F¡^","Minty Spire (QoL Compilation)","Permanent Neow","Remilia¡]Á¢¦Ì²ú?¡^","StSLib","The Animator","The Bug Knight","The Cursed","The Gatherer","The Hierophant","The Necromancer","The Runesmith","The Servant 0.9.4"],"gold_per_floor":[361,361,376,451,41,75,75,102,102,126,148,148,173,186,186,186,186],"floor_reached":16,"language":"ZHS","playtime":878,"items_purged":[],"score":191,"play_id":"a7eed0bb-0751-4911-ae7d-39f189feaed7","local_time":"20210117224043","is_ascension_mode":true,"campfire_choices":[{"floor":7,"key":"REST"},{"floor":12,"key":"DIG"},{"data":"Duplication","floor":15,"key":"SMITH"}],"circlet_count":0,"master_deck":["Strike_S","Strike_S","Strike_S","Strike_S","Defend_S","Defend_S","Defend_S","Defend_S","KidneyShot+1","Exchange","Snipe","Luminosity","InstantArmor","Barrier","Moondial","Duplication+1","ShiftingGears","Luminosity"],"relics":["Uniform","Shovel","FossilizedHelix","Broom","KneeBrace","Juzu Bracelet","Odd Mushroom","Dream Catcher","Gremlin Horn"],"acts_visited":["Exordium"],"potions_floor_usage":[16,16,16],"damage_taken":[{"damage":0,"enemies":"Small Slimes","floor":1,"turns":4},{"damage":0,"enemies":"2 Louse","floor":3,"turns":4},{"damage":9,"enemies":"3 Sentries","floor":6,"turns":16},{"damage":0,"enemies":"Lagavulin","floor":8,"turns":7},{"damage":0,"enemies":"The Mushroom Lair","floor":11,"turns":4},{"damage":0,"enemies":"Gremlin Nob","floor":13,"turns":4},{"damage":0,"enemies":"Jaw Worm","floor":14,"turns":2},{"damage":50,"enemies":"Hexaghost","floor":16,"turns":23}],"seed_played":"4638478350074173968","potions_obtained":[{"floor":3,"key":"Swift Potion"},{"floor":6,"key":"GamblersBrew"},{"floor":13,"key":"GamblersBrew"}],"is_trial":false,"path_per_floor":["M","?","M","?","$","E","R","E","T","T","?","R","E","M","R","B"],"character_chosen":"THE_SERVANT","items_purchased":["InstantArmor","Shovel","Barrier"],"campfire_rested":1,"item_purchase_floors":[5,5,5],"current_hp_per_floor":[47,47,47,36,36,27,46,46,46,46,46,46,46,46,46,0,0],"gold":186,"neow_bonus":"TWO_FIFTY_GOLD","is_daily":false,"chose_seed":false,"campfire_upgraded":1,"win_rate":0.0,"timestamp":1610894443,"path_taken":["M","?","M","?","$","E","R","E","T","?","?","R","E","M","R","BOSS"],"items_purchased_type":["Card","Relic","Card"],"build_version":"2020-12-22","purchased_purges":0,"victory":false,"max_hp_per_floor":[65,65,65,65,65,65,65,65,65,65,65,65,65,65,65,65,65],"card_choices":[{"not_picked":["Replace","Gouge"],"picked":"Snipe","floor":1},{"not_picked":["Foresight","Reset"],"picked":"Luminosity","floor":3},{"not_picked":["Shuttle","Ricochet"],"picked":"Moondial","floor":6},{"not_picked":["Starlight","Luminosity"],"picked":"Duplication","floor":8},{"not_picked":["WasteNot","ShatteredReality"],"picked":"ShiftingGears","floor":11},{"not_picked":["TimeWarp","Starlight","Revamp"],"picked":"SKIP","floor":13},{"not_picked":["TimeTheft","RealityMarble"],"picked":"Luminosity","floor":14}],"player_experience":236468,"relics_obtained":[{"floor":6,"key":"FossilizedHelix"},{"floor":8,"key":"Broom"},{"floor":9,"key":"KneeBrace"},{"floor":10,"key":"Juzu Bracelet"},{"floor":11,"key":"Odd Mushroom"},{"floor":12,"key":"Dream Catcher"},{"floor":13,"key":"Gremlin Horn"}],"event_choices":[{"damage_healed":0,"gold_gain":0,"player_choice":"Grow","damage_taken":0,"max_hp_gain":0,"max_hp_loss":0,"event_name":"Living Wall","floor":2,"gold_loss":0,"cards_upgraded":["KidneyShot"]},{"damage_healed":0,"gold_gain":75,"player_choice":"Gather Gold","damage_taken":11,"max_hp_gain":0,"max_hp_loss":0,"event_name":"World of Goop","floor":4,"gold_loss":0},{"damage_healed":0,"gold_gain":0,"player_choice":"Fought Mushrooms","damage_taken":0,"max_hp_gain":0,"max_hp_loss":0,"event_name":"Mushrooms","floor":11,"gold_loss":0}],"is_beta":false,"boss_relics":[],"items_purged_floors":[],"is_endless":false,"potions_floor_spawned":[3,6,13],"killed_by":"Hexaghost","ascension_level":3}}