{"host":"s5olpoz35hr9wai9","time":1610888075,"event":{"mods":["Act Like it!","BaseMod","Colored Powertips","Friendly Minions","Gensokyo","Kiyohime£®«Âºß£©","Koishi","KomeijiMod","Marisa£®ÏF”Í°°ƒß¿Ì…≥£©","Minty Spire (QoL Compilation)","Quick Restart","Reimu£®≤©¿ˆ¡È√Œ£©","Remilia£®¿Ÿ√◊¿Ú—«£©","Replay The Spire","Shop Mod","StSLib","The Administrix","The Animator","The Servant 0.9.4","Youmu£®ªÍ∆«—˝√Œ£©","Yuyuko"],"gold_per_floor":[11,28,28,47,47,47,66,92,138,413,375,375,375,124,124,224,224,236,206,13,13,26,26,26,26],"floor_reached":24,"language":"ZHS","playtime":946,"items_purged":["Regret","Delirium"],"score":221,"play_id":"f03acc09-d75e-41fd-a8ca-6ac3da696738","local_time":"20210117205435","is_ascension_mode":true,"campfire_choices":[{"data":"BestPractice","floor":6,"key":"SMITH"},{"floor":13,"key":"REST"},{"floor":15,"key":"REST"},{"data":"MurderousAura","floor":23,"key":"SMITH"}],"circlet_count":0,"master_deck":["Strike_S","Strike_S","Strike_S","Strike_S","Defend_S","Defend_S","Defend_S","Defend_S","KidneyShot","Exchange","Rewind","BestPractice+1","Contraction","Duplication","ShatteredReality","Misdirection","Desolation","MurderousAura+1","Alleviate+1","GearUp","PerfectMaid+1","Spin"],"relics":["Uniform","Torii","Replay:Accelerometer","Replay:Wax Seal","Juzu Bracelet","ReplayTheSpireMod:CursedCoin","HandDrill","StoneMask","Nunchaku"],"acts_visited":["Exordium","TheCity"],"potions_floor_usage":[8,8,8],"damage_taken":[{"damage":1,"enemies":"Small Slimes","floor":1,"turns":4},{"damage":0,"enemies":"Cultist","floor":2,"turns":4},{"damage":7,"enemies":"Jaw Worm","floor":4,"turns":4},{"damage":19,"enemies":"Lots of Slimes","floor":7,"turns":6},{"damage":26,"enemies":"Lagavulin","floor":8,"turns":7},{"damage":5,"enemies":"Hexaghost","floor":16,"turns":16},{"damage":16,"enemies":"Shell Parasite","floor":18,"turns":8},{"damage":0,"enemies":"Chosen","floor":22,"turns":5},{"damage":47,"enemies":"Book of Stabbing","floor":24,"turns":5}],"seed_played":"-3948070945927059870","potions_obtained":[{"floor":4,"key":"FearPotion"},{"floor":5,"key":"PowerPotion"},{"floor":5,"key":"MagicPotion:ReiMu"},{"floor":16,"key":"SmokeBomb"},{"floor":19,"key":"ExcitationPotion"},{"floor":19,"key":"RedTea"}],"is_trial":false,"path_per_floor":["M","M","?","M","?","R","M","E","T","?","$","?","R","$","R","B",null,"M","?","$","?","M","R","E"],"character_chosen":"THE_SERVANT","items_purchased":["ReplayTheSpireMod:CursedCoin","Misdirection","Desolation","HandDrill","Nunchaku","GearUp"],"campfire_rested":2,"item_purchase_floors":[11,11,11,14,20,20],"current_hp_per_floor":[64,64,61,54,54,54,35,9,9,9,9,9,28,28,47,42,65,52,52,52,52,55,55,10,10],"gold":26,"neow_bonus":"ONE_RARE_RELIC","is_daily":false,"chose_seed":false,"campfire_upgraded":2,"win_rate":0.0,"timestamp":1610888075,"path_taken":["M","M","?","M","?","R","?","E","T","?","?","?","R","$","R","BOSS","M","?","$","?","M","R","E"],"items_purchased_type":["Relic","Card","Card","Relic","Relic","Card"],"build_version":"2020-12-22","purchased_purges":2,"victory":false,"max_hp_per_floor":[65,65,65,65,65,65,65,65,65,65,65,65,65,65,65,65,65,66,66,66,66,67,67,67,67],"card_choices":[{"not_picked":["Ricochet","RealityMarble"],"picked":"Rewind","floor":1},{"not_picked":["Ricochet","Unruled"],"picked":"BestPractice","floor":2},{"not_picked":["Deadline","Revamp"],"picked":"Contraction","floor":4},{"not_picked":["BottledTime","ReturningBlade"],"picked":"Duplication","floor":7},{"not_picked":["DualDimension","FloweringNight"],"picked":"ShatteredReality","floor":8},{"not_picked":["Sunlight","Initiator"],"picked":"MurderousAura","floor":16},{"not_picked":["SpecialFormula","Spin"],"picked":"Alleviate+1","floor":18},{"not_picked":["Ricochet","Alleviate+1"],"picked":"Spin","floor":22}],"player_experience":237550,"relics_obtained":[{"floor":8,"key":"Replay:Wax Seal"},{"floor":9,"key":"Juzu Bracelet"}],"event_choices":[{"damage_healed":0,"gold_gain":0,"player_choice":"Success","damage_taken":3,"relics_obtained":["Replay:Accelerometer"],"max_hp_gain":0,"max_hp_loss":0,"event_name":"Scrap Ooze","floor":3,"gold_loss":0},{"damage_healed":0,"gold_gain":0,"player_choice":"Got Potions","damage_taken":0,"max_hp_gain":0,"max_hp_loss":0,"event_name":"Lab","floor":5,"gold_loss":0},{"damage_healed":0,"gold_gain":275,"player_choice":"Desecrate","damage_taken":0,"max_hp_gain":0,"max_hp_loss":0,"event_name":"Golden Shrine","floor":10,"gold_loss":0,"cards_obtained":["Regret"]},{"damage_healed":0,"gold_gain":0,"player_choice":"Ignored","damage_taken":0,"max_hp_gain":0,"max_hp_loss":0,"event_name":"Liars Game","floor":12,"gold_loss":0},{"damage_healed":0,"gold_gain":0,"player_choice":"Bought 2 Potions","damage_taken":0,"max_hp_gain":0,"max_hp_loss":0,"event_name":"The Woman in Blue","floor":19,"gold_loss":0}],"is_beta":false,"boss_relics":[{"not_picked":["Snecko Eye","Ring of Chaos"],"picked":"StoneMask"}],"items_purged_floors":[11,14],"is_endless":false,"potions_floor_spawned":[4,7,16,22],"killed_by":"Book of Stabbing","ascension_level":3}}