{"host":"jyuuog6ydc2s7nd8","time":1610894407,"event":{"mods":["BaseMod","Better Vampires","Minty Spire (QoL Compilation)","Shop Mod","StSLib","The Hierophant","The Servant 0.9.4","TheBandit","[IsaacMod]ÒÔÈö¼âËþ"],"gold_per_floor":[111,121,121,131,56,84,84,84,84,115,73,73,108,122,122,218,218,233,133,174,49,62,62,76,76,76,76,76,99,99,113,113,204,204,217,217,67,128,141,141,156,156,236,272,272,272,272],"floor_reached":46,"language":"ZHS","playtime":1377,"items_purged":["Strike_G","Strike_G","Strike_G","Defend_G","BloodyBrimstone+1"],"score":1078,"play_id":"cd68bb0f-8594-44f6-817d-5d3393fd0fd4","local_time":"20210117224007","is_ascension_mode":true,"campfire_choices":[{"data":"BloodyBrimstone","floor":7.0,"key":"SMITH"},{"data":"Blade Dance","floor":12.0,"key":"SMITH"},{"data":"Neutralize","floor":15.0,"key":"SMITH"},{"data":"Cloak And Dagger","floor":23.0,"key":"SMITH"},{"data":"Accuracy","floor":25.0,"key":"SMITH"},{"data":"Acrobatics","floor":27.0,"key":"SMITH"},{"data":"Concentrate","floor":32.0,"key":"SMITH"},{"data":"Finisher","floor":40.0,"key":"SMITH"},{"data":"After Image","floor":42.0,"key":"SMITH"},{"floor":45,"key":"DIG"}],"circlet_count":0,"master_deck":["AscendersBane","Defend_G","Defend_G","Defend_G","Defend_G","Survivor","Neutralize+1","Cloak And Dagger+1","Blade Dance+1","Accuracy+1","Blur","Backflip","Acrobatics+1","Concentrate+1","Finisher+1","After Image+1","Terror+1"],"relics":["Ring of the Serpent","HushsDoor","Torii","GuppysPaw","BelialBook","Golden Idol","Incense Burner","Shovel","Mummified Hand","Empty Cage","Red Mask","SatanicBible","PokeGo","Bottled Tornado","MoneyPower","Strawberry"],"acts_visited":["Exordium","TheCity","TheBeyond"],"potions_floor_usage":[44],"damage_taken":[{"damage":1.0,"enemies":"2 Louse","floor":1.0,"turns":5.0},{"damage":2.0,"enemies":"Cultist","floor":2.0,"turns":6.0},{"damage":0.0,"enemies":"Jaw Worm","floor":4.0,"turns":3.0},{"damage":21.0,"enemies":"Lagavulin","floor":6.0,"turns":6.0},{"damage":0.0,"enemies":"3 Sentries","floor":10.0,"turns":2.0},{"damage":1.0,"enemies":"Gremlin Nob","floor":13.0,"turns":3.0},{"damage":1.0,"enemies":"3 Louse","floor":14.0,"turns":6.0},{"damage":2.0,"enemies":"The Guardian","floor":16.0,"turns":7.0},{"damage":3.0,"enemies":"Shell Parasite","floor":18.0,"turns":5.0},{"damage":7.0,"enemies":"Masked Bandits","floor":20.0,"turns":3.0},{"damage":1.0,"enemies":"Chosen","floor":22.0,"turns":5.0},{"damage":0.0,"enemies":"Centurion and Healer","floor":24.0,"turns":6.0},{"damage":0.0,"enemies":"Sentry and Sphere","floor":29.0,"turns":3.0},{"damage":1.0,"enemies":"Cultist and Chosen","floor":31.0,"turns":4.0},{"damage":1.0,"enemies":"Automaton","floor":33.0,"turns":6.0},{"damage":0.0,"enemies":"Orb Walker","floor":35.0,"turns":3.0},{"damage":9.0,"enemies":"2 Orb Walkers","floor":38.0,"turns":9.0},{"damage":0.0,"enemies":"3 Darklings","floor":39.0,"turns":3.0},{"damage":0.0,"enemies":"Transient","floor":41.0,"turns":6.0},{"damage":0,"enemies":"Reptomancer","floor":44,"turns":2},{"damage":16,"enemies":"Nemesis","floor":46,"turns":4}],"seed_played":"-2845419456037296423","potions_obtained":[{"floor":2.0,"key":"DistilledChaos"},{"floor":4.0,"key":"EssenceOfSteel"},{"floor":13.0,"key":"CultistPotion"},{"floor":22.0,"key":"Fruit Juice"},{"floor":24.0,"key":"AttackPotion"},{"floor":29.0,"key":"Weak Potion"},{"floor":33.0,"key":"FearPotion"},{"floor":39.0,"key":"Swift Potion"}],"is_trial":false,"path_per_floor":["M","M","?","M","$","E","R","?","T","E","$","R","E","M","R","B",null,"M","$","?","$","M","R","M","R","T","R","?","M","$","M","R","B",null,"M","?","$","?","M","R","M","R","T","E","R","E"],"character_chosen":"THE_SILENT","items_purchased":["Accuracy","SatanicBible"],"campfire_rested":0,"item_purchase_floors":[11,34],"current_hp_per_floor":[43,41,26,26,26,5,5,5,5,5,5,5,4,3,3,1,36,33,33,26,26,30,30,30,30,30,30,30,30,30,29,29,28,20,17,17,17,8,8,8,8,8,8,8,15,0,0],"gold":272,"neow_bonus":"ONE_RARE_RELIC","is_daily":false,"chose_seed":false,"campfire_upgraded":9,"win_rate":0.0,"timestamp":1610894407,"path_taken":["M","M","?","M","$","E","R","?","T","E","$","R","E","M","R","BOSS","M","$","?","$","?","R","M","R","T","R","?","M","$","M","R","BOSS","M","?","$","?","M","R","M","R","T","E","R","E"],"items_purchased_type":["Card","Relic"],"build_version":"2020-12-22","purchased_purges":5,"victory":false,"max_hp_per_floor":[66,66,66,66,66,63,63,57,57,54,54,54,51,51,51,48,48,45,45,42,42,44,44,44,44,44,44,44,41,41,38,38,35,20,17,17,17,11,8,8,8,8,8,8,15,15,15],"card_choices":[{"not_picked":[],"picked":"BloodyBrimstone","floor":0.0},{"not_picked":["Infinite Blades","Flying Knee"],"picked":"Cloak And Dagger","floor":1.0},{"not_picked":["Bouncing Flask","Concentrate"],"picked":"Bomb","floor":2.0},{"not_picked":["Flying Knee","Flechettes"],"picked":"Blade Dance","floor":4.0},{"not_picked":["Glass Knife","Deflect","Blade Dance"],"picked":"SKIP","floor":6.0},{"not_picked":["Distraction","Dash","Masterful Stab"],"picked":"SKIP","floor":10.0},{"not_picked":["Sucker Punch","Accuracy"],"picked":"Blur","floor":13.0},{"not_picked":["Deadly Poison","Blur"],"picked":"Backflip","floor":14.0},{"not_picked":["Slice","Poisoned Stab","Endless Agony"],"picked":"SKIP","floor":18.0},{"not_picked":["Deflect","Blade Dance"],"picked":"Acrobatics","floor":20.0},{"not_picked":["Quick Slash","Dagger Spray"],"picked":"Concentrate","floor":22.0},{"not_picked":["Predator","Outmaneuver","Riddle With Holes"],"picked":"SKIP","floor":24.0},{"not_picked":["Concentrate","Dagger Spray","Deflect"],"picked":"SKIP","floor":29.0},{"not_picked":["Doppelganger","Blur","Deadly Poison"],"picked":"SKIP","floor":31.0},{"not_picked":["Venomology","Grand Finale"],"picked":"After Image","floor":33.0},{"not_picked":["Slice","Dodge and Roll+1","Bouncing Flask"],"picked":"SKIP","floor":35.0},{"not_picked":["Footwork","Setup","Dagger Spray+1"],"picked":"SKIP","floor":39.0},{"not_picked":["Quick Slash","Bane"],"picked":"Terror+1","floor":41.0},{"not_picked":["Predator","Outmaneuver","Dash"],"picked":"SKIP","floor":44}],"player_experience":1835124,"relics_obtained":[{"floor":9.0,"key":"Incense Burner"},{"floor":10.0,"key":"Shovel"},{"floor":13.0,"key":"Mummified Hand"},{"floor":20.0,"key":"Red Mask"},{"floor":38.0,"key":"PokeGo"},{"floor":43.0,"key":"Bottled Tornado"},{"floor":44,"key":"MoneyPower"},{"floor":45,"key":"Strawberry"}],"event_choices":[{"damage_healed":0.0,"max_hp_gain":0.0,"max_hp_loss":6.0,"gold_gain":0.0,"event_name":"Golden Idol","player_choice":"Lose Max HP","floor":8.0,"gold_loss":0.0,"damage_taken":0.0,"relics_obtained":["Golden Idol"]},{"damage_healed":0.0,"max_hp_gain":0.0,"max_hp_loss":0.0,"gold_gain":0.0,"event_name":"Masked Bandits","player_choice":"Fought Bandits","floor":20.0,"gold_loss":0.0,"damage_taken":0.0},{"damage_healed":0.0,"max_hp_gain":0.0,"max_hp_loss":0.0,"gold_gain":0.0,"event_name":"The Library","player_choice":"Read","floor":28.0,"gold_loss":0.0,"damage_taken":0.0,"cards_obtained":["Finisher"]},{"damage_healed":0.0,"max_hp_gain":0.0,"max_hp_loss":0.0,"gold_gain":0.0,"event_name":"SensoryStone","player_choice":"Memory 1","floor":36.0,"gold_loss":0.0,"damage_taken":0.0},{"damage_healed":0.0,"max_hp_gain":0.0,"max_hp_loss":0.0,"gold_gain":0.0,"event_name":"Mysterious Sphere","player_choice":"Fight","floor":38.0,"gold_loss":0.0,"damage_taken":0.0}],"is_beta":false,"boss_relics":[{"not_picked":["Philosopher\u0027s Stone","SacredBark"],"picked":"Empty Cage"},{"not_picked":[]},{"not_picked":["HoveringKite","Tiny House"],"picked":"Ring of the Serpent"},{"not_picked":[]}],"items_purged_floors":[5,19,21,34,37],"is_endless":false,"potions_floor_spawned":[2,4,13,22,24,29,33,39,41],"killed_by":"Nemesis","ascension_level":20}}