{"host":"kw4o7b3ro2ktmmbe","time":1610870241,"event":{"mods":["100% Spire Juice","BaseMod","Evolution","Minty Spire (QoL Compilation)","StSLib"],"gold_per_floor":[118,118,118,118,137,137,34,34,58,58,58,58,74,74,74,177,177,187,112,162,17,17,45,45,62,85,85,114,114,128,138,138,233,113,132,0,15,34,34,62,62,96,96,96,116,141,141,141,21,21],"floor_reached":51,"language":"ENG","playtime":3779,"items_purged":["Pain"],"score":911,"play_id":"01bbb166-bb31-4c1f-b253-4e229d8c2086","local_time":"20210117205721","is_ascension_mode":true,"campfire_choices":[{"data":"Moonworks:RedAndBlue","floor":6.0,"key":"SMITH"},{"data":"Moonworks:LongDistanceShot","floor":8.0,"key":"SMITH"},{"data":"Moonworks:Defend","floor":10.0,"key":"SMITH"},{"data":"Moonworks:CloudOfSeagulls","floor":15.0,"key":"SMITH"},{"data":"Moonworks:Encore","floor":27.0,"key":"SMITH"},{"data":"Moonworks:ShieldCounter","floor":29.0,"key":"SMITH"},{"floor":32.0,"key":"REST"},{"floor":41.0,"key":"REST"},{"floor":47.0,"key":"REST"},{"data":"Moonworks:FullSpeedAlicianrone","floor":49.0,"key":"SMITH"}],"circlet_count":0,"master_deck":["Moonworks:Strike","Moonworks:Strike","Moonworks:Strike","Moonworks:Strike+1","Moonworks:Defend+1","Moonworks:Defend","Moonworks:Defend","Moonworks:Defend","Moonworks:Ambush+1","Moonworks:LongDistanceShot+1","Moonworks:RedAndBlue+1","Moonworks:GoAway","Moonworks:CloudOfSeagulls+1","Moonworks:Encore+1","Moonworks:IndiscriminateFireSupport+1","Moonworks:SinkOrSwim","Moonworks:ShieldCounter+1","Moonworks:JonathanRush","Moonworks:Gamble","Moonworks:JonathanRush+1","Moonworks:FullSpeedAlicianrone+1","Moonworks:EvilSpyWorkPreparation+1","Moonworks:Bloodlust+1","Moonworks:ShieldCounter","Moonworks:EvilSpyWorkPreparation+1","Moonworks:ShieldCounter","Writhe"],"relics":["Moonworks:BrokenBomb","Moonworks:Homemark","EVO:Axolotl","Nunchaku","WarpedTongs","Sozu","Ancient Tea Set","MutagenicStrength","Juzu Bracelet","Regal Pillow","Centennial Puzzle","Philosopher\u0027s Stone","Red Mask","StoneCalendar","Du-Vu Doll","Smiling Mask","Prayer Wheel","Unceasing Top"],"acts_visited":["Exordium","TheCity","TheBeyond"],"potions_floor_usage":[],"damage_taken":[{"damage":7.0,"enemies":"Jaw Worm","floor":1.0,"turns":4.0},{"damage":0.0,"enemies":"Small Slimes","floor":5.0,"turns":3.0},{"damage":0.0,"enemies":"2 Louse","floor":7.0,"turns":2.0},{"damage":6.0,"enemies":"Exordium Thugs","floor":13.0,"turns":4.0},{"damage":40.0,"enemies":"The Guardian","floor":16.0,"turns":8.0},{"damage":3.0,"enemies":"Spheric Guardian","floor":18.0,"turns":4.0},{"damage":0.0,"enemies":"Gremlin Leader","floor":23.0,"turns":5.0},{"damage":3.0,"enemies":"Chosen","floor":25.0,"turns":5.0},{"damage":20.0,"enemies":"Book of Stabbing","floor":28.0,"turns":6.0},{"damage":0.0,"enemies":"3 Cultists","floor":30.0,"turns":3.0},{"damage":17.0,"enemies":"Centurion and Healer","floor":31.0,"turns":3.0},{"damage":38.0,"enemies":"Automaton","floor":33.0,"turns":7.0},{"damage":14.0,"enemies":"3 Darklings","floor":35.0,"turns":3.0},{"damage":0.0,"enemies":"3 Shapes","floor":37.0,"turns":2.0},{"damage":0.0,"enemies":"Transient","floor":38.0,"turns":5.0},{"damage":23.0,"enemies":"Nemesis","floor":40.0,"turns":5.0},{"damage":21.0,"enemies":"Reptomancer","floor":42.0,"turns":4.0},{"damage":25.0,"enemies":"Sphere and 2 Shapes","floor":45.0,"turns":3.0},{"damage":72.0,"enemies":"Nemesis","floor":46.0,"turns":7.0},{"damage":38,"enemies":"Awakened One","floor":50,"turns":9}],"seed_played":"1437552685392942220","potions_obtained":[{"floor":1.0,"key":"Weak Potion"},{"floor":4.0,"key":"SteroidPotion"},{"floor":4.0,"key":"AttackPotion"},{"floor":5.0,"key":"FairyPotion"}],"is_trial":false,"path_per_floor":["M","?","?","?","M","R","M","R","T","R","?","$","M","$","R","B",null,"M","$","?","$","?","E","$","M","T","R","E","R","M","M","R","B",null,"M","?","M","M","T","E","R","E","T","?","M","E","R","?","R","B",null],"character_chosen":"THE_STARBREAKER","items_purchased":["Ancient Tea Set"],"campfire_rested":3,"item_purchase_floors":[21],"current_hp_per_floor":[59,64,50,50,50,50,50,50,50,50,50,50,44,44,44,4,71,68,68,68,68,68,68,68,65,65,65,45,45,45,28,64,26,71,57,57,57,57,57,34,70,51,51,51,44,21,57,71,71,53],"gold":21,"neow_bonus":"TEN_PERCENT_HP_BONUS","is_daily":false,"chose_seed":false,"campfire_upgraded":7,"win_rate":0.0,"timestamp":1610870241,"path_taken":["M","?","?","?","M","R","?","R","T","R","?","$","M","?","R","BOSS","M","$","?","?","?","E","$","M","T","R","E","R","M","M","R","BOSS","M","?","M","M","?","E","R","E","T","?","M","E","R","?","R","BOSS"],"items_purchased_type":["Relic"],"build_version":"2020-12-22","purchased_purges":1,"victory":true,"max_hp_per_floor":[66,71,71,71,71,71,71,71,71,71,71,71,71,71,71,71,71,71,71,71,71,71,71,71,71,71,71,71,71,71,71,71,71,71,71,71,71,71,71,71,71,71,71,71,71,71,71,71,71,71],"card_choices":[{"not_picked":["Moonworks:AwakeningOfTalent","Moonworks:BackdoorTrade"],"picked":"Moonworks:RedAndBlue","floor":1.0},{"not_picked":["Moonworks:IndiscriminateFireSupport","Moonworks:LulusLuckyEgg","Moonworks:UnpaidWork"],"picked":"SKIP","floor":5.0},{"not_picked":["Moonworks:CloudOfSeagulls","Moonworks:NicePresent"],"picked":"Moonworks:GoAway","floor":7.0},{"not_picked":["Moonworks:BigMagnum","Moonworks:Assault"],"picked":"Moonworks:CloudOfSeagulls","floor":13.0},{"not_picked":["Moonworks:Wanted","Moonworks:ReflectiveShell"],"picked":"Moonworks:Encore","floor":16.0},{"not_picked":["Moonworks:NicePresent","Moonworks:MixPhenomenon"],"picked":"Moonworks:IndiscriminateFireSupport+1","floor":18.0},{"not_picked":["Moonworks:UnluckyCharm","Moonworks:FinalSurgery"],"picked":"Moonworks:SinkOrSwim","floor":23.0},{"not_picked":["Moonworks:Assault+1","Moonworks:MixPhenomenon","Moonworks:CompletionReward+1"],"picked":"SKIP","floor":25.0},{"not_picked":["Moonworks:JonathanRush+1","Moonworks:MeltingMemories"],"picked":"Moonworks:ShieldCounter","floor":28.0},{"not_picked":["Moonworks:ImOnFire","Moonworks:CloudOfSeagulls","Moonworks:EvilSpyWorkPreparation"],"picked":"SKIP","floor":30.0},{"not_picked":["Moonworks:BigMagnum","Moonworks:IndiscriminateFireSupport"],"picked":"Moonworks:JonathanRush","floor":31.0},{"not_picked":["Moonworks:SinkOrSwim","Moonworks:EvilMastermind"],"picked":"Moonworks:Gamble","floor":33.0},{"not_picked":["Moonworks:DeployBits","Moonworks:BigMagnum"],"picked":"Moonworks:JonathanRush+1","floor":35.0},{"not_picked":["Moonworks:CloudOfSeagulls","Moonworks:DeployBits"],"picked":"Moonworks:FullSpeedAlicianrone","floor":37.0},{"not_picked":["Moonworks:NicePresent","Moonworks:LulusLuckyEgg"],"picked":"Moonworks:EvilSpyWorkPreparation+1","floor":38.0},{"not_picked":["Moonworks:ExtendedPhotonRifle+1","Moonworks:BigMagnum+1"],"picked":"Moonworks:Bloodlust+1","floor":40.0},{"not_picked":["Moonworks:LulusLuckyEgg","Moonworks:NicePresent"],"picked":"Moonworks:ShieldCounter","floor":42.0},{"not_picked":["Moonworks:SakisCookie","Moonworks:BeyondHell"],"picked":"Moonworks:EvilSpyWorkPreparation+1","floor":45.0},{"not_picked":["Moonworks:LulusLuckyEgg","Moonworks:Bloodlust","Moonworks:ImOnFire"],"picked":"SKIP","floor":45.0},{"not_picked":["Moonworks:Dinner","Moonworks:TacticalRetreat"],"picked":"Moonworks:ShieldCounter","floor":46.0}],"player_experience":1839771,"relics_obtained":[{"floor":9.0,"key":"Nunchaku"},{"floor":23.0,"key":"Juzu Bracelet"},{"floor":26.0,"key":"Regal Pillow"},{"floor":28.0,"key":"Centennial Puzzle"},{"floor":39.0,"key":"StoneCalendar"},{"floor":40.0,"key":"Du-Vu Doll"},{"floor":42.0,"key":"Smiling Mask"},{"floor":43.0,"key":"Prayer Wheel"},{"floor":46.0,"key":"Unceasing Top"}],"event_choices":[{"damage_healed":0.0,"max_hp_gain":5.0,"max_hp_loss":0.0,"gold_gain":0.0,"event_name":"Big Fish","player_choice":"Donut","floor":2.0,"gold_loss":0.0,"damage_taken":0.0},{"damage_healed":0.0,"max_hp_gain":0.0,"max_hp_loss":0.0,"gold_gain":0.0,"event_name":"Shining Light","player_choice":"Entered Light","floor":3.0,"gold_loss":0.0,"damage_taken":14.0,"cards_upgraded":["Moonworks:Ambush","Moonworks:Strike"]},{"damage_healed":0.0,"max_hp_gain":0.0,"max_hp_loss":0.0,"gold_gain":0.0,"event_name":"Lab","player_choice":"Got Potions","floor":4.0,"gold_loss":0.0,"damage_taken":0.0},{"damage_healed":0.0,"max_hp_gain":0.0,"max_hp_loss":0.0,"gold_gain":0.0,"event_name":"Accursed Blacksmith","player_choice":"Rummage","floor":11.0,"gold_loss":0.0,"damage_taken":0.0,"relics_obtained":["WarpedTongs"],"cards_obtained":["Pain"]},{"damage_healed":0.0,"max_hp_gain":0.0,"max_hp_loss":0.0,"gold_gain":100.0,"event_name":"The Joust","player_choice":"Bet on Murderer","floor":20.0,"gold_loss":50.0,"damage_taken":0.0},{"damage_healed":0.0,"max_hp_gain":0.0,"max_hp_loss":0.0,"gold_gain":0.0,"event_name":"Drug Dealer","player_choice":"Inject Mutagens","floor":22.0,"gold_loss":0.0,"damage_taken":0.0,"relics_obtained":["MutagenicStrength"]},{"damage_healed":0.0,"max_hp_gain":0.0,"max_hp_loss":0.0,"gold_gain":0.0,"event_name":"Tomb of Lord Red Mask","player_choice":"Paid","floor":36.0,"gold_loss":12.0,"damage_taken":0.0,"relics_obtained":["Red Mask"]},{"damage_healed":0.0,"max_hp_gain":0.0,"max_hp_loss":0.0,"gold_gain":0.0,"event_name":"The Woman in Blue","player_choice":"Bought 0 Potions","floor":44.0,"gold_loss":0.0,"damage_taken":0.0},{"damage_healed":18.0,"max_hp_gain":0.0,"max_hp_loss":0.0,"gold_gain":0.0,"event_name":"Winding Halls","player_choice":"Writhe","floor":48.0,"gold_loss":0.0,"damage_taken":0.0,"cards_obtained":["Writhe"]}],"is_beta":false,"boss_relics":[{"not_picked":["SlaversCollar","Black Star"],"picked":"Sozu"},{"not_picked":["Tiny House","Empty Cage"],"picked":"Philosopher\u0027s Stone"}],"items_purged_floors":[19],"is_endless":false,"potions_floor_spawned":[1,5,13,23,28,31,33,37,40,45],"ascension_level":4}}