{"host":"5icjlaq41ghjcr7h","time":1610866147,"event":{"mods":["AchievementEnabler","BaseMod","Colored Map","Minty Spire (QoL Compilation)","SuperFastMode","everything is the same but u backflip on backflip"],"gold_per_floor":[117,135,60,60,40,65,77,152,152,73,102,102,102,121,121,218,218,228,228,228,238,238,268,286,286,286],"floor_reached":25,"language":"KOR","playtime":824,"items_purged":[],"score":317,"play_id":"aa11b346-84b7-4ed3-b84b-5e0f017ab192","local_time":"20210117154907","is_ascension_mode":true,"campfire_choices":[{"floor":12,"key":"RECALL"},{"data":"Sunder","floor":15,"key":"SMITH"}],"circlet_count":0,"master_deck":["Strike_B","Strike_B","Strike_B","Strike_B","Defend_B","Defend_B","Defend_B","Defend_B","Zap","Dualcast","Cold Snap","Conserve Battery","Defragment+1","Turbo","Self Repair","Sunder+1","Electrodynamics","Coolheaded+1","Ghostly","Ghostly","Ghostly","Ghostly","Ghostly","Skim","Meteor Strike"],"relics":["FrozenCore","NeowsBlessing","HornCleat","Strawberry","Nilry\u0027s Codex","FaceOfCleric","Juzu Bracelet"],"acts_visited":["Exordium","TheCity"],"potions_floor_usage":[11,11],"damage_taken":[{"damage":0,"enemies":"Jaw Worm","floor":1,"turns":1},{"damage":0,"enemies":"Small Slimes","floor":2,"turns":1},{"damage":0,"enemies":"3 Sentries","floor":6,"turns":1},{"damage":0,"enemies":"Cultist","floor":7,"turns":3},{"damage":11,"enemies":"Lagavulin","floor":11,"turns":6},{"damage":3,"enemies":"3 Louse","floor":14,"turns":3},{"damage":25,"enemies":"The Guardian","floor":16,"turns":15},{"damage":8,"enemies":"Shell Parasite","floor":18,"turns":15},{"damage":23,"enemies":"Spheric Guardian","floor":21,"turns":6},{"damage":17,"enemies":"Slavers","floor":23,"turns":5},{"damage":1,"enemies":"Snake Plant","floor":24,"turns":6},{"damage":36,"enemies":"Gremlin Leader","floor":25,"turns":7}],"seed_played":"1316615845045430831","potions_obtained":[{"floor":5,"key":"DistilledChaos"},{"floor":6,"key":"Weak Potion"},{"floor":24,"key":"SpeedPotion"}],"is_trial":false,"path_per_floor":["M","M","$","?","?","E","M","?","T","$","E","R","?","M","R","B",null,"M","?","?","M","?","E","M","E"],"character_chosen":"DEFECT","items_purchased":["Defragment","Sunder"],"campfire_rested":0,"item_purchase_floors":[3,10],"current_hp_per_floor":[75,75,75,75,75,75,75,64,64,64,67,67,72,76,76,58,87,86,70,70,55,44,28,35,0,0],"gold":286,"neow_bonus":"THREE_ENEMY_KILL","is_daily":false,"chose_seed":false,"campfire_upgraded":1,"win_rate":0.0,"timestamp":1610866147,"path_taken":["M","M","$","?","?","E","?","?","T","$","E","R","?","M","R","BOSS","M","?","?","?","?","E","M","E"],"items_purchased_type":["Card","Card"],"build_version":"2020-12-22","purchased_purges":0,"victory":false,"max_hp_per_floor":[75,75,75,75,75,75,75,75,75,75,82,82,87,87,87,87,87,87,87,87,88,44,45,46,46,46],"card_choices":[{"not_picked":["Darkness","Hologram"],"picked":"Cold Snap","floor":1},{"not_picked":["Coolheaded","Gash"],"picked":"Conserve Battery","floor":2},{"not_picked":["Beam Cell","Sweeping Beam"],"picked":"Turbo","floor":6},{"not_picked":["Scrape","Doom and Gloom"],"picked":"Self Repair","floor":7},{"not_picked":["Stack","FTL","Lockon"],"picked":"SKIP","floor":11},{"not_picked":["Redo","Rip and Tear","Aggregate"],"picked":"SKIP","floor":14},{"not_picked":["Amplify","Meteor Strike"],"picked":"Electrodynamics","floor":16},{"not_picked":["Sweeping Beam","Compile Driver","Streamline"],"picked":"SKIP","floor":18},{"not_picked":["Beam Cell","Cold Snap"],"picked":"Coolheaded+1","floor":21},{"not_picked":["Redo+1","Sweeping Beam"],"picked":"Skim","floor":23},{"not_picked":["Sweeping Beam","Fusion"],"picked":"Meteor Strike","floor":24}],"player_experience":140686,"relics_obtained":[{"floor":6,"key":"HornCleat"},{"floor":11,"key":"Strawberry"},{"floor":19,"key":"Nilry\u0027s Codex"},{"floor":23,"key":"Juzu Bracelet"}],"event_choices":[{"damage_healed":0,"gold_gain":0,"player_choice":"Grow","damage_taken":0,"max_hp_gain":0,"max_hp_loss":0,"event_name":"Living Wall","floor":4,"gold_loss":0,"cards_upgraded":["Defragment"]},{"damage_healed":0,"gold_gain":0,"player_choice":"Bought 1 Potion","damage_taken":0,"max_hp_gain":0,"max_hp_loss":0,"event_name":"The Woman in Blue","floor":5,"gold_loss":0},{"damage_healed":0,"gold_gain":75,"player_choice":"Gather Gold","damage_taken":11,"max_hp_gain":0,"max_hp_loss":0,"event_name":"World of Goop","floor":8,"gold_loss":0},{"damage_healed":0,"gold_gain":0,"player_choice":"Donut","damage_taken":0,"max_hp_gain":5,"max_hp_loss":0,"event_name":"Big Fish","floor":13,"gold_loss":0},{"damage_healed":0,"gold_gain":0,"player_choice":"Obtained Book","damage_taken":16,"max_hp_gain":0,"max_hp_loss":0,"event_name":"Cursed Tome","floor":19,"gold_loss":0},{"damage_healed":0,"gold_gain":0,"player_choice":"Trade","damage_taken":0,"relics_obtained":["FaceOfCleric"],"max_hp_gain":0,"max_hp_loss":0,"event_name":"FaceTrader","floor":20,"gold_loss":0},{"damage_healed":0,"gold_gain":0,"player_choice":"Became a Ghost","damage_taken":0,"max_hp_gain":0,"max_hp_loss":44,"event_name":"Ghosts","floor":22,"gold_loss":0,"cards_obtained":["Ghostly","Ghostly","Ghostly","Ghostly","Ghostly"]}],"is_beta":false,"boss_relics":[{"not_picked":["Velvet Choker","Busted Crown"],"picked":"FrozenCore"}],"items_purged_floors":[],"is_endless":false,"potions_floor_spawned":[6,24],"killed_by":"Gremlin Leader","ascension_level":3}}