{"host":"c5slkkw8hp42e20v","time":1610861807,"event":{"mods":["AchievementEnabler","BaseMod","Better Note","BetterRewards","Colored Powertips","DeckTracker","Friendly Minions","GifTheSpireLib","Hermit","Highlight Path","Minty Spire (QoL Compilation)","Quick Restart","Rare Cards Sparkle","Replay The Spire","Spicy Shops","StSLib","The Animator","The Hierophant","The Poker Player","????"],"gold_per_floor":[115,290,104,121,139,166,166,195,218,37,65,65,65,65,65,170,170,186,59,78,91,103,103,103],"floor_reached":23,"language":"ENG","playtime":1129,"items_purged":[],"score":234,"play_id":"b022ffd7-ba22-4cdb-851a-a63c0503f2b1","local_time":"20210116233647","is_ascension_mode":false,"campfire_choices":[{"floor":13,"key":"REST"},{"floor":15,"key":"REST"}],"circlet_count":0,"master_deck":["Strike_G","Strike_G","Strike_G+2","Strike_G","Strike_G","Defend_G+1","Defend_G","Defend_G","Defend_G","Survivor","Neutralize","Atom Bomb","Crippling Poison","Doubt","Noxious Fumes","Footwork","Heel Hook","Distraction","Toxin Wave","Dagger Throw","Poisoned Stab","Envenom","Finisher","ReplayTheSpireMod:Scrap Shanks","Poisoned Stab+1","ReplayTheSpireMod:Scrap Shanks","Hidden Blade+1"],"relics":["Ring of the Snake","TwistedFunnel","Simple Rune","Anchor","HornCleat","Happy Flower","Sling","Torii","Pondfish Scales","Runic Pyramid"],"acts_visited":["Exordium","TheCity"],"potions_floor_usage":[],"damage_taken":[{"damage":6,"enemies":"2 Louse","floor":1,"turns":3},{"damage":3,"enemies":"Jaw Worm","floor":4,"turns":4},{"damage":0,"enemies":"Cultist","floor":5,"turns":4},{"damage":27,"enemies":"Gremlin Nob","floor":6,"turns":5},{"damage":14,"enemies":"Lagavulin","floor":8,"turns":6},{"damage":0,"enemies":"Gremlin Nob","floor":11,"turns":3},{"damage":39,"enemies":"Slime Boss","floor":16,"turns":10},{"damage":10,"enemies":"2 Thieves","floor":18,"turns":4},{"damage":6,"enemies":"Spheric Guardian","floor":20,"turns":4},{"damage":26,"enemies":"3 Cultists","floor":21,"turns":4},{"damage":16,"enemies":"Snecko","floor":22,"turns":5},{"damage":12,"enemies":"Book of Stabbing","floor":23,"turns":4}],"seed_played":"342681036817522125","potions_obtained":[{"floor":4,"key":"SkillPotion"},{"floor":5,"key":"Fire Potion"},{"floor":11,"key":"BlessingOfTheForge"}],"is_trial":false,"path_per_floor":["M","?","$","M","M","E","?","E","T","$","E","?","R","T","R","B",null,"M","$","M","M","M","E"],"character_chosen":"THE_SILENT","items_purchased":["TwistedFunnel","Noxious Fumes","Sling","Dagger Throw","ReplayTheSpireMod:Scrap Shanks"],"campfire_rested":2,"item_purchase_floors":[3,3,10,10,19],"current_hp_per_floor":[64,64,64,61,61,34,27,13,13,13,13,13,34,34,55,16,70,60,60,54,28,12,0,0],"gold":103,"neow_bonus":"TRANSFORM_CARD","is_daily":false,"chose_seed":false,"campfire_upgraded":0,"win_rate":0.0,"timestamp":1610861807,"path_taken":["M","?","?","M","?","E","?","E","T","$","E","?","R","?","R","BOSS","M","?","M","M","M","E"],"items_purchased_type":["Relic","Card","Relic","Card","Card"],"build_version":"2020-12-22","purchased_purges":0,"victory":false,"max_hp_per_floor":[70,70,70,70,70,70,70,70,70,70,70,70,70,70,70,70,70,70,70,70,70,70,70,70],"card_choices":[{"not_picked":["Sucker Punch","Blade Dance"],"picked":"Crippling Poison","floor":1},{"not_picked":["Backflip","Acrobatics"],"picked":"Footwork","floor":4},{"not_picked":["Escape Plan","Choke"],"picked":"Heel Hook","floor":5},{"not_picked":["Quick Slash","ReplayTheSpireMod:Tripwire"],"picked":"Distraction","floor":6},{"not_picked":["ReplayTheSpireMod:Speed Training","Masterful Stab"],"picked":"Toxin Wave","floor":8},{"not_picked":["Bane","ReplayTheSpireMod:From All Sides"],"picked":"Poisoned Stab","floor":11},{"not_picked":["Night Terror","ReplayTheSpireMod:From All Sides"],"picked":"Envenom","floor":16},{"not_picked":["Acrobatics","Sucker Punch"],"picked":"Finisher","floor":18},{"not_picked":["Reflex","All Out Attack"],"picked":"Poisoned Stab+1","floor":20},{"not_picked":["Dagger Throw","Escape Plan"],"picked":"ReplayTheSpireMod:Scrap Shanks","floor":21},{"not_picked":["ReplayTheSpireMod:Exploit Weakness+1","Blade Dance"],"picked":"Hidden Blade+1","floor":22}],"player_experience":55326,"relics_obtained":[{"floor":6,"key":"Simple Rune"},{"floor":8,"key":"HornCleat"},{"floor":9,"key":"Happy Flower"},{"floor":11,"key":"Torii"},{"floor":14,"key":"Pondfish Scales"}],"event_choices":[{"damage_healed":0,"gold_gain":175,"player_choice":"AGREE","damage_taken":0,"max_hp_gain":0,"max_hp_loss":0,"event_name":"Liars Game","floor":2,"gold_loss":0,"cards_obtained":["Doubt"]},{"damage_healed":0,"gold_gain":0,"player_choice":"Success","damage_taken":7,"relics_obtained":["Anchor"],"max_hp_gain":0,"max_hp_loss":0,"event_name":"Scrap Ooze","floor":7,"gold_loss":0}],"is_beta":false,"boss_relics":[{"not_picked":["Ring of the Serpent","Philosopher\u0027s Stone"],"picked":"Runic Pyramid"}],"items_purged_floors":[],"is_endless":false,"potions_floor_spawned":[4,5,11,20],"killed_by":"Book of Stabbing","ascension_level":0}}