{"host":"7zdktqb5xjtif29d","time":1610920115,"event":{"mods":["AchievementEnabler","BaseMod","Colored Map","Colored Powertips","Dark Map","Highlight Path","Minty Spire (QoL Compilation)","Rare Cards Sparkle","SuperFastMode","Waifu the Spire","everything is the same but u backflip on backflip"],"gold_per_floor":[113,129,129,142,158,184,134,163,214,259,271,299,311,355,367,474,486,517,454,465,479,409,409,439,439,439,470,470,500,500,510,510,510,510],"floor_reached":33,"language":"ENG","playtime":1522,"items_purged":["Strike_B"],"score":391,"play_id":"175ef23b-214e-417b-9d5e-c3e7b63e6feb","local_time":"20210117214835","is_ascension_mode":true,"campfire_choices":[{"floor":13.0,"key":"REST"},{"data":"Ball Lightning","floor":15.0,"key":"SMITH"},{"floor":23.0,"key":"REST"},{"data":"1","floor":28.0,"key":"LIFT"},{"floor":30.0,"key":"REST"},{"data":"2","floor":32.0,"key":"LIFT"}],"circlet_count":0,"master_deck":["Strike_B","Strike_B","Defend_B+1","Defend_B","Defend_B","Defend_B","Zap+1","Dualcast+1","Ball Lightning+1","Ball Lightning","Electrodynamics+1","Ball Lightning","Ball Lightning","Conserve Battery","Loop"],"relics":["Cracked Core","War Paint","Cables","Bag of Marbles","Art of War","Busted Crown","Strawberry","Nloth\u0027s Gift","Question Card","Girya","Pen Nib"],"acts_visited":["Exordium","TheCity"],"potions_floor_usage":[33,33,33],"damage_taken":[{"damage":4.0,"enemies":"Small Slimes","floor":1.0,"turns":4.0},{"damage":1.0,"enemies":"Cultist","floor":2.0,"turns":3.0},{"damage":0.0,"enemies":"2 Louse","floor":4.0,"turns":2.0},{"damage":25.0,"enemies":"Large Slime","floor":5.0,"turns":6.0},{"damage":8.0,"enemies":"Gremlin Nob","floor":6.0,"turns":3.0},{"damage":1.0,"enemies":"3 Sentries","floor":8.0,"turns":3.0},{"damage":16.0,"enemies":"Gremlin Nob","floor":10.0,"turns":3.0},{"damage":5.0,"enemies":"Gremlin Gang","floor":12.0,"turns":2.0},{"damage":3.0,"enemies":"3 Sentries","floor":14.0,"turns":2.0},{"damage":16.0,"enemies":"Hexaghost","floor":16.0,"turns":6.0},{"damage":0.0,"enemies":"Spheric Guardian","floor":18.0,"turns":2.0},{"damage":22.0,"enemies":"2 Thieves","floor":20.0,"turns":3.0},{"damage":12.0,"enemies":"Snake Plant","floor":21.0,"turns":2.0},{"damage":21.0,"enemies":"Book of Stabbing","floor":24.0,"turns":5.0},{"damage":6.0,"enemies":"Gremlin Leader","floor":27.0,"turns":4.0},{"damage":31.0,"enemies":"Slavers","floor":29.0,"turns":3.0},{"damage":6.0,"enemies":"Sentry and Sphere","floor":31.0,"turns":3.0},{"damage":47,"enemies":"Champ","floor":33,"turns":6}],"seed_played":"9176786515057990464","potions_obtained":[{"floor":1.0,"key":"EssenceOfSteel"},{"floor":5.0,"key":"Fire Potion"},{"floor":6.0,"key":"Dexterity Potion"},{"floor":14.0,"key":"FocusPotion"},{"floor":16.0,"key":"FocusPotion"},{"floor":18.0,"key":"Regen Potion"},{"floor":21.0,"key":"GamblersBrew"},{"floor":29.0,"key":"LiquidBronze"},{"floor":31.0,"key":"Explosive Potion"}],"is_trial":false,"path_per_floor":["M","M","?","M","M","E","?","E","T","E","?","M","R","E","R","B",null,"M","$","M","M","$","R","E","?","T","E","R","E","R","M","R","B"],"character_chosen":"DEFECT","items_purchased":["Loop"],"campfire_rested":3,"item_purchase_floors":[22],"current_hp_per_floor":[78,77,77,77,52,44,44,43,43,27,27,22,46,43,43,27,82,82,82,60,48,48,72,58,58,58,52,52,21,47,41,41,0,0],"gold":510,"neow_bonus":"TEN_PERCENT_HP_BONUS","is_daily":false,"chose_seed":false,"campfire_upgraded":1,"win_rate":0.0,"timestamp":1610920115,"path_taken":["M","M","?","?","M","E","?","E","T","E","?","M","R","E","R","BOSS","M","$","?","M","$","R","E","?","T","E","R","E","R","?","R","BOSS"],"items_purchased_type":["Card"],"build_version":"2020-12-22","purchased_purges":1,"victory":false,"max_hp_per_floor":[82,82,82,82,82,82,82,82,82,82,82,82,82,82,82,82,82,82,82,82,82,82,82,89,89,89,89,89,89,89,89,89,89,89],"card_choices":[{"not_picked":["Darkness","Hologram"],"picked":"Ball Lightning","floor":1.0},{"not_picked":["Skim","Scrape","Static Discharge"],"picked":"SKIP","floor":2.0},{"not_picked":["Redo","Rebound","Darkness"],"picked":"SKIP","floor":4.0},{"not_picked":["Barrage","Cold Snap"],"picked":"Ball Lightning","floor":5.0},{"not_picked":["Skim","Streamline"],"picked":"Electrodynamics","floor":6.0},{"not_picked":["Rebound","Genetic Algorithm"],"picked":"Ball Lightning","floor":8.0},{"not_picked":["Streamline","Compile Driver"],"picked":"Ball Lightning","floor":10.0},{"not_picked":["Glacier","Steam"],"picked":"Conserve Battery","floor":12.0},{"not_picked":["Hologram","Rip and Tear","Redo"],"picked":"SKIP","floor":14.0},{"not_picked":["Rebound"],"picked":"SKIP","floor":18.0},{"not_picked":["Darkness"],"picked":"SKIP","floor":20.0},{"not_picked":["Sweeping Beam"],"picked":"SKIP","floor":21.0},{"not_picked":["Recycle"],"picked":"SKIP","floor":24.0},{"not_picked":["Creative AI","Cold Snap"],"picked":"SKIP","floor":27.0},{"not_picked":["Streamline","Tempest"],"picked":"SKIP","floor":29.0},{"not_picked":["Heatsinks","Ball Lightning+1"],"picked":"SKIP","floor":31.0}],"player_experience":236213,"relics_obtained":[{"floor":6.0,"key":"War Paint"},{"floor":8.0,"key":"Cables"},{"floor":9.0,"key":"MawBank"},{"floor":10.0,"key":"Bag of Marbles"},{"floor":14.0,"key":"Art of War"},{"floor":24.0,"key":"Strawberry"},{"floor":26.0,"key":"Question Card"},{"floor":27.0,"key":"Girya"},{"floor":29.0,"key":"Pen Nib"}],"event_choices":[{"damage_healed":0.0,"max_hp_gain":0.0,"max_hp_loss":0.0,"gold_gain":0.0,"event_name":"Accursed Blacksmith","player_choice":"Forge","floor":3.0,"gold_loss":0.0,"damage_taken":0.0,"cards_upgraded":["Dualcast"]},{"cards_removed":["Strike_B"],"damage_healed":0.0,"max_hp_gain":0.0,"max_hp_loss":0.0,"gold_gain":0.0,"event_name":"The Cleric","player_choice":"Card Removal","floor":7.0,"gold_loss":50.0,"damage_taken":0.0},{"damage_healed":0.0,"max_hp_gain":0.0,"max_hp_loss":0.0,"gold_gain":0.0,"event_name":"Upgrade Shrine","player_choice":"Upgraded","floor":11.0,"gold_loss":0.0,"damage_taken":0.0,"cards_upgraded":["Electrodynamics"]},{"damage_healed":0.0,"max_hp_gain":0.0,"max_hp_loss":0.0,"gold_gain":0.0,"event_name":"N\u0027loth","player_choice":"Traded Relic","floor":25.0,"relics_lost":["MawBank"],"gold_loss":0.0,"damage_taken":0.0,"relics_obtained":["Nloth\u0027s Gift"]}],"is_beta":false,"boss_relics":[{"not_picked":["Pandora\u0027s Box","SacredBark"],"picked":"Busted Crown"}],"items_purged_floors":[19],"is_endless":false,"potions_floor_spawned":[1,5,6,14,16,18,21,29,31],"killed_by":"Champ","ascension_level":2}}