{"host":"alk2ftu785mujiir","time":1610918838,"event":{"mods":["BaseMod","Colored Map","Downfall","Minty Spire (QoL Compilation)","StSLib"],"gold_per_floor":[99,119,119,135,135,154,154,154,174,200,214,114,142,155,173,278,278,278,288,305,305,305,205,232,232,248,248,267,279,34,48,68,171,171,171,186,201,217,217,246,246,246,246,63,79,125,125,157,171,171],"floor_reached":51,"language":"ENG","playtime":2501,"items_purged":["champ:Strike","champ:Strike"],"score":748,"play_id":"688a0e94-4f1e-4d66-94ac-ec0275ff6b50","local_time":"20210117162718","is_ascension_mode":false,"campfire_choices":[{"data":"Blind","floor":1.0,"key":"SMITH"},{"data":"champ:Execute","floor":8.0,"key":"SMITH"},{"data":"champ:ShieldWall","floor":12.0,"key":"SMITH"},{"floor":18.0,"key":"RECALL"},{"data":"champ:TornadoPunch","floor":23,"key":"SMITH"},{"data":"champ:UltimateStance","floor":25,"key":"SMITH"},{"floor":27,"key":"REST"},{"data":"champ:PreciseThrust","floor":35,"key":"SMITH"},{"data":"expansioncontent:PolyBeam","floor":42,"key":"SMITH"},{"data":"champ:PreciseThrust","floor":47,"key":"SMITH"}],"circlet_count":0,"master_deck":["champ:Strike+1","champ:Strike","champ:Defend","champ:Defend","champ:Defend","champ:Defend","champ:Execute+1","champ:Taunt","Blind+1","champ:FlashCut+1","champ:ShieldWall+1","champ:TornadoPunch+1","champ:ShieldSlam","champ:Parry","champ:FlashCut","champ:UltimateStance+1","champ:Haymaker","champ:GutPunch","Necronomicurse","champ:FalseCounter","champ:FaceSlap+1","champ:PreciseThrust+1","champ:StanceDance","champ:PreciseThrust+1","champ:VampiricStrike","champ:BerserkersShout+1","expansioncontent:PolyBeam+1","champ:EnGarde","champ:UltimateStance+1"],"relics":["champ:ChampionCrown","Mummified Hand","PreservedInsect","downfall:HeartBlessingGreen","Whetstone","expansioncontent:StudyCardRelic","Necronomicon","downfall:HeartBlessingRed","Omamori","hexamod:BolsterEngine","Busted Crown","champ:DefensiveTrainingManual","White Beast Statue","DollysMirror","Potion Belt","FossilizedHelix","Molten Egg 2"],"acts_visited":["Exordium","TheCity","TheBeyond"],"potions_floor_usage":[33,33,33,38,46,48,49,50,50,50],"damage_taken":[{"damage":10.0,"enemies":"2 Louse","floor":2.0,"turns":3.0},{"damage":20.0,"enemies":"Jaw Worm","floor":4.0,"turns":4.0},{"damage":10.0,"enemies":"Cultist","floor":6.0,"turns":3.0},{"damage":24.0,"enemies":"Blue Slaver","floor":9.0,"turns":3.0},{"damage":32.0,"enemies":"3 Sentries","floor":10.0,"turns":8.0},{"damage":10.0,"enemies":"2 Fungi Beasts","floor":11.0,"turns":3.0},{"damage":4.0,"enemies":"Gremlin Nob","floor":13.0,"turns":3.0},{"damage":28.0,"enemies":"Gremlin Gang","floor":14.0,"turns":3.0},{"damage":23.0,"enemies":"Red Slaver","floor":15.0,"turns":2.0},{"damage":47.0,"enemies":"SI_SHIV_ARCHETYPE","floor":16.0,"turns":9.0},{"damage":10.0,"enemies":"Spheric Guardian","floor":19.0,"turns":3.0},{"damage":10.0,"enemies":"3 Byrds","floor":20.0,"turns":4.0},{"damage":20,"enemies":"Snecko","floor":26,"turns":2},{"damage":5,"enemies":"Cultist and Chosen","floor":28,"turns":3},{"damage":20,"enemies":"Sentry and Sphere","floor":29,"turns":3},{"damage":10,"enemies":"downfall:FleeingMerchant","floor":30,"turns":4},{"damage":10,"enemies":"Centurion and Healer","floor":31,"turns":3},{"damage":20,"enemies":"Snecko","floor":32,"turns":3},{"damage":55,"enemies":"DF_ARCHETYPE_CLAW","floor":33,"turns":6},{"damage":12,"enemies":"3 Darklings","floor":36,"turns":3},{"damage":18,"enemies":"Orb Walker","floor":37,"turns":3},{"damage":10,"enemies":"Sphere and 2 Shapes","floor":38,"turns":3},{"damage":16,"enemies":"Reptomancer","floor":40,"turns":4},{"damage":10,"enemies":"downfall:FleeingMerchant","floor":44,"turns":3},{"damage":40,"enemies":"Transient","floor":45,"turns":5},{"damage":26,"enemies":"2 Orb Walkers","floor":46,"turns":4},{"damage":48,"enemies":"Nemesis","floor":48,"turns":3},{"damage":5,"enemies":"Spire Growth","floor":49,"turns":3},{"damage":44,"enemies":"IC_BLOCK_ARCHETYPE","floor":50,"turns":7}],"seed_played":"-8520606095514747926","potions_obtained":[{"floor":4.0,"key":"champ:OpenerPotion"},{"floor":6.0,"key":"champ:CounterPotion"},{"floor":11.0,"key":"Regen Potion"},{"floor":14.0,"key":"Strength Potion"},{"floor":16.0,"key":"EntropicBrew"},{"floor":40,"key":"SpeedPotion"},{"floor":45,"key":"Block Potion"},{"floor":46,"key":"CultistPotion"},{"floor":48,"key":"Energy Potion"},{"floor":49,"key":"Energy Potion"}],"is_trial":false,"path_per_floor":["R","M","?","M","?","M","T","R","M","E","M","R","E","M","M","B",null,"R","M","M","?","?","R","T","R","M","R","M","M","$","M","M","B",null,"R","M","M","M","?","E","T","R","?","$","M","?","R","E","M","B",null],"character_chosen":"THE_CHAMP","items_purchased":["hexamod:BolsterEngine","DollysMirror","Potion Belt","PowerPotion","Block Potion"],"campfire_rested":1,"item_purchase_floors":[30,44,44,44,44],"current_hp_per_floor":[90,90,100,100,100,100,100,100,96,94,94,94,90,72,59,22,100,100,100,90,74,59,59,59,59,59,89,89,89,89,89,89,58,100,100,98,95,95,90,89,89,89,89,89,89,88,88,80,85,71],"gold":171,"neow_bonus":"RANDOM_COLORLESS","is_daily":false,"chose_seed":false,"campfire_upgraded":8,"win_rate":0.0,"timestamp":1610918838,"path_taken":["R","M","?","M","?","M","T","R","M","E","?","R","E","M","M","BOSS","R","M","M","?","?","R","T","R","M","R","M","M","$","?","M","BOSS","R","M","M","M","?","E","T","R","?","$","M","?","R","E","M","BOSS"],"items_purchased_type":["Relic","Relic","Relic","Potion","Potion"],"build_version":"2020-12-22","purchased_purges":2,"victory":true,"max_hp_per_floor":[90,90,100,100,100,100,100,100,100,100,100,100,100,100,100,100,100,100,100,100,100,100,100,100,100,100,100,100,100,100,100,100,100,100,100,100,100,100,100,100,100,100,100,100,100,100,100,100,100,100],"card_choices":[{"not_picked":["Panacea","Impatience"],"picked":"Blind","floor":0.0},{"not_picked":["champ:AdrenalArmor","champ:FocusedBerserking"],"picked":"champ:FlashCut","floor":2.0},{"not_picked":["champ:EndlessRage","champ:Circumvent","champ:Backstep"],"picked":"SKIP","floor":4.0},{"not_picked":["champ:CalledShot","champ:PerfectedStrike","champ:BladeFlurry"],"picked":"SKIP","floor":6.0},{"not_picked":["champ:Backstep","champ:DefensiveShout"],"picked":"champ:ShieldWall","floor":9.0},{"not_picked":["champ:RisingSlash","champ:SwordThrow","champ:HeartStrike"],"picked":"SKIP","floor":10.0},{"not_picked":["champ:Shatter","champ:EnGarde"],"picked":"champ:TornadoPunch","floor":11.0},{"not_picked":["champ:Circumvent","champ:Parry"],"picked":"champ:ShieldSlam","floor":13.0},{"not_picked":["champ:FanOfKnives","champ:GutPunch"],"picked":"champ:Parry","floor":14.0},{"not_picked":["champ:EnragedBash","champ:TornadoPunch"],"picked":"champ:FlashCut","floor":15.0},{"not_picked":["champ:TripleStrike","champ:ShieldThrow"],"picked":"champ:UltimateStance","floor":16.0},{"not_picked":["champ:TornadoPunch","champ:CrownThrow+1"],"picked":"champ:Haymaker","floor":19.0},{"not_picked":["champ:Haymaker","champ:EnGarde"],"picked":"champ:GutPunch","floor":20.0},{"not_picked":["champ:Endure","champ:BerserkersShout+1"],"picked":"champ:FalseCounter","floor":26},{"not_picked":["champ:PerfectedStrike","champ:BerserkersShout"],"picked":"champ:FaceSlap+1","floor":28},{"not_picked":["champ:BringItOn","champ:Endure"],"picked":"champ:PreciseThrust","floor":29},{"not_picked":["champ:IgnorePain","champ:BerserkerStyle+1"],"picked":"champ:StanceDance","floor":30},{"not_picked":["champ:GutPunch","champ:ShieldSlam","champ:Backstep"],"picked":"SKIP","floor":31},{"not_picked":["champ:AdrenalArmor","champ:TornadoPunch+1"],"picked":"champ:PreciseThrust","floor":32},{"not_picked":["champ:StrikeOfGenius","champ:CheapShot"],"picked":"champ:VampiricStrike","floor":33},{"not_picked":[],"picked":"champ:BerserkersShout+1","floor":36},{"not_picked":["champ:FocusedBerserking"],"picked":"SKIP","floor":37},{"not_picked":["champ:Haymaker+1"],"picked":"SKIP","floor":38},{"not_picked":[],"picked":"expansioncontent:PolyBeam","floor":39},{"not_picked":[],"picked":"champ:EnGarde","floor":40},{"not_picked":["champ:Encircle"],"picked":"SKIP","floor":44},{"not_picked":["champ:FlashCut"],"picked":"SKIP","floor":45},{"not_picked":["champ:BerserkerStyle+1"],"picked":"SKIP","floor":48},{"not_picked":["champ:FocusedDefense"],"picked":"SKIP","floor":49}],"player_experience":1768913,"relics_obtained":[{"floor":7.0,"key":"Mummified Hand"},{"floor":10.0,"key":"PreservedInsect"},{"floor":13.0,"key":"Whetstone"},{"floor":21.0,"key":"Necronomicon"},{"floor":24,"key":"Omamori"},{"floor":40,"key":"champ:DefensiveTrainingManual"},{"floor":41,"key":"White Beast Statue"},{"floor":46,"key":"FossilizedHelix"},{"floor":48,"key":"Molten Egg 2"}],"event_choices":[{"damage_healed":0.0,"max_hp_gain":0.0,"max_hp_loss":0.0,"gold_gain":0.0,"event_name":"NoteForYourself","player_choice":"Ignored","floor":5.0,"gold_loss":0.0,"damage_taken":0.0},{"damage_healed":0,"gold_gain":0,"player_choice":"Fight","damage_taken":0,"max_hp_gain":0,"max_hp_loss":0,"event_name":"Mysterious Sphere","floor":46,"gold_loss":0}],"is_beta":false,"boss_relics":[{"not_picked":["champ:ChampionCrownUpgraded","Runic Pyramid"],"picked":"expansioncontent:StudyCardRelic"},{"not_picked":["Pandora\u0027s Box","Runic Dome"],"picked":"Busted Crown"}],"items_purged_floors":[30,44],"is_endless":false,"potions_floor_spawned":[4,6,11,14,16,26,28,33,36,40,44,45,46,48,49],"ascension_level":0}}