{"host":"5l8aagjp5pbsh4rj","time":1610891672,"event":{"mods":["BaseMod","DeckTracker","Defuse TimeMaze Blight","Minty Spire (QoL Compilation)","Relic Stats","StSLib"],"gold_per_floor":[115,15,15,29,41,41,121,121,121,48,48,64,80,104,104,232,232,248,248,264,65,65,65,83,102,102,102,102,102],"floor_reached":28,"language":"ENG","playtime":1095,"items_purged":[],"score":210,"play_id":"b0268b50-677c-44ef-8d7b-bac19314838a","local_time":"20210117085432","is_ascension_mode":false,"campfire_choices":[{"data":"Flex","floor":8,"key":"SMITH"},{"floor":15,"key":"REST"},{"floor":23,"key":"REST"},{"floor":27,"key":"REST"}],"circlet_count":0,"master_deck":["Strike_R","Strike_R","Defend_R","Defend_R","Defend_R","Bash","Ghostly Armor","Shrug It Off","Flex+1","Flex+1","Searing Blow","Inflame","Injury","Sword Boomerang","Whirlwind","Thunderclap","Bludgeon","Wild Strike+1","Thunderclap+1","Warcry+1","Twin Strike+1","Havoc","Fire Breathing+1","Cleave","Shrug It Off","Shrug It Off","Rampage+1"],"relics":["Burning Blood","Oddly Smooth Stone","Blue Candle","Golden Idol","Astrolabe","PreservedInsect","Meat on the Bone"],"acts_visited":["Exordium","TheCity"],"potions_floor_usage":[16,16,16,18,20,28],"damage_taken":[{"damage":6,"enemies":"Cultist","floor":1,"turns":3},{"damage":0,"enemies":"Jaw Worm","floor":4,"turns":3},{"damage":0,"enemies":"2 Louse","floor":5,"turns":3},{"damage":4,"enemies":"Exordium Thugs","floor":12,"turns":6},{"damage":21,"enemies":"Lots of Slimes","floor":13,"turns":6},{"damage":9,"enemies":"2 Fungi Beasts","floor":14,"turns":3},{"damage":35,"enemies":"Slime Boss","floor":16,"turns":7},{"damage":28,"enemies":"Spheric Guardian","floor":18,"turns":6},{"damage":12,"enemies":"Shell Parasite","floor":20,"turns":4},{"damage":32,"enemies":"Snake Plant","floor":24,"turns":5},{"damage":33,"enemies":"3 Cultists","floor":25,"turns":6},{"damage":52,"enemies":"Book of Stabbing","floor":28,"turns":5}],"seed_played":"996901983546937885","potions_obtained":[{"floor":1,"key":"SteroidPotion"},{"floor":4,"key":"FearPotion"},{"floor":13,"key":"Strength Potion"},{"floor":16,"key":"SkillPotion"},{"floor":18,"key":"DistilledChaos"},{"floor":24,"key":"Block Potion"}],"is_trial":false,"path_per_floor":["M","$","?","M","M","$","?","R","T","$","?","M","M","M","R","B",null,"M","?","M","$","?","R","M","M","T","R","E"],"character_chosen":"IRONCLAD","items_purchased":["Shrug It Off","Flex","Inflame","PreservedInsect","Cleave"],"campfire_rested":3,"item_purchase_floors":[2,2,10,21,21],"current_hp_per_floor":[80,80,80,80,80,80,80,80,80,80,80,80,65,62,80,51,80,58,58,52,52,52,76,50,23,23,47,0,0],"gold":102,"neow_bonus":"RANDOM_COMMON_RELIC","is_daily":false,"chose_seed":false,"campfire_upgraded":1,"win_rate":0.0,"timestamp":1610891672,"path_taken":["M","?","?","M","M","$","?","R","T","$","?","M","M","M","R","BOSS","M","?","?","$","?","R","M","M","T","R","E"],"items_purchased_type":["Card","Card","Card","Relic","Card"],"build_version":"2020-12-22","purchased_purges":0,"victory":false,"max_hp_per_floor":[80,80,80,80,80,80,80,80,80,80,80,80,80,80,80,80,80,80,80,80,80,80,80,80,80,80,80,80,80],"relic_stats":{"counters":[12,57],"Golden Idol":51,"Blue Candle":[1],"Astrolabe":["Wild Strike","Thunderclap","Warcry"],"PreservedInsect":41,"obtain_stats":[{"Golden Idol":11,"Blue Candle":9,"Astrolabe":17,"Oddly Smooth Stone":0,"PreservedInsect":21,"Burning Blood":0,"Meat on the Bone":26},{"Golden Idol":3,"Blue Candle":3,"Astrolabe":7,"Oddly Smooth Stone":0,"PreservedInsect":9,"Burning Blood":0,"Meat on the Bone":11},{"Golden Idol":9,"Blue Candle":9,"Astrolabe":31,"Oddly Smooth Stone":0,"PreservedInsect":41,"Burning Blood":0,"Meat on the Bone":52}],"Burning Blood":52,"Meat on the Bone":0},"card_choices":[{"not_picked":["Heavy Blade","Headbutt"],"picked":"Ghostly Armor","floor":1},{"not_picked":["Sever Soul","Entrench"],"picked":"Flex","floor":4},{"not_picked":["Pummel","Warcry"],"picked":"Searing Blow","floor":5},{"not_picked":["Warcry","Dual Wield"],"picked":"Sword Boomerang","floor":12},{"not_picked":["Flame Barrier","Havoc"],"picked":"Whirlwind","floor":13},{"not_picked":["Dark Embrace","Sword Boomerang"],"picked":"Thunderclap","floor":14},{"not_picked":["Corruption","Impervious"],"picked":"Bludgeon","floor":16},{"not_picked":["Sword Boomerang","Rupture"],"picked":"Twin Strike+1","floor":18},{"not_picked":["Clash","Shrug It Off"],"picked":"Fire Breathing+1","floor":20},{"not_picked":["Warcry","Twin Strike"],"picked":"Shrug It Off","floor":24},{"not_picked":["Reckless Charge","Sword Boomerang"],"picked":"Rampage+1","floor":25}],"player_experience":178080,"relics_obtained":[{"floor":9,"key":"Blue Candle"},{"floor":26,"key":"Meat on the Bone"}],"event_choices":[{"damage_healed":0,"gold_gain":0,"player_choice":"Grow","damage_taken":0,"max_hp_gain":0,"max_hp_loss":0,"event_name":"Living Wall","floor":3,"gold_loss":0,"cards_upgraded":["Flex"]},{"damage_healed":0,"gold_gain":80,"player_choice":"Gained Gold","damage_taken":0,"max_hp_gain":0,"max_hp_loss":0,"event_name":"Golden Wing","floor":7,"gold_loss":0},{"damage_healed":0,"gold_gain":0,"player_choice":"Take Wound","damage_taken":0,"relics_obtained":["Golden Idol"],"max_hp_gain":0,"max_hp_loss":0,"event_name":"Golden Idol","floor":11,"gold_loss":0,"cards_obtained":["Injury"]},{"damage_healed":0,"gold_gain":0,"cards_transformed":["Strike_R"],"player_choice":"Transformed","damage_taken":0,"max_hp_gain":0,"max_hp_loss":0,"event_name":"Transmorgrifier","floor":19,"gold_loss":0,"cards_obtained":["Havoc"]},{"damage_healed":0,"gold_gain":0,"player_choice":"Copied","damage_taken":0,"max_hp_gain":0,"max_hp_loss":0,"event_name":"Duplicator","floor":22,"gold_loss":0,"cards_obtained":["Shrug It Off"]}],"is_beta":false,"boss_relics":[{"not_picked":["Busted Crown","Ectoplasm"],"picked":"Astrolabe"}],"items_purged_floors":[],"is_endless":false,"potions_floor_spawned":[1,4,13,16,18,24],"killed_by":"Book of Stabbing","ascension_level":0}}