{"host":"o9oojikv0j1jifqm","time":1610857045,"event":{"mods":["BaseMod","Colored Powertips","Marisa£®ÏF”Í°°ƒß¿Ì…≥£©","Minty Spire (QoL Compilation)","Quick Restart","Reimu£®≤©¿ˆ¡È√Œ£©","Remilia£®¿Ÿ√◊¿Ú—«£©","Replay The Spire","Shop Mod","Spicy Shops","StSLib","UnlockEverythingMod","Yakumo Yukari mod","Youmu£®ªÍ∆«—˝√Œ£©","°æ“≈ŒÔø®≈∆°øREMEMod"],"gold_per_floor":[115,125,140,215,215,215,226,226,226,239,115,115,130,161,161,259,259,271,271,271,288,1,30,50,50,50,81,98,98,43,55,55,156,156,173,192,192,0,3,33,50,50,50,50,73,105,105,15,15,14],"floor_reached":51,"language":"ZHS","playtime":32732,"items_purged":["Poor:ReiMu","Strike_YM"],"score":995,"play_id":"6ef4409c-43cb-4873-a98d-aab1cfd2f5ff","local_time":"20210117121725","is_ascension_mode":false,"campfire_choices":[{"data":"HumanGodSword","floor":6.0,"key":"SMITH"},{"data":"MatsuyoiReflectingSatelliteSlash","floor":12.0,"key":"SMITH"},{"floor":15.0,"key":"DIG"},{"data":"1","floor":25.0,"key":"LIFT"},{"data":"2","floor":32.0,"key":"LIFT"},{"floor":42.0,"key":"DIG"},{"data":"3","floor":44.0,"key":"LIFT"},{"data":"Strike_YM","floor":47,"key":"PURGE"}],"circlet_count":0,"master_deck":["Defend_YM+1","Defend_YM+1","Defend_YM+1","SlashOfPresentWorld+1","WheelOfPainOfLivingAndDead+1","Hyperbeam+1","SwordExtraction+1","HumanGodSword+1","LowerRealmReflectionSlash+1","MatsuyoiReflectingSatelliteSlash+1","SwordExtraction+1","DoubleWheelOfPain+1","SlashOfSaigyouSpringWind+1","StrangeHalfBody+1","HeavenlyHaloSlash+1","HeartExcerptSlash+1","ThreeKonsSevenHakus+1","EchoesOfTheInclemencyOfAllBeings+1","PreachingAvici+1","MatsuyoiReflectingSatelliteSlash+1","SwordExtraction+1","SanzenSekai+1","FantasyOfEnteringEnlightenment+1","HellRealmSword+1","HellFireSword+1","DoubleWheelOfPain+1","GhostSword+1","GhostSword+1","DeadlyForm+1","FantasyOfEnteringEnlightenment+1","HeavenlyHaloSlash+1","TurningAngelCut+1"],"relics":["REME_ComplimentaryCards","SacredBark","YidongShenshe:ReiMu","Tea:ReiMu","Replay:Bottled Snecko","Ginger","Girya","Astrolabe","InkBottle","Ring of Peace","Ring of Misfortune","REME_CardOfGreed","Bag of Preparation","Strawberry","Replay:Multitool","Pondfish Scales","Cursed Key","Red Mask","ReplayTheSpireMod:CursedCoin","Replay:Wax Seal","BargainBundle","REME_HourglassOfDeath","Dead Branch","Darkstone Periapt","Nunchaku","Bag of Marbles"],"acts_visited":["Exordium","TheCity","TheBeyond"],"potions_floor_usage":[49,49],"damage_taken":[{"damage":4.0,"enemies":"Cultist","floor":1.0,"turns":5.0},{"damage":3.0,"enemies":"Small Slimes","floor":2.0,"turns":3.0},{"damage":0.0,"enemies":"Jaw Worm","floor":3.0,"turns":3.0},{"damage":0.0,"enemies":"Exordium Wildlife","floor":7.0,"turns":2.0},{"damage":4.0,"enemies":"Looter","floor":10.0,"turns":2.0},{"damage":9.0,"enemies":"2 Fungi Beasts","floor":13.0,"turns":3.0},{"damage":2.0,"enemies":"3 Sentries","floor":14.0,"turns":3.0},{"damage":21.0,"enemies":"The Guardian","floor":16.0,"turns":8.0},{"damage":3.0,"enemies":"Chosen","floor":18.0,"turns":3.0},{"damage":0.0,"enemies":"Shell Parasite","floor":21.0,"turns":1.0},{"damage":0.0,"enemies":"Slavers","floor":23.0,"turns":2.0},{"damage":0.0,"enemies":"Snecko","floor":24.0,"turns":2.0},{"damage":0.0,"enemies":"Gremlin Leader","floor":27.0,"turns":2.0},{"damage":0.0,"enemies":"Chosen and Byrds","floor":28.0,"turns":2.0},{"damage":0.0,"enemies":"Centurion and Healer","floor":31.0,"turns":2.0},{"damage":0.0,"enemies":"Champ","floor":33.0,"turns":4.0},{"damage":0.0,"enemies":"3 Shapes","floor":35.0,"turns":1.0},{"damage":0.0,"enemies":"Orb Walker","floor":36.0,"turns":1.0},{"damage":0.0,"enemies":"Reptomancer","floor":40.0,"turns":3.0},{"damage":0.0,"enemies":"Maw","floor":41.0,"turns":4.0},{"damage":0.0,"enemies":"R_Hoarder","floor":46.0,"turns":3.0},{"damage":0,"enemies":"Transient","floor":48,"turns":4},{"damage":0,"enemies":"Transient","floor":49,"turns":4},{"damage":0,"enemies":"Awakened One","floor":50,"turns":3}],"seed_played":"333266324173762887","potions_obtained":[{"floor":2.0,"key":"Dexterity Potion"},{"floor":10.0,"key":"Strength Potion"},{"floor":13.0,"key":"Strength Potion"},{"floor":14.0,"key":"SpeedPotion"},{"floor":18.0,"key":"Milkshake"},{"floor":24.0,"key":"ZuzhouPotion:ReiMu"},{"floor":33.0,"key":"SteroidPotion"},{"floor":36.0,"key":"ColorlessPotion"}],"is_trial":false,"path_per_floor":["M","M","M","?","?","R","M","T","T","M","$","R","M","E","R","B",null,"M","?","?","M","$","E","M","R","T","E","M","?","$","M","R","B",null,"M","M","?","?","$","E","M","R","T","R","T","E","R","M","R","B",null],"character_chosen":"YOUMU","items_purchased":["SwordExtraction","REME_CardOfGreed","Bag of Preparation","LightFlashOfTheNetherworld","ReplayTheSpireMod:CursedCoin","Replay:Wax Seal","BargainBundle","GhostSword"],"campfire_rested":0,"item_purchase_floors":[11,22,22,30,39,39,39,39],"current_hp_per_floor":[71,68,68,57,57,57,57,57,57,53,53,53,44,42,42,21,75,72,72,72,72,72,79,79,79,79,79,79,79,79,79,79,79,82,82,82,82,82,82,82,82,82,82,82,88,88,88,88,85,85],"gold":14,"neow_bonus":"BOSS_RELIC","is_daily":false,"chose_seed":false,"campfire_upgraded":2,"win_rate":0.0,"timestamp":1610857045,"path_taken":["M","?","M","?","?","R","M","?","T","M","$","R","?","E","R","BOSS","M","?","?","M","$","E","M","R","T","E","M","?","$","?","R","BOSS","M","?","?","?","$","E","M","R","T","R","?","E","R","M","R","BOSS"],"items_purchased_type":["Card","Relic","Relic","Card","Relic","Relic","Relic","Card"],"build_version":"2020-12-22","purchased_purges":2,"victory":true,"max_hp_per_floor":[75,75,75,75,75,75,75,75,75,75,75,75,75,75,75,75,75,75,75,75,75,75,82,82,82,82,82,82,82,82,82,82,82,82,82,82,82,82,82,82,82,82,82,82,88,88,88,88,85,85],"card_choices":[{"not_picked":["SlashOfAscensionToBuddhahood","RapidSlash"],"picked":"SwordExtraction","floor":1.0},{"not_picked":["DispleasureOfTheSevenHakus","ObsessionWithThePresentWorld"],"picked":"HumanGodSword","floor":2.0},{"not_picked":["ThreeKonsSevenHakus","SlashOfMeditation"],"picked":"LowerRealmReflectionSlash","floor":3.0},{"not_picked":["ThreeKonsSevenHakus","SwordOfBindingDesires","FiveSignsOfTheDyingDeva"],"picked":"SKIP","floor":7.0},{"not_picked":["LotusPostureSlash","BloodOfAsura"],"picked":"MatsuyoiReflectingSatelliteSlash","floor":10.0},{"not_picked":["SanzenSekai","CrescentMoonSlash"],"picked":"DoubleWheelOfPain","floor":13.0},{"not_picked":["HumanKnowledgeSword","VoidnessSword"],"picked":"SlashOfSaigyouSpringWind","floor":14.0},{"not_picked":["ASingleThoughtAndInfiniteKalpas","SlashOfSaigyouSpringWind"],"picked":"StrangeHalfBody","floor":16.0},{"not_picked":["FlashingScatteredFlowers+1","SlashOfDelusionalInnerEye"],"picked":"EchoesOfTheInclemencyOfAllBeings","floor":18.0},{"not_picked":["KarmicPunishmentOfTheIdleAndUnfocused","SanzenSekai"],"picked":"PreachingAvici+1","floor":21.0},{"not_picked":["DispleasureOfTheSevenHakus","SanzenSekai"],"picked":"MatsuyoiReflectingSatelliteSlash","floor":23.0},{"not_picked":["LowerRealmReflectionSlash+1","SwordOfBindingDesires"],"picked":"SwordExtraction","floor":24.0},{"not_picked":["MatsuyoiReflectingSatelliteSlash","ThreeKonsSevenHakus"],"picked":"SanzenSekai+1","floor":27.0},{"not_picked":["SlashClearingTheSixSenses","HeartExcerptSlash"],"picked":"FantasyOfEnteringEnlightenment","floor":28.0},{"not_picked":["CrescentMoonSlash","SlashOfDelusionalInnerEye","DispleasureOfTheSevenHakus"],"picked":"SKIP","floor":31.0},{"not_picked":["StrangeHalfBody","FastingOfTheYoungPreta"],"picked":"HellRealmSword","floor":33.0},{"not_picked":["CherryBlossomFlashing","LowerRealmReflectionSlash"],"picked":"HellFireSword+1","floor":35.0},{"not_picked":["BizarrenessOfSixRealms","ThoughtCuttingSword"],"picked":"DoubleWheelOfPain+1","floor":36.0},{"not_picked":["HellFireSword+1","StrangeHalfBody"],"picked":"DeadlyForm","floor":40.0},{"not_picked":["CherryBlossomFlashing+1","HesitationCuttingSword+1"],"picked":"FantasyOfEnteringEnlightenment+1","floor":41.0},{"not_picked":["ObsessionSword","TwoHundredYojanaInOneSlash+1"],"picked":"HeavenlyHaloSlash+1","floor":46.0},{"not_picked":["SpiritCuttingSword","HesitationCuttingSword"],"picked":"TurningAngelCut+1","floor":48}],"player_experience":154743,"relics_obtained":[{"floor":8.0,"key":"Tea:ReiMu"},{"floor":9.0,"key":"Replay:Bottled Snecko"},{"floor":14.0,"key":"Ginger"},{"floor":15.0,"key":"Girya"},{"floor":20.0,"key":"Ring of Peace"},{"floor":20.0,"key":"Ring of Misfortune"},{"floor":23.0,"key":"Strawberry"},{"floor":26.0,"key":"Replay:Multitool"},{"floor":27.0,"key":"Pondfish Scales"},{"floor":40.0,"key":"REME_HourglassOfDeath"},{"floor":42.0,"key":"Dead Branch"},{"floor":43.0,"key":"Darkstone Periapt"},{"floor":45.0,"key":"Nunchaku"},{"floor":46.0,"key":"Bag of Marbles"}],"event_choices":[{"damage_healed":0.0,"max_hp_gain":0.0,"max_hp_loss":0.0,"gold_gain":75.0,"event_name":"World of Goop","player_choice":"Gather Gold","floor":4.0,"gold_loss":0.0,"damage_taken":11.0},{"damage_healed":0.0,"max_hp_gain":0.0,"max_hp_loss":0.0,"gold_gain":0.0,"event_name":"yidonshenshe","player_choice":"¥¯◊ﬂ…Ò…Á","floor":5.0,"gold_loss":0.0,"damage_taken":0.0,"relics_obtained":["YidongShenshe:ReiMu"],"cards_obtained":["Poor:ReiMu"]},{"damage_healed":0.0,"max_hp_gain":0.0,"max_hp_loss":0.0,"gold_gain":0.0,"event_name":"Addict","player_choice":"Stole Relic","floor":19.0,"gold_loss":0.0,"damage_taken":0.0,"relics_obtained":["InkBottle"],"cards_obtained":["Shame"]},{"damage_healed":0.0,"max_hp_gain":0.0,"max_hp_loss":0.0,"gold_gain":0.0,"event_name":"Upgrade Shrine","player_choice":"Upgraded","floor":29.0,"gold_loss":0.0,"damage_taken":0.0,"cards_upgraded":["SlashOfSaigyouSpringWind"]},{"cards_removed":["LightFlashOfTheNetherworld"],"damage_healed":0.0,"max_hp_gain":0.0,"max_hp_loss":0.0,"gold_gain":0.0,"event_name":"Falling","player_choice":"Removed Attack","floor":37.0,"gold_loss":0.0,"damage_taken":0.0},{"damage_healed":0.0,"max_hp_gain":0.0,"max_hp_loss":0.0,"gold_gain":0.0,"event_name":"Tomb of Lord Red Mask","player_choice":"Paid","floor":38.0,"gold_loss":192.0,"damage_taken":0.0,"relics_obtained":["Red Mask"]}],"is_beta":false,"boss_relics":[{"not_picked":["REME_DuelDisc","SlaversCollar"],"picked":"Astrolabe"},{"not_picked":["Velvet Choker","Kintsugi"],"picked":"Cursed Key"}],"items_purged_floors":[11,39],"is_endless":false,"potions_floor_spawned":[2,10,13,14,18,24,31,33,36,41,46,48],"ascension_level":0}}