{"host":"b78s5rp3ow4b1syk","time":1610854753,"event":{"mods":["AchievementEnabler","BaseMod","DeckTracker","Keyboard Shortcuts","Marisa£¨Ùöéë¡¡Øª×âÞÞ£©","Minty Spire (QoL Compilation)","Permanent Neow","Quick Restart","StSLib","SuperFastMode","The Cursed","everything is the same but u backflip on backflip"],"gold_per_floor":[119,119,194,207,207,220,220,245,245,245,245],"floor_reached":10,"language":"KOR","playtime":443,"items_purged":[],"score":58,"play_id":"89dc3cfc-89b3-401a-b8cf-831ea7e9538c","local_time":"20210117123913","is_ascension_mode":false,"campfire_choices":[],"circlet_count":0,"master_deck":["Strike_MRS","Strike_MRS","Strike_MRS","Defend_MRS","Defend_MRS","Defend_MRS","MasterSpark","UpSweep","MilkyWay+1","DoubleSpark","Singularity","ShootTheMoon"],"relics":["MiniHakkero","Golden Idol","Torii","Mango"],"acts_visited":["Exordium"],"potions_floor_usage":[10],"damage_taken":[{"damage":7,"enemies":"Small Slimes","floor":1,"turns":3},{"damage":2,"enemies":"Jaw Worm","floor":4,"turns":3},{"damage":0,"enemies":"Cultist","floor":6,"turns":3},{"damage":2,"enemies":"Looter","floor":8,"turns":3},{"damage":47,"enemies":"Lagavulin","floor":10,"turns":5}],"seed_played":"-969909265942447869","potions_obtained":[{"floor":4,"key":"SkillPotion"}],"is_trial":false,"path_per_floor":["M","?","?","M","?","M","?","M","T","E"],"character_chosen":"MARISA","items_purchased":[],"campfire_rested":0,"item_purchase_floors":[],"current_hp_per_floor":[61,61,55,53,36,36,29,27,41,0,0],"gold":245,"neow_bonus":"REMOVE_TWO","is_daily":false,"chose_seed":false,"campfire_upgraded":0,"win_rate":0.0,"timestamp":1610854753,"path_taken":["M","?","?","?","?","M","?","M","T","E"],"items_purchased_type":[],"build_version":"2020-12-22","purchased_purges":0,"victory":false,"max_hp_per_floor":[68,68,68,68,68,68,68,68,82,82,82],"card_choices":[{"not_picked":["MysteriousBeam","UnstableBomb"],"picked":"MilkyWay","floor":1},{"not_picked":["Acceleration","AsteroidBelt"],"picked":"DoubleSpark","floor":4},{"not_picked":["GalacticHalo","MilkyWay"],"picked":"Singularity","floor":6},{"not_picked":["AsteroidBelt","LuminesStrike"],"picked":"ShootTheMoon","floor":8}],"player_experience":38332,"relics_obtained":[{"floor":9,"key":"Mango"}],"event_choices":[{"damage_healed":0,"gold_gain":0,"player_choice":"Grow","damage_taken":0,"max_hp_gain":0,"max_hp_loss":0,"event_name":"Living Wall","floor":2,"gold_loss":0,"cards_upgraded":["MilkyWay"]},{"damage_healed":0,"gold_gain":75,"player_choice":"Touch","damage_taken":6,"max_hp_gain":0,"max_hp_loss":0,"event_name":"FaceTrader","floor":3,"gold_loss":0},{"damage_healed":0,"gold_gain":0,"player_choice":"Take Damage","damage_taken":17,"relics_obtained":["Golden Idol"],"max_hp_gain":0,"max_hp_loss":0,"event_name":"Golden Idol","floor":5,"gold_loss":0},{"damage_healed":0,"gold_gain":0,"player_choice":"Success","damage_taken":7,"relics_obtained":["Torii"],"max_hp_gain":0,"max_hp_loss":0,"event_name":"Scrap Ooze","floor":7,"gold_loss":0}],"is_beta":false,"boss_relics":[],"items_purged_floors":[],"is_endless":false,"potions_floor_spawned":[4],"killed_by":"Lagavulin","ascension_level":0}}