{"host":"1hzg86ju9fvxh562","time":1610921467,"event":{"mods":["AchievementEnabler","Act Like it!","AlwaysNeverKeys","BaseMod","Bestiary","Better Altar","Better Match","Better Note","Better Sensory Stone","Better Skull","Better Third Choice","Colored Map","Colored Powertips","Curses Come First","Displayed Cursed Tome","Filter the Spire","Highlight Path","Keyboard Shortcuts","Minty Spire (QoL Compilation)","Rare Cards Sparkle","Relic Sorter","Relic Stats","ShortenTheSpire","Spicy Shops","StSLib","everything is the same but u backflip on backflip","slay the spire mod where everything is the same but ironclad has a cowboy hat"],"gold_per_floor":[113,113,126,23,98,431,391,435,435,466,490,514,514,539,539,539,539],"floor_reached":16,"language":"ENG","playtime":974,"items_purged":[],"score":198,"play_id":"bf41d82e-029a-4135-afe5-58c7f50f22e5","local_time":"20210117201107","is_ascension_mode":true,"campfire_choices":[{"floor":13.0,"key":"REST"},{"floor":15.0,"key":"REST"}],"circlet_count":0,"master_deck":["AscendersBane","Strike_B","Strike_B","Strike_B","Strike_B","Defend_B","Defend_B","Defend_B","Defend_B","Zap","Dualcast","Chill","Compile Driver","Ball Lightning","Coolheaded","Steam Power","Barrage","Ball Lightning","Fission","Coolheaded","Defragment","Compile Driver"],"relics":["Inserter","Golden Idol","Old Coin","Bronze Scales","Matryoshka","Dream Catcher"],"acts_visited":["Exordium"],"potions_floor_usage":[16],"damage_taken":[{"damage":10.0,"enemies":"2 Louse","floor":1.0,"turns":3.0},{"damage":3.0,"enemies":"Cultist","floor":3.0,"turns":4.0},{"damage":4.0,"enemies":"3 Sentries","floor":6.0,"turns":6.0},{"damage":15.0,"enemies":"Gremlin Nob","floor":8.0,"turns":5.0},{"damage":3.0,"enemies":"3 Sentries","floor":10.0,"turns":7.0},{"damage":12.0,"enemies":"Jaw Worm","floor":11.0,"turns":2.0},{"damage":8.0,"enemies":"Large Slime","floor":12.0,"turns":5.0},{"damage":11.0,"enemies":"Exordium Wildlife","floor":14.0,"turns":4.0},{"damage":34,"enemies":"The Guardian","floor":16,"turns":9}],"seed_played":"58098511621963778","potions_obtained":[{"floor":1.0,"key":"Strength Potion"},{"floor":3.0,"key":"EssenceOfDarkness"},{"floor":7.0,"key":"Weak Potion"},{"floor":7.0,"key":"SteroidPotion"},{"floor":10.0,"key":"Energy Potion"},{"floor":12.0,"key":"Swift Potion"}],"is_trial":false,"path_per_floor":["M","?","M","$","?","E","?","E","T","E","M","M","R","M","R","B"],"character_chosen":"DEFECT","items_purchased":["Ball Lightning","Coolheaded"],"campfire_rested":2,"item_purchase_floors":[4,4],"current_hp_per_floor":[58,58,55,55,44,40,40,25,25,22,10,2,22,11,31,0,0],"gold":539,"neow_bonus":"BOSS_RELIC","is_daily":false,"chose_seed":false,"campfire_upgraded":0,"win_rate":0.0,"timestamp":1610921467,"path_taken":["M","?","M","$","?","E","?","E","T","E","M","M","R","M","R","BOSS"],"items_purchased_type":["Card","Card"],"build_version":"2020-12-22","purchased_purges":0,"victory":false,"max_hp_per_floor":[75,69,69,69,69,69,69,69,69,69,69,69,69,69,69,69,69],"relic_stats":{"Dream Catcher":2,"Inserter":[22],"counters":[9,45],"Golden Idol":40,"Bronze Scales":[55],"obtain_stats":[{"Dream Catcher":10,"Inserter":0,"Matryoshka":9,"Golden Idol":2,"Bronze Scales":8,"Cracked Core":0,"Old Coin":6},{"Dream Catcher":5,"Inserter":0,"Matryoshka":4,"Golden Idol":1,"Bronze Scales":4,"Cracked Core":0,"Old Coin":3},{"Dream Catcher":25,"Inserter":0,"Matryoshka":18,"Golden Idol":3,"Bronze Scales":18,"Cracked Core":0,"Old Coin":13}]},"card_choices":[{"not_picked":["Auto Shields","Recycle"],"picked":"Chill","floor":1.0},{"not_picked":["Double Energy","Blizzard"],"picked":"Compile Driver","floor":3.0},{"not_picked":["Rainbow","Heatsinks"],"picked":"Steam Power","floor":6.0},{"not_picked":["Fusion","Conserve Battery"],"picked":"Barrage","floor":8.0},{"not_picked":["Go for the Eyes","Leap"],"picked":"Ball Lightning","floor":10.0},{"not_picked":["Beam Cell","Turbo"],"picked":"Fission","floor":11.0},{"not_picked":["Auto Shields","Cold Snap"],"picked":"Coolheaded","floor":12.0},{"not_picked":["Turbo","Cold Snap"],"picked":"Defragment","floor":13.0},{"not_picked":["Hologram","Gash","Go for the Eyes"],"picked":"SKIP","floor":14.0},{"not_picked":["Gash","Storm"],"picked":"Compile Driver","floor":15.0}],"player_experience":474651,"relics_obtained":[{"floor":6.0,"key":"Old Coin"},{"floor":8.0,"key":"Bronze Scales"},{"floor":9.0,"key":"Matryoshka"},{"floor":10.0,"key":"Dream Catcher"}],"event_choices":[{"damage_healed":0.0,"max_hp_gain":0.0,"max_hp_loss":6.0,"gold_gain":0.0,"event_name":"Golden Idol","player_choice":"Lose Max HP","floor":2.0,"gold_loss":0.0,"damage_taken":0.0,"relics_obtained":["Golden Idol"]},{"damage_healed":0.0,"max_hp_gain":0.0,"max_hp_loss":0.0,"gold_gain":75.0,"event_name":"betterThird:BetterGoop","player_choice":"Gold","floor":5.0,"gold_loss":0.0,"damage_taken":11.0},{"damage_healed":0.0,"max_hp_gain":0.0,"max_hp_loss":0.0,"gold_gain":0.0,"event_name":"The Woman in Blue","player_choice":"Bought 3 Potions","floor":7.0,"gold_loss":0.0,"damage_taken":0.0}],"is_beta":false,"boss_relics":[],"items_purged_floors":[],"is_endless":false,"potions_floor_spawned":[1,3,10,12],"killed_by":"The Guardian","ascension_level":13}}