{"host":"5gc11emcm5chfr5t","time":1610927001,"event":{"mods":["2.2 Compatiblity","AchievementEnabler","BaseMod","Bestiary","Better Note","Colored Map","Colored Powertips","Downfall","Googly Eyes","Minty Spire (QoL Compilation)","Rare Cards Sparkle","StSLib"],"gold_per_floor":[119,119,142,242,242,285,298,298,298,318,341,407,407,427,427,522,522,546,546,0,0,0],"floor_reached":21,"language":"ENG","playtime":624,"items_purged":["Writhe"],"score":407,"play_id":"b6a736b4-a7d5-4e14-b24b-baa01f8dabe8","local_time":"20210117184321","is_ascension_mode":true,"campfire_choices":[{"floor":8,"key":"RECALL"},{"floor":15,"key":"REST"}],"circlet_count":0,"master_deck":["AscendersBane","sneckomod:Strike","sneckomod:Strike","sneckomod:Strike","sneckomod:Defend","sneckomod:Defend","sneckomod:Defend+1","sneckomod:TailWhip","sneckomod:SnekBite","sneckomod:Unknown","sneckomod:Unknown","sneckomod:SoulRoll+1","Guardian:Gem_Cyan","sneckomod:UnknownClassGREEN","downfall:Bewildered","downfall:Haunted","sneckomod:Mudshield","sneckomod:QuickMove","sneckomod:UnknownClassRED","sneckomod:Nope","sneckomod:IronFang","sneckomod:UnknownRarePower","sneckomod:UnknownBoss","sneckomod:UnknownClassTHE_BRONZE_AUTOMATON","Jack Of All Trades","Chrysalis"],"relics":["sneckomod:SneckoSoul","NeowsBlessing","Golden Idol","Du-Vu Doll","Spirit Poop","War Paint","Shuriken","sneckomod:SneckoTalon","Bronze Scales"],"acts_visited":["Exordium","TheCity"],"potions_floor_usage":[16,16,16,16],"damage_taken":[{"damage":0,"enemies":"Jaw Worm","floor":1,"turns":1},{"damage":0,"enemies":"2 Louse","floor":3,"turns":2},{"damage":0,"enemies":"Lagavulin","floor":6,"turns":1},{"damage":4,"enemies":"Small Slimes","floor":7,"turns":3},{"damage":23,"enemies":"Gremlin Gang","floor":10,"turns":4},{"damage":22,"enemies":"Exordium Wildlife","floor":11,"turns":5},{"damage":3,"enemies":"2 Fungi Beasts","floor":14,"turns":3},{"damage":47,"enemies":"Hexaghost","floor":16,"turns":12},{"damage":46,"enemies":"Shell Parasite","floor":18,"turns":10},{"damage":16,"enemies":"3 Byrds","floor":21,"turns":2}],"seed_played":"985494537385783424","potions_obtained":[{"floor":1,"key":"Guardian:BlockOnCardUsePotion"},{"floor":10,"key":"EntropicBrew"},{"floor":16,"key":"FearPotion"},{"floor":18,"key":"Dexterity Potion"}],"is_trial":false,"path_per_floor":["M","?","M","?","?","E","M","R","T","M","M","?","?","M","R","B",null,"M","?","$","M"],"character_chosen":"THE_SNECKO","items_purchased":["Bronze Scales","Jack Of All Trades","Chrysalis"],"campfire_rested":1,"item_purchase_floors":[20,20,20],"current_hp_per_floor":[75,75,75,80,80,80,76,76,76,53,31,31,31,28,52,5,61,15,15,15,0,0],"gold":0,"neow_bonus":"THREE_ENEMY_KILL","is_daily":false,"chose_seed":false,"campfire_upgraded":0,"win_rate":0.0,"timestamp":1610927001,"path_taken":["M","?","M","?","?","E","M","R","T","?","M","?","?","M","R","BOSS","M","?","$","M"],"items_purchased_type":["Relic","Card","Card"],"build_version":"2020-12-22","purchased_purges":1,"victory":false,"max_hp_per_floor":[83,75,75,80,80,80,80,80,80,80,80,80,80,80,80,80,80,80,80,80,80,80],"card_choices":[{"not_picked":["sneckomod:IronFang","sneckomod:UnknownClassRED"],"picked":"sneckomod:SoulRoll","floor":1},{"not_picked":["Guardian:Gem_Green","Guardian:Gem_Red"],"picked":"Guardian:Gem_Cyan","floor":3},{"not_picked":["sneckomod:DefensiveFlair","sneckomod:UnknownBlock"],"picked":"sneckomod:UnknownClassGREEN","floor":3},{"not_picked":["sneckomod:UnknownCommonAttack","sneckomod:Restock"],"picked":"sneckomod:QuickMove","floor":6},{"not_picked":["sneckomod:UnknownClassBLUE","sneckomod:DiceBoulder"],"picked":"sneckomod:UnknownClassRED","floor":7},{"not_picked":["sneckomod:Rotation","sneckomod:UnknownStrike"],"picked":"sneckomod:Nope","floor":10},{"not_picked":["sneckomod:UnknownVulnerable","sneckomod:MixItUp"],"picked":"sneckomod:IronFang","floor":11},{"not_picked":["sneckomod:Unknown0Cost","sneckomod:UnknownCommonSkill"],"picked":"sneckomod:UnknownRarePower","floor":14},{"not_picked":["sneckomod:Transmogrify","sneckomod:Unknown3Cost"],"picked":"sneckomod:UnknownBoss","floor":16},{"not_picked":["sneckomod:UnknownClassGREEN","sneckomod:Memorize"],"picked":"sneckomod:UnknownClassTHE_BRONZE_AUTOMATON","floor":18}],"player_experience":553786,"relics_obtained":[{"floor":6,"key":"War Paint"},{"floor":9,"key":"Shuriken"}],"event_choices":[{"damage_healed":0,"gold_gain":0,"player_choice":"Lose Max HP","damage_taken":0,"relics_obtained":["Golden Idol"],"max_hp_gain":0,"max_hp_loss":8,"event_name":"Golden Idol","floor":2,"gold_loss":0},{"cards_removed":["Pain"],"damage_healed":0,"gold_gain":0,"player_choice":"Offered Curse","damage_taken":0,"relics_obtained":["Spirit Poop"],"max_hp_gain":0,"max_hp_loss":0,"event_name":"Bonfire Elementals","floor":5,"gold_loss":0},{"damage_healed":0,"gold_gain":66,"player_choice":"Gained Gold","damage_taken":0,"max_hp_gain":0,"max_hp_loss":0,"event_name":"Golden Wing","floor":12,"gold_loss":0},{"cards_removed":["Decay"],"damage_healed":0,"gold_gain":0,"player_choice":"Forget","damage_taken":0,"max_hp_gain":0,"max_hp_loss":0,"event_name":"Living Wall","floor":13,"gold_loss":0},{"damage_healed":0,"gold_gain":0,"player_choice":"Ignored","damage_taken":0,"max_hp_gain":0,"max_hp_loss":0,"event_name":"Vampires","floor":19,"gold_loss":0}],"is_beta":false,"boss_relics":[{"not_picked":["SlaversCollar","Runic Dome"],"picked":"sneckomod:SneckoTalon"}],"items_purged_floors":[20],"is_endless":false,"potions_floor_spawned":[1,10,11,16,18],"killed_by":"3 Byrds","ascension_level":20}}