{"host":"tr12w2fixbnujl15","time":1610844036,"event":{"mods":["100% Spire Juice","2.2 Compatiblity","Arknights The Spire","BaseMod","Better Skull","BetterRewards","Clockwork Mod","Colored Powertips","Evolution","Hermit","Hubris","Infinite Spire","JesterMod","Koishi","Mad Scientist","Minty Spire (QoL Compilation)","Prisma Mod","Quick Restart","Replay The Spire","Shop Mod","StSLib","SuperFastMode","The Animator","The Bug Knight","The Construct","The Cursed","The Hierophant","The Mystic","The Necromancer","The Runesmith","The Sage","The Senshi","The Servant 0.9.4","The Spell Scribe","TheFirefly","WarShipGirlsR/????R mod","Yakumo Yukari mod"],"gold_per_floor":[119,119,119,119,46,76,76,91,91,19,35,35,55,69,69,171,171,185,185,200,250,250,250,14,14,94,148,158,158,174,20,20,20,20],"floor_reached":33,"language":"ENG","playtime":1189,"items_purged":["Looming Evil"],"score":268,"play_id":"fa192b8e-04e1-4afd-bdc6-028ee060eafa","local_time":"20210116194036","is_ascension_mode":false,"campfire_choices":[{"data":"jesterMod:Prankster","floor":7,"key":"SMITH"},{"data":"jesterMod:Schizophrenia","floor":12,"key":"SMITH"},{"data":"jesterMod:Prankster","floor":15,"key":"SMITH"},{"floor":23,"key":"REST"},{"floor":25,"key":"REST"},{"data":"hubris:Fate","floor":29,"key":"SMITH"},{"floor":32,"key":"REST"}],"circlet_count":0,"master_deck":["jesterMod:Strike","jesterMod:Strike","jesterMod:Strike","jesterMod:Strike","jesterMod:Sickle","jesterMod:Defend","jesterMod:Defend","jesterMod:Defend","jesterMod:Defend+1","jesterMod:Dodge+1","jesterMod:Encore+1","jesterMod:ButterKnife","jesterMod:Schizophrenia+1","jesterMod:Prankster+1","jesterMod:Haste","jesterMod:Haste","jesterMod:DesperateStrike","jesterMod:Prankster+1","jesterMod:OblivionStrike","jesterMod:Juggler","jesterMod:Disposophobia","jesterMod:Contradiction","jesterMod:Disposophobia","ReplayTheSpireMod:Black Plague","hubris:Fate+1","jesterMod:Drunkenness","jesterMod:Illness","jesterMod:Hide","jesterMod:Disposophobia","Apotheosis","Madness","ReplayTheSpireMod:Brewmster"],"relics":["jesterMod:JesterCap","EVO:Axolotl","NeowsBlessing","Happy Flower","infinitespire:WardingShard","SlaversCollar","hubris:TenFootPole","MutagenicStrength","ReplayTheSpireMod:CursedCoin","Regal Pillow","MerchantsRug","infinitespire:FocusingShard","Replay:Wax Seal","ReplayTheSpireMod:ShopPack"],"acts_visited":["Exordium","TheCity"],"potions_floor_usage":[16,16,16,16,16,28,28,28,31,33],"damage_taken":[{"damage":0,"enemies":"Small Slimes","floor":1,"turns":1},{"damage":0,"enemies":"Lagavulin","floor":6,"turns":1},{"damage":0,"enemies":"2 Louse","floor":8,"turns":1},{"damage":0,"enemies":"Jaw Worm","floor":11,"turns":5},{"damage":12,"enemies":"Blue Slaver","floor":13,"turns":5},{"damage":0,"enemies":"Exordium Wildlife","floor":14,"turns":3},{"damage":38,"enemies":"Hexaghost","floor":16,"turns":9},{"damage":30,"enemies":"Shell Parasite","floor":18,"turns":5},{"damage":17,"enemies":"Spheric Guardian","floor":20,"turns":4},{"damage":8,"enemies":"Snake Plant","floor":28,"turns":2},{"damage":21,"enemies":"Chosen and Byrds","floor":30,"turns":6},{"damage":100041,"enemies":"Automaton","floor":33,"turns":6}],"seed_played":"6222864054538145851","potions_obtained":[{"floor":6,"key":"EntropicBrew"},{"floor":13,"key":"Energy Potion"},{"floor":16,"key":"Swift Potion"},{"floor":18,"key":"Elixir"},{"floor":20,"key":"Energy Potion"},{"floor":28,"key":"sagemod:Wine"}],"is_trial":false,"path_per_floor":["M","?","?","?","$","E","R","M","T","$","M","R","M","M","R","B",null,"M","?","M","AVR","?","R","$","R","T","T","M","R","M","$","R","B"],"character_chosen":"THE_JESTER","items_purchased":["jesterMod:Schizophrenia","jesterMod:Haste","ReplayTheSpireMod:CursedCoin","Regal Pillow","MerchantsRug","BlessingOfTheForge","ReplayTheSpireMod:ShopPack","jesterMod:Hide","jesterMod:Disposophobia"],"campfire_rested":3,"item_purchase_floors":[5,10,24,24,24,24,31,31,31],"current_hp_per_floor":[70,70,70,70,70,70,70,70,70,70,70,70,58,58,58,20,70,40,40,23,28,28,50,50,75,75,75,67,67,46,46,75,0,0],"gold":20,"neow_bonus":"THREE_ENEMY_KILL","is_daily":false,"chose_seed":false,"campfire_upgraded":4,"win_rate":0.0,"timestamp":1610844036,"path_taken":["M","?","?","?","$","E","R","M","T","$","M","R","M","M","R","BOSS","M","?","M","AVR","?","R","$","R","T","?","M","R","M","$","R","BOSS"],"items_purchased_type":["Card","Card","Relic","Relic","Relic","Potion","Relic","Card","Card"],"build_version":"2020-12-22","purchased_purges":1,"victory":false,"max_hp_per_floor":[70,70,70,70,70,70,70,70,70,70,70,70,70,70,70,70,70,70,70,70,75,75,75,75,75,75,75,75,75,75,75,75,75,75],"card_choices":[{"not_picked":["jesterMod:OblivionStrike","jesterMod:ButterKnife"],"picked":"jesterMod:Frenzy","floor":1},{"not_picked":["jesterMod:Disposophobia","jesterMod:LaughingGas"],"picked":"jesterMod:Prankster","floor":6},{"not_picked":["jesterMod:BouncingKnife","jesterMod:Patience"],"picked":"jesterMod:Haste","floor":8},{"not_picked":["jesterMod:SelfMockery","jesterMod:TrickyDodge"],"picked":"jesterMod:DesperateStrike","floor":11},{"not_picked":["jesterMod:SelfMockery","jesterMod:Anticipation"],"picked":"jesterMod:Prankster","floor":13},{"not_picked":["jesterMod:Contradiction","jesterMod:TrickyDodge"],"picked":"jesterMod:OblivionStrike","floor":14},{"not_picked":["jesterMod:Encore","jesterMod:Drunkenness"],"picked":"jesterMod:Juggler","floor":16},{"not_picked":["jesterMod:Prankster","jesterMod:HitAndRun+1"],"picked":"jesterMod:Disposophobia","floor":18},{"not_picked":["jesterMod:BouncingKnife","jesterMod:Rebuff+1"],"picked":"jesterMod:Contradiction","floor":20},{"not_picked":["jesterMod:Tinker+1","jesterMod:Patience"],"picked":"jesterMod:Disposophobia","floor":21},{"not_picked":["jesterMod:Feint+1","jesterMod:PerfectDodge+1"],"picked":"jesterMod:Drunkenness","floor":28},{"not_picked":["jesterMod:Anticipation","jesterMod:Rebuff"],"picked":"jesterMod:Illness","floor":30},{"not_picked":["Master of Strategy","Violence"],"picked":"Apotheosis","floor":31},{"not_picked":["ReplayUltimateDefense","Master of Strategy"],"picked":"Madness","floor":31},{"not_picked":["Deep Breath","Replay:Sssssssssstrike"],"picked":"ReplayTheSpireMod:Brewmster","floor":31}],"player_experience":63244,"relics_obtained":[{"floor":6,"key":"Happy Flower"},{"floor":9,"key":"infinitespire:WardingShard"},{"floor":26,"key":"infinitespire:FocusingShard"},{"floor":27,"key":"Replay:Wax Seal"}],"event_choices":[{"damage_healed":0,"gold_gain":0,"player_choice":"Inject Mutagens","damage_taken":0,"relics_obtained":["MutagenicStrength"],"max_hp_gain":0,"max_hp_loss":0,"event_name":"Drug Dealer","floor":22,"gold_loss":0}],"is_beta":false,"boss_relics":[{"not_picked":["Runesmith:UraniumAnvil","ReplayTheSpireMod:DimensionalGlitch"],"picked":"SlaversCollar"}],"items_purged_floors":[24],"is_endless":false,"potions_floor_spawned":[6,13,16,18,20,28],"killed_by":"Automaton","ascension_level":0}}