{"host":"qrt7o4dq2qslzw13","time":1610858618,"event":{"mods":["AchievementEnabler","BaseMod","Colored Map","Colored Powertips","Minty Spire (QoL Compilation)","Quick Restart","StSLib","SuperFastMode"],"gold_per_floor":[209,222,91,101,114,114,114,132,182,132,157,176,176,191,191,293,293,303,322,322,322,24,24,59,59,86,106,106,28,56,6,6,102,102,114,114,389,403,37,37,57,57,83,83,43,56,56,89,89,89,89],"floor_reached":50,"language":"ENG","playtime":1429,"items_purged":[],"score":583,"play_id":"a4ff3095-a781-4441-9fbe-d87b8156b18a","local_time":"20210116234338","is_ascension_mode":false,"campfire_choices":[{"data":"Eruption","floor":6.0,"key":"SMITH"},{"floor":15.0,"key":"REST"},{"data":"1","floor":23.0,"key":"LIFT"},{"data":"2","floor":25.0,"key":"LIFT"},{"data":"3","floor":28.0,"key":"LIFT"},{"data":"Ragnarok","floor":32.0,"key":"SMITH"},{"floor":40.0,"key":"RECALL"},{"data":"DeceiveReality","floor":42.0,"key":"SMITH"},{"data":"Meditate","floor":44.0,"key":"SMITH"},{"data":"Swivel","floor":47.0,"key":"SMITH"},{"floor":49.0,"key":"REST"}],"circlet_count":0,"master_deck":["Strike_P","Defend_P","Defend_P+1","Defend_P","Defend_P","Eruption+1","Vigilance","CutThroughFate","Swivel+1","Wireheading+1","ThirdEye","Meditate+1","ReachHeaven","Vault+1","ReachHeaven","DeceiveReality+1","Ragnarok+1","Evaluate+1","BattleHymn","Nirvana","TalkToTheHand","BowlingBash","DevaForm","Conclude+1","Regret","ThirdEye+1","Indignation","BattleHymn","SashWhip+1","WaveOfTheHand","Halt+1"],"relics":["PureWater","Singing Bowl","Omamori","Nunchaku","Damaru","Calling Bell","Akabeko","Yang","Mango","Girya","MealTicket","War Paint","Smiling Mask","Empty Cage","Shuriken","CaptainsWheel"],"acts_visited":["Exordium","TheCity","TheBeyond"],"potions_floor_usage":[],"damage_taken":[{"damage":0.0,"enemies":"Small Slimes","floor":1.0,"turns":2.0},{"damage":0.0,"enemies":"2 Louse","floor":2.0,"turns":2.0},{"damage":2.0,"enemies":"Cultist","floor":4.0,"turns":3.0},{"damage":5.0,"enemies":"2 Fungi Beasts","floor":5.0,"turns":5.0},{"damage":4.0,"enemies":"Looter","floor":8.0,"turns":3.0},{"damage":11.0,"enemies":"Lagavulin","floor":11.0,"turns":5.0},{"damage":8.0,"enemies":"Red Slaver","floor":12.0,"turns":2.0},{"damage":0.0,"enemies":"2 Fungi Beasts","floor":14.0,"turns":3.0},{"damage":27.0,"enemies":"Hexaghost","floor":16.0,"turns":8.0},{"damage":10.0,"enemies":"3 Byrds","floor":18.0,"turns":7.0},{"damage":7.0,"enemies":"Shell Parasite","floor":19.0,"turns":5.0},{"damage":17.0,"enemies":"Slavers","floor":24.0,"turns":4.0},{"damage":7.0,"enemies":"Snake Plant","floor":27.0,"turns":5.0},{"damage":0.0,"enemies":"Book of Stabbing","floor":30.0,"turns":1.0},{"damage":50.0,"enemies":"Automaton","floor":33.0,"turns":8.0},{"damage":0.0,"enemies":"3 Shapes","floor":35.0,"turns":4.0},{"damage":5.0,"enemies":"3 Darklings","floor":38.0,"turns":5.0},{"damage":7.0,"enemies":"Spire Growth","floor":41.0,"turns":5.0},{"damage":14.0,"enemies":"Sphere and 2 Shapes","floor":46.0,"turns":5.0},{"damage":17.0,"enemies":"Giant Head","floor":48.0,"turns":6.0},{"damage":0,"enemies":"Time Eater","floor":50,"turns":1}],"seed_played":"8416345398241703647","potions_obtained":[{"floor":4.0,"key":"Weak Potion"},{"floor":8.0,"key":"LiquidMemories"},{"floor":11.0,"key":"BottledMiracle"},{"floor":12.0,"key":"Block Potion"},{"floor":18.0,"key":"AttackPotion"},{"floor":24.0,"key":"SneckoOil"},{"floor":27.0,"key":"ColorlessPotion"},{"floor":35.0,"key":"Weak Potion"},{"floor":48.0,"key":"Energy Potion"}],"is_trial":false,"path_per_floor":["M","M","$","M","M","R","?","M","T","?","E","M","?","M","R","B",null,"M","M","?","?","$","R","E","R","T","M","R","$","E","$","R","B",null,"M","?","?","M","$","R","M","R","T","R","?","M","R","E","R","B"],"character_chosen":"WATCHER","items_purchased":["Wireheading","ThirdEye","Girya","TalkToTheHand","BowlingBash","Shuriken","Indignation","BattleHymn"],"campfire_rested":2,"item_purchase_floors":[3,3,22,29,31,39,39,39],"current_hp_per_floor":[72,72,72,70,65,65,65,63,63,63,52,44,37,37,59,32,88,78,71,71,71,71,71,56,56,56,49,49,64,66,81,81,31,92,92,92,92,87,92,92,85,85,85,85,85,71,71,54,81,81,81],"gold":89,"neow_bonus":"HUNDRED_GOLD","is_daily":false,"chose_seed":false,"campfire_upgraded":5,"win_rate":0.0,"timestamp":1610858618,"path_taken":["M","M","$","M","M","R","?","M","T","?","E","M","?","M","R","BOSS","M","M","?","?","$","R","E","R","T","?","R","$","E","$","R","BOSS","M","?","?","?","$","R","M","R","T","R","?","M","R","E","R","BOSS"],"items_purchased_type":["Card","Card","Relic","Card","Card","Relic","Card","Card"],"build_version":"2020-12-22","purchased_purges":0,"victory":false,"max_hp_per_floor":[72,72,72,72,72,72,72,74,74,74,74,74,74,74,74,74,88,88,88,88,88,88,88,90,90,90,90,90,90,92,92,92,92,92,92,92,92,92,92,92,92,92,92,92,92,92,92,92,92,92,92],"card_choices":[{"not_picked":["Evaluate","CrushJoints"],"picked":"CutThroughFate","floor":1.0},{"not_picked":["Indignation","Protect"],"picked":"Swivel","floor":2.0},{"not_picked":["CutThroughFate","Pray"],"picked":"Meditate","floor":4.0},{"not_picked":["Protect","Halt"],"picked":"ReachHeaven","floor":5.0},{"not_picked":["EmptyFist","JustLucky","SignatureMove"],"picked":"Singing Bowl","floor":8.0},{"not_picked":["EmptyBody","Weave"],"picked":"Vault","floor":11.0},{"not_picked":["FlurryOfBlows","Crescendo"],"picked":"ReachHeaven","floor":12.0},{"not_picked":["Vengeance","FlurryOfBlows"],"picked":"DeceiveReality","floor":14.0},{"not_picked":["LessonLearned","ConjureBlade"],"picked":"Ragnarok","floor":16.0},{"not_picked":["EmptyBody","FollowUp"],"picked":"Consecrate+1","floor":18.0},{"not_picked":["Fasting2","Protect+1"],"picked":"Evaluate+1","floor":19.0},{"not_picked":["Crescendo","BowlingBash","SashWhip"],"picked":"Singing Bowl","floor":24.0},{"not_picked":["ClearTheMind","SashWhip"],"picked":"Nirvana","floor":27.0},{"not_picked":["Nirvana","PathToVictory","TalkToTheHand"],"picked":"Singing Bowl","floor":30.0},{"not_picked":["SpiritShield","LessonLearned"],"picked":"DevaForm","floor":33.0},{"not_picked":["Tantrum+1","Meditate"],"picked":"Conclude+1","floor":35.0},{"not_picked":["CrushJoints+1","Worship+1"],"picked":"ThirdEye+1","floor":38.0},{"not_picked":["Pray","Consecrate"],"picked":"SashWhip+1","floor":41.0},{"not_picked":["Prostrate","CrushJoints+1"],"picked":"WaveOfTheHand","floor":46.0},{"not_picked":["CrushJoints+1","Consecrate+1"],"picked":"Halt+1","floor":48.0}],"player_experience":568415,"relics_obtained":[{"floor":9.0,"key":"Omamori"},{"floor":11.0,"key":"Nunchaku"},{"floor":17.0,"key":"Akabeko"},{"floor":17.0,"key":"Yang"},{"floor":17.0,"key":"Mango"},{"floor":24.0,"key":"MealTicket"},{"floor":26.0,"key":"War Paint"},{"floor":30.0,"key":"Smiling Mask"},{"floor":48.0,"key":"CaptainsWheel"}],"event_choices":[{"damage_healed":0.0,"max_hp_gain":0.0,"max_hp_loss":0.0,"gold_gain":0.0,"event_name":"Big Fish","player_choice":"Box","floor":7.0,"gold_loss":0.0,"damage_taken":0.0,"relics_obtained":["Singing Bowl"],"cards_obtained":["Regret"]},{"cards_removed":["Regret"],"damage_healed":0.0,"max_hp_gain":0.0,"max_hp_loss":0.0,"gold_gain":0.0,"event_name":"The Cleric","player_choice":"Card Removal","floor":10.0,"gold_loss":50.0,"damage_taken":0.0},{"damage_healed":0.0,"max_hp_gain":0.0,"max_hp_loss":0.0,"gold_gain":0.0,"event_name":"Scrap Ooze","player_choice":"Success","floor":13.0,"gold_loss":0.0,"damage_taken":7.0,"relics_obtained":["Damaru"]},{"damage_healed":0.0,"max_hp_gain":0.0,"max_hp_loss":0.0,"gold_gain":0.0,"event_name":"Forgotten Altar","player_choice":"Smashed Altar","floor":20.0,"gold_loss":0.0,"damage_taken":0.0,"cards_obtained":["Decay"]},{"damage_healed":0.0,"max_hp_gain":0.0,"max_hp_loss":0.0,"gold_gain":0.0,"cards_transformed":["Strike_P"],"event_name":"Transmorgrifier","player_choice":"Transformed","floor":21.0,"gold_loss":0.0,"damage_taken":0.0,"cards_obtained":["BattleHymn"]},{"cards_removed":["Consecrate"],"damage_healed":0.0,"max_hp_gain":0.0,"max_hp_loss":0.0,"gold_gain":0.0,"event_name":"Falling","player_choice":"Removed Attack","floor":36.0,"gold_loss":0.0,"damage_taken":0.0},{"damage_healed":0.0,"max_hp_gain":0.0,"max_hp_loss":0.0,"gold_gain":275.0,"event_name":"Golden Shrine","player_choice":"Desecrate","floor":37.0,"gold_loss":0.0,"damage_taken":0.0,"cards_obtained":["Regret"]},{"damage_healed":0.0,"max_hp_gain":0.0,"max_hp_loss":0.0,"gold_gain":0.0,"event_name":"Designer","player_choice":"Upgrade","floor":45.0,"gold_loss":40.0,"damage_taken":0.0,"cards_upgraded":["Wireheading"]}],"is_beta":false,"boss_relics":[{"not_picked":["Tiny House","Snecko Eye"],"picked":"Calling Bell"},{"not_picked":["Black Star","Runic Pyramid"],"picked":"Empty Cage"}],"items_purged_floors":[],"is_endless":false,"potions_floor_spawned":[4,8,11,12,18,24,27,35,48],"killed_by":"Time Eater","ascension_level":0}}