{"host":"jfbo3eu2ui08ej1u","time":1610865856,"event":{"mods":["2.2 Compatiblity","AchievementEnabler","Act Like it!","Aspiration","BaseMod","Better Altar","Better Match","Better Note","Better Sensory Stone","Better Skull","Better Third Choice","Block Reminder","Colored Map","Colored Powertips","Conspire","DeckTracker","Displayed Cursed Tome","Energized Spire","Fox Events","GifTheSpireLib","Hubris","Infinite Spire","Marked Mod","Minty Spire (QoL Compilation)","Pale of the Ancients","Quick Restart","Relic Filter","Reorder Act Four","Replay The Spire","Shop Mod","Spicy Shops","StSLib","Stuff the Spire","The Blue Laboratory","The Disciple","The Forsaken","The Hierophant","The Marked","Uncapped","Unceasing Turn Reminder","Wandering Minibosses"],"gold_per_floor":[114,114,114,133,49,75,75,0,0,0,32,45,45,56,56,135,135,152,163,163,163,163,163,188,188,188,202,202,202,202,202],"floor_reached":30,"language":"ENG","playtime":694,"items_purged":["Strike_P","Strike_P"],"score":508,"play_id":"3769592e-917f-43c2-97fd-ba6dcfe764da","local_time":"20210117014416","is_ascension_mode":true,"campfire_choices":[{"floor":7,"key":"REST"},{"data":"Replay:LoomingThreat","floor":10,"key":"SMITH"},{"floor":15,"key":"REST"},{"floor":23,"key":"REST"},{"floor":25,"key":"REST"},{"floor":28,"key":"REST"}],"circlet_count":0,"master_deck":["AscendersBane","Strike_P","Strike_P","Defend_P","Defend_P","Defend_P","Defend_P","Eruption+1","Vigilance","Replay:LoomingThreat+1","BowlingBash","Replay:BluntJabs","Replay:BluntJabs","SandsOfTime","Scrawl","BattleHymn","Parasite","FearNoEvil","Vault","EmptyFist","Wireheading","Adaptation","Wish","Study","Wallop","infinitespire:SevenWalls","infinitespire:Fortify"],"relics":["PureWater","hubris:ToyBattleship","Dream Catcher","InkBottle","CaptainsWheel","Replay:Bottled Snecko","ChewingGum","aspiration:RitualStick","conspire:TopHat","hubris:TinFlute","MealTicket"],"acts_visited":["Exordium","TheCity"],"potions_floor_usage":[6,16,16,30],"damage_taken":[{"damage":5,"enemies":"2 Louse","floor":1,"turns":2},{"damage":9,"enemies":"Jaw Worm","floor":4,"turns":6},{"damage":31,"enemies":"Gremlin Nob","floor":6,"turns":4},{"damage":12,"enemies":"3 Sentries","floor":11,"turns":3},{"damage":8,"enemies":"Small Slimes","floor":12,"turns":2},{"damage":11,"enemies":"Blue Slaver","floor":14,"turns":4},{"damage":33,"enemies":"Hexaghost","floor":16,"turns":7},{"damage":12,"enemies":"3 Byrds","floor":18,"turns":5},{"damage":6,"enemies":"2 Thieves","floor":19,"turns":4},{"damage":30,"enemies":"Book of Stabbing","floor":24,"turns":5},{"damage":16,"enemies":"Snake Plant","floor":27,"turns":2},{"damage":27,"enemies":"Colosseum Slavers","floor":30,"turns":2}],"seed_played":"5777631967047056364","potions_obtained":[{"floor":4,"key":"Explosive Potion"},{"floor":6,"key":"Strength Potion"},{"floor":12,"key":"Weak Potion"},{"floor":24,"key":"Regen Potion"}],"is_trial":false,"path_per_floor":["M","?","?","M","$","E","R","$","T","R","E","M","?","M","R","B",null,"M","M","?","?","?","R","E","R","T","M","R","AVR","?"],"character_chosen":"WATCHER","items_purchased":["Dream Catcher"],"campfire_rested":5,"item_purchase_floors":[5],"current_hp_per_floor":[56,51,51,42,42,11,31,31,31,31,19,11,28,17,37,4,52,40,34,34,37,20,40,10,30,30,14,34,34,12,12],"gold":202,"neow_bonus":"ONE_RANDOM_RARE_CARD","is_daily":false,"chose_seed":false,"campfire_upgraded":1,"win_rate":0.0,"timestamp":1610865856,"path_taken":["M","?","?","M","$","E","R","$","T","R","E","M","?","M","R","BOSS","M","M","?","?","?","R","E","R","T","M","R","AVR","?"],"items_purchased_type":["Relic"],"build_version":"2020-12-22","purchased_purges":2,"victory":false,"max_hp_per_floor":[68,68,68,68,68,68,68,68,68,68,68,68,68,68,68,68,68,68,68,68,68,68,68,68,68,68,68,68,68,68,68],"card_choices":[{"not_picked":["MarkedMod:Acupuncture","Consecrate"],"picked":"BowlingBash","floor":1},{"not_picked":["EmptyMind","Replay:AtTheReady"],"picked":"Replay:BluntJabs","floor":4},{"not_picked":["CutThroughFate","FlurryOfBlows"],"picked":"Replay:BluntJabs","floor":6},{"not_picked":["CarveReality","WindmillStrike"],"picked":"SandsOfTime","floor":7},{"not_picked":["Alpha","PathToVictory"],"picked":"Scrawl","floor":11},{"not_picked":["PathToVictory","EmptyMind"],"picked":"BattleHymn","floor":12},{"not_picked":["MarkedMod:OneThousandNeedles","EmptyFist"],"picked":"FearNoEvil","floor":14},{"not_picked":["Replay:AllIn","SpiritShield"],"picked":"Vault","floor":16},{"not_picked":["Indignation","WreathOfFlame+1"],"picked":"EmptyFist","floor":18},{"not_picked":["EmptyFist","FollowUp"],"picked":"Wireheading","floor":19},{"not_picked":["Prostrate","MarkedMod:FirstStrike"],"picked":"Adaptation","floor":23},{"not_picked":["BattleHymn+1","FlurryOfBlows"],"picked":"Wish","floor":24},{"not_picked":["EmptyMind","Replay:BluntJabs+1"],"picked":"Study","floor":25},{"not_picked":["Swivel","FlurryOfBlows+1"],"picked":"Wallop","floor":27}],"player_experience":1199984,"relics_obtained":[{"floor":6,"key":"InkBottle"},{"floor":9,"key":"CaptainsWheel"},{"floor":11,"key":"Replay:Bottled Snecko"},{"floor":24,"key":"conspire:TopHat"},{"floor":26,"key":"hubris:TinFlute"}],"event_choices":[{"damage_healed":0,"gold_gain":0,"player_choice":"Relic ","damage_taken":5,"max_hp_gain":0,"max_hp_loss":0,"event_name":"betterThird:BetterScrap","floor":2,"gold_loss":0,"cards_obtained":["hubris:TrickCloak"]},{"damage_healed":0,"gold_gain":0,"player_choice":"Grow","damage_taken":0,"max_hp_gain":0,"max_hp_loss":0,"event_name":"Living Wall","floor":3,"gold_loss":0,"cards_upgraded":["Eruption"]},{"damage_healed":17,"gold_gain":0,"player_choice":"Healed and dodged fight","damage_taken":0,"max_hp_gain":0,"max_hp_loss":0,"event_name":"Mushrooms","floor":13,"gold_loss":0,"cards_obtained":["Parasite"]},{"damage_healed":0,"gold_gain":0,"player_choice":"Fight","damage_taken":0,"max_hp_gain":0,"max_hp_loss":0,"event_name":"Colosseum","floor":30,"gold_loss":0}],"is_beta":false,"boss_relics":[{"not_picked":["aspiration:FutureDiary","hubris:ScarierMask"],"picked":"ChewingGum"}],"items_purged_floors":[8,29],"is_endless":false,"potions_floor_spawned":[4,6,12,24],"killed_by":"Colosseum Slavers","ascension_level":20}}