{"host":"j015jhc2yy25u1i1","time":1610854225,"event":{"mods":["AchievementEnabler","BaseMod","Colored Map","Colored Powertips","Dark Map","Highlight Path","Minty Spire (QoL Compilation)"],"gold_per_floor":[119,139,64,81,81,113,113,124,124,141,141,161,194,209,209,312,312,322,342,21,40,40,66,66,96,168,168,183,201,212,226,226,330,330,341,80,80,97,113,113,128,158,158,174,220,270,283,297,297,297,297,297,17,51,51,51],"floor_reached":55,"language":"ENG","playtime":3964,"items_purged":["Strike_R","Strike_R","Strike_R"],"score":742,"play_id":"de89473c-3133-4efa-a4c3-e96374c4277d","local_time":"20210116203025","is_ascension_mode":true,"campfire_choices":[{"data":"Body Slam","floor":7,"key":"SMITH"},{"data":"Inflame","floor":15,"key":"SMITH"},{"data":"Berserk","floor":24,"key":"SMITH"},{"floor":27,"key":"REST"},{"data":"Inflame","floor":32,"key":"SMITH"},{"floor":40,"key":"RECALL"},{"data":"Juggernaut","floor":49,"key":"SMITH"},{"data":"Inflame","floor":52,"key":"SMITH"}],"circlet_count":0,"master_deck":["Strike_R+1","Defend_R","Defend_R","Defend_R","Bash","Body Slam+1","Shrug It Off+1","Inflame+1","Inflame+1","Clothesline","Berserk+1","Bloodletting","Inflame+1","Metallicize+1","Battle Trance","Body Slam","Armaments+1","Pommel Strike+1","Juggernaut+1","Body Slam+1","Pommel Strike","Pommel Strike","Impervious","Shrug It Off","Iron Wave+1"],"relics":["Burning Blood","HornCleat","Ornamental Fan","Question Card","Busted Crown","Anchor","Nunchaku","Ancient Tea Set","Philosopher\u0027s Stone","Shuriken","Pantograph","Mummified Hand","TungstenRod","Champion Belt","StoneCalendar"],"acts_visited":["Exordium","TheCity","TheBeyond","TheEnding"],"potions_floor_usage":[16,16,23,33,42,50,50,54,54,55],"damage_taken":[{"damage":13,"enemies":"2 Louse","floor":1,"turns":3},{"damage":0,"enemies":"Small Slimes","floor":2,"turns":4},{"damage":2,"enemies":"Jaw Worm","floor":4,"turns":5},{"damage":20,"enemies":"Gremlin Nob","floor":6,"turns":4},{"damage":0,"enemies":"Looter","floor":8,"turns":3},{"damage":1,"enemies":"2 Fungi Beasts","floor":10,"turns":3},{"damage":13,"enemies":"Exordium Thugs","floor":12,"turns":3},{"damage":9,"enemies":"Lagavulin","floor":13,"turns":6},{"damage":0,"enemies":"3 Louse","floor":14,"turns":3},{"damage":39,"enemies":"Slime Boss","floor":16,"turns":11},{"damage":12,"enemies":"3 Byrds","floor":18,"turns":6},{"damage":0,"enemies":"Chosen","floor":19,"turns":4},{"damage":12,"enemies":"Snecko","floor":21,"turns":5},{"damage":48,"enemies":"Slavers","floor":23,"turns":8},{"damage":14,"enemies":"Book of Stabbing","floor":25,"turns":6},{"damage":11,"enemies":"Snake Plant","floor":28,"turns":4},{"damage":4,"enemies":"Chosen and Byrds","floor":29,"turns":5},{"damage":6,"enemies":"Cultist and Chosen","floor":30,"turns":6},{"damage":3,"enemies":"Centurion and Healer","floor":31,"turns":6},{"damage":31,"enemies":"Champ","floor":33,"turns":7},{"damage":13,"enemies":"3 Shapes","floor":35,"turns":5},{"damage":0,"enemies":"Orb Walker","floor":38,"turns":2},{"damage":8,"enemies":"Maw","floor":39,"turns":6},{"damage":0,"enemies":"Jaw Worm Horde","floor":41,"turns":4},{"damage":28,"enemies":"Reptomancer","floor":42,"turns":5},{"damage":0,"enemies":"Transient","floor":44,"turns":5},{"damage":13,"enemies":"2 Orb Walkers","floor":45,"turns":4},{"damage":27,"enemies":"Mind Bloom Boss Battle","floor":46,"turns":4},{"damage":2,"enemies":"Spire Growth","floor":47,"turns":3},{"damage":0,"enemies":"Jaw Worm Horde","floor":48,"turns":4},{"damage":35,"enemies":"Donu and Deca","floor":50,"turns":7},{"damage":66,"enemies":"Shield and Spear","floor":54,"turns":6},{"damage":58,"enemies":"The Heart","floor":55,"turns":3}],"seed_played":"-8445456877788795401","potions_obtained":[{"floor":8,"key":"Strength Potion"},{"floor":12,"key":"Fire Potion"},{"floor":13,"key":"Fire Potion"},{"floor":21,"key":"BloodPotion"},{"floor":28,"key":"SpeedPotion"},{"floor":31,"key":"Fire Potion"},{"floor":38,"key":"Block Potion"},{"floor":44,"key":"Energy Potion"}],"is_trial":false,"path_per_floor":["M","M","$","M","?","E","R","M","T","M","?","M","E","M","R","B",null,"M","M","$","M","?","E","R","E","T","R","M","M","M","M","R","B",null,"M","$","?","M","M","R","M","E","T","M","?","?","M","M","R","B",null,"R","$","E","B"],"character_chosen":"IRONCLAD","items_purchased":["Inflame","Anchor","Shuriken","Dexterity Potion","Dexterity Potion","Shrug It Off"],"campfire_rested":1,"item_purchase_floors":[20,20,36,53,53,53],"current_hp_per_floor":[73,79,79,80,64,50,50,56,56,61,61,54,51,57,57,24,80,74,80,80,74,74,48,48,40,40,64,59,61,61,64,64,39,80,73,73,73,76,74,74,76,54,54,60,53,55,59,65,65,47,76,76,76,16,0,0],"gold":51,"neow_bonus":"THREE_CARDS","is_daily":false,"chose_seed":false,"campfire_upgraded":6,"win_rate":0.0,"timestamp":1610854225,"path_taken":["M","M","$","M","?","E","R","M","T","M","?","M","E","M","R","BOSS","M","M","$","M","?","E","R","E","T","R","M","M","M","M","R","BOSS","M","$","?","M","M","R","M","E","T","M","?","?","M","M","R","BOSS","R","$","E","BOSS"],"items_purchased_type":["Card","Relic","Relic","Potion","Potion","Card"],"build_version":"2020-12-22","purchased_purges":3,"victory":false,"max_hp_per_floor":[80,80,80,80,80,80,80,80,80,80,80,80,80,80,80,80,80,80,80,80,80,80,80,80,80,80,80,80,80,80,80,80,80,80,80,80,76,76,76,76,76,76,76,76,76,76,76,76,76,76,76,76,76,76,76,76],"card_choices":[{"not_picked":["Armaments","Warcry"],"picked":"Body Slam","floor":0},{"not_picked":["Headbutt","Feel No Pain","Sever Soul"],"picked":"SKIP","floor":1},{"not_picked":["Warcry","Iron Wave"],"picked":"Shrug It Off","floor":2},{"not_picked":["Anger","Thunderclap","Sword Boomerang"],"picked":"SKIP","floor":4},{"not_picked":["Perfected Strike","Bludgeon"],"picked":"Inflame","floor":6},{"not_picked":["Anger","Body Slam"],"picked":"Inflame","floor":8},{"not_picked":["Clash","Second Wind"],"picked":"Clothesline","floor":10},{"not_picked":["Reckless Charge","Anger","Perfected Strike"],"picked":"SKIP","floor":12},{"not_picked":["Dropkick","Iron Wave","Hemokinesis"],"picked":"SKIP","floor":13},{"not_picked":["Carnage","Pommel Strike","Anger","Pummel"],"picked":"SKIP","floor":14},{"not_picked":["Bludgeon","Fiend Fire","Limit Break"],"picked":"Berserk","floor":16},{"not_picked":["Heavy Blade","Flex"],"picked":"SKIP","floor":18},{"not_picked":["Fire Breathing"],"picked":"Bloodletting","floor":19},{"not_picked":["Searing Blow","Thunderclap"],"picked":"SKIP","floor":21},{"not_picked":["Searing Blow+1","Clash"],"picked":"SKIP","floor":23},{"not_picked":["Juggernaut"],"picked":"Metallicize+1","floor":25},{"not_picked":["Cleave+1"],"picked":"Battle Trance","floor":28},{"not_picked":["Whirlwind+1"],"picked":"Body Slam","floor":29},{"not_picked":["Fire Breathing"],"picked":"Armaments+1","floor":30},{"not_picked":["Entrench"],"picked":"Pommel Strike+1","floor":31},{"not_picked":["Offering"],"picked":"Juggernaut","floor":33},{"not_picked":["Perfected Strike"],"picked":"Body Slam+1","floor":35},{"not_picked":["Flex+1","Fire Breathing+1"],"picked":"SKIP","floor":38},{"not_picked":["Twin Strike"],"picked":"Pommel Strike","floor":39},{"not_picked":["Flex+1","Headbutt+1"],"picked":"SKIP","floor":41},{"not_picked":["Entrench"],"picked":"Pommel Strike","floor":42},{"not_picked":["Perfected Strike","Rupture+1"],"picked":"SKIP","floor":44},{"not_picked":["Iron Wave","Hemokinesis+1"],"picked":"SKIP","floor":47},{"not_picked":["Flex+1"],"picked":"Impervious","floor":48},{"not_picked":["Burning Pact"],"picked":"Iron Wave+1","floor":54}],"player_experience":32757,"relics_obtained":[{"floor":6,"key":"HornCleat"},{"floor":9,"key":"Ornamental Fan"},{"floor":13,"key":"Question Card"},{"floor":23,"key":"Nunchaku"},{"floor":25,"key":"Ancient Tea Set"},{"floor":42,"key":"Pantograph"},{"floor":43,"key":"Mummified Hand"},{"floor":45,"key":"TungstenRod"},{"floor":46,"key":"Champion Belt"},{"floor":54,"key":"StoneCalendar"}],"event_choices":[{"damage_healed":0,"gold_gain":0,"player_choice":"Entered Light","damage_taken":16,"max_hp_gain":0,"max_hp_loss":0,"event_name":"Shining Light","floor":5,"gold_loss":0,"cards_upgraded":["Strike_R","Shrug It Off"]},{"cards_removed":["Strike_R"],"damage_healed":0,"gold_gain":0,"player_choice":"Forget","damage_taken":0,"max_hp_gain":0,"max_hp_loss":0,"event_name":"Living Wall","floor":11,"gold_loss":0},{"cards_removed":["Defend_R"],"damage_healed":0,"gold_gain":0,"player_choice":"Elegance","damage_taken":0,"max_hp_gain":0,"max_hp_loss":0,"event_name":"Back to Basics","floor":22,"gold_loss":0},{"damage_healed":0,"gold_gain":0,"player_choice":"Max HP","damage_taken":0,"max_hp_gain":0,"max_hp_loss":4,"event_name":"Winding Halls","floor":37,"gold_loss":0},{"damage_healed":0,"gold_gain":0,"player_choice":"Fight","damage_taken":0,"max_hp_gain":0,"max_hp_loss":0,"event_name":"Mysterious Sphere","floor":45,"gold_loss":0},{"damage_healed":0,"gold_gain":0,"player_choice":"Fight","damage_taken":0,"max_hp_gain":0,"max_hp_loss":0,"event_name":"MindBloom","floor":46,"gold_loss":0}],"is_beta":false,"boss_relics":[{"not_picked":["Runic Dome","Cursed Key"],"picked":"Busted Crown"},{"not_picked":["Black Blood","Calling Bell"],"picked":"Philosopher\u0027s Stone"}],"items_purged_floors":[3,20,53],"is_endless":false,"potions_floor_spawned":[8,12,13,21,28,31,38,41,44],"killed_by":"The Heart","ascension_level":1}}