{"host":"xwm2razxg55iceq9","time":1610904014,"event":{"mods":["AchievementEnabler","Aspiration","BaseMod","BetterRewards","Custom Start","Defuse TimeMaze Blight","Energized Spire","Halation","Hubris","Infinite Spire","LagranYue(???·?)","Marisa????????","Minty Spire (QoL Compilation)","Quick Restart","Remilia??????","SOS???????","StSLib","SuperFastMode","The Animator","The Bladedancer","The Death Knight","The Exalted","The Servant 0.9.4","The Wild Card","Yuri Mod"],"gold_per_floor":[217,235,245,261,278,278,296,312,382,398,66,94,94,94,94,189,189,207,220,234,8,8,8,8,8,31,49,62,62,62,62],"floor_reached":30,"language":"ENG","playtime":1031,"items_purged":[],"score":261,"play_id":"e974ae66-f423-4161-aed6-cadad61dac3d","local_time":"20210117172014","is_ascension_mode":false,"campfire_choices":[{"data":"LeisurelyOfLord","floor":6,"key":"SMITH"},{"floor":13,"key":"REST"},{"data":"BombardNight","floor":15,"key":"SMITH"},{"data":"BloodyHallows","floor":23,"key":"SMITH"},{"floor":25,"key":"REST"}],"circlet_count":0,"master_deck":["Strike_RM","Strike_RM","Strike_RM","Strike_RM","Defend_RM","Defend_RM","Defend_RM","Defend_RM","RedMoon","ScarletShoot","NightDance","VampireKiss","BloodHunter","LeisurelyOfLord+1","Stigmanizer","BombardNight+1","ScarletDream","EndlessAdversity","BloodyCatastrophe","Sadistic Nature","RedRainbow","HeartBreak","ScarletDevil+1","BloodyHallows+1","CharismaGuard+1","NightLord","BloodyCatastrophe","Shame","infinitespire:NeuralNetwork","FitfulNightmare","Septette+1","Wrath_TH","EndlessPower"],"relics":["ScarletHat","LagranYue:RandomDrawCardRelic","halation:BottledLove","Juzu Bracelet","hubris:VirtuousBlindfold","Bromod:ArcaneBarrier","infinitespire:EmpoweringShard","hubris:TenFootPole"],"acts_visited":["Exordium","TheCity"],"potions_floor_usage":[16],"damage_taken":[{"damage":4,"enemies":"Cultist","floor":1,"turns":4},{"damage":2,"enemies":"2 Louse","floor":2,"turns":2},{"damage":0,"enemies":"Jaw Worm","floor":3,"turns":5},{"damage":0,"enemies":"3 Louse","floor":4,"turns":2},{"damage":5,"enemies":"Blue Slaver","floor":5,"turns":4},{"damage":2,"enemies":"Red Slaver","floor":7,"turns":4},{"damage":1,"enemies":"Large Slime","floor":8,"turns":4},{"damage":3,"enemies":"3 Louse","floor":10,"turns":4},{"damage":23,"enemies":"3 Sentries","floor":12,"turns":2},{"damage":38,"enemies":"Hexaghost","floor":16,"turns":8},{"damage":14,"enemies":"Shell Parasite","floor":18,"turns":3},{"damage":0,"enemies":"Spheric Guardian","floor":19,"turns":2},{"damage":14,"enemies":"Snecko","floor":20,"turns":3},{"damage":20,"enemies":"Snake Plant","floor":27,"turns":3},{"damage":20,"enemies":"Centurion and Healer","floor":28,"turns":4},{"damage":41,"enemies":"Slavers","floor":30,"turns":2}],"seed_played":"-8755001977145187519","potions_obtained":[{"floor":4,"key":"EssenceOfSteel"},{"floor":7,"key":"LiquidMemories"},{"floor":8,"key":"DeathKnight:RimePotion"},{"floor":19,"key":"AttackPotion"}],"is_trial":false,"path_per_floor":["M","M","M","M","M","R","M","M","T","M","$","E","R","?","R","B",null,"M","M","M","$","?","R","AVR","R","T","M","M","?","E"],"character_chosen":"REMILIA","items_purchased":["BloodyCatastrophe","Sadistic Nature","NightLord","BloodyCatastrophe"],"campfire_rested":2,"item_purchase_floors":[11,11,21,21],"current_hp_per_floor":[71,69,69,69,64,64,63,63,63,60,60,38,60,68,68,34,75,62,63,52,52,52,52,52,74,74,55,38,38,0,0],"gold":62,"neow_bonus":"HUNDRED_GOLD","is_daily":false,"chose_seed":false,"campfire_upgraded":3,"win_rate":0.0,"timestamp":1610904014,"path_taken":["M","M","M","M","M","R","M","M","T","M","?","E","R","?","R","BOSS","M","M","M","$","?","R","AVR","R","T","M","M","?","E"],"items_purchased_type":["Card","Card","Card","Card"],"build_version":"2020-12-22","purchased_purges":0,"victory":false,"max_hp_per_floor":[75,75,75,75,75,75,75,75,75,75,75,75,75,75,75,75,75,75,75,75,75,75,75,75,75,75,75,75,75,75,75],"card_choices":[{"not_picked":["DiffusionOfMisfortune","BloodAndWine"],"picked":"NightDance","floor":1},{"not_picked":["Stigmanizer","NightLord"],"picked":"VampireKiss","floor":2},{"not_picked":["ScarletDevil","FavorOfDestiny"],"picked":"BloodHunter","floor":3},{"not_picked":["FavorOfDestiny","AfternoonTea"],"picked":"LeisurelyOfLord","floor":4},{"not_picked":["BadLadyScramble","NightDance"],"picked":"Stigmanizer","floor":5},{"not_picked":["ScarletImprint","DiffusionOfMisfortune"],"picked":"BombardNight","floor":7},{"not_picked":["BloodHunter","UnstableMagic"],"picked":"ScarletDream","floor":8},{"not_picked":["UltimateOffering","VampireKiss"],"picked":"EndlessAdversity","floor":10},{"not_picked":["MastersStateliness","LeisurelyOfLord"],"picked":"RedRainbow","floor":12},{"not_picked":["CeilingFear","KillingBlow"],"picked":"HeartBreak","floor":16},{"not_picked":["BloodyTrap","ScarletImprint"],"picked":"ScarletDevil+1","floor":18},{"not_picked":["BombardNight+1","NightDance"],"picked":"BloodyHallows","floor":19},{"not_picked":["VampireKiss","MastersStateliness"],"picked":"CharismaGuard+1","floor":20},{"not_picked":["Maim","FavorOfDestiny"],"picked":"FitfulNightmare","floor":27},{"not_picked":["UnstableMagic","StarOfDavid"],"picked":"Septette+1","floor":28}],"player_experience":266487,"relics_obtained":[{"floor":9,"key":"halation:BottledLove"},{"floor":12,"key":"Juzu Bracelet"},{"floor":26,"key":"hubris:TenFootPole"}],"event_choices":[],"is_beta":false,"boss_relics":[{"not_picked":["halation:CatFaceCupcake","halation:PinkAlligatorPlush"],"picked":"hubris:VirtuousBlindfold"}],"items_purged_floors":[],"is_endless":false,"potions_floor_spawned":[4,7,8,10,12,19],"killed_by":"Slavers","ascension_level":0}}