{"host":"ydg0vn0pu4pubmdt","time":1610844816,"event":{"mods":["AchievementEnabler","BaseMod","Colored Map","Gold Saver","Minty Spire (QoL Compilation)","Quick Restart","SuperFastMode"],"gold_per_floor":[336,336,286,36,36,36,70,70,142,176,188,222,247,262,262,365,415,428,443,443,368,386,386,414,414,414,443,443,475,475,488,488,488,488],"floor_reached":33,"language":"KOR","playtime":980,"items_purged":["Strike_G"],"score":461,"play_id":"987d5266-b0ca-44e1-aa2e-40136eef552d","local_time":"20210117095336","is_ascension_mode":true,"campfire_choices":[{"data":"Neutralize","floor":6.0,"key":"SMITH"},{"data":"Bouncing Flask","floor":8.0,"key":"SMITH"},{"data":"Well Laid Plans","floor":15.0,"key":"SMITH"},{"data":"Infinite Blades","floor":23.0,"key":"SMITH"},{"data":"PiercingWail","floor":25.0,"key":"SMITH"},{"data":"Crippling Poison","floor":28.0,"key":"SMITH"},{"floor":30.0,"key":"REST"},{"data":"Reflex","floor":32.0,"key":"SMITH"}],"circlet_count":0,"master_deck":["Strike_G+1","Strike_G","Strike_G","Defend_G+1","Defend_G","Defend_G","Defend_G","Survivor","Neutralize+1","Flying Knee+1","Bouncing Flask+1","Well Laid Plans+1","Endless Agony+1","Backflip","PiercingWail+1","Infinite Blades+1","Tactician+1","Crippling Poison+1","Reflex+1"],"relics":["Ring of the Snake","NeowsBlessing","Molten Egg 2","Ornamental Fan","Gremlin Horn","Shuriken","Toy Ornithopter","Bronze Scales","Tiny House","Pen Nib","Ninja Scroll","MealTicket","Bottled Flame"],"acts_visited":["Exordium","TheCity"],"potions_floor_usage":[33],"damage_taken":[{"damage":0.0,"enemies":"Jaw Worm","floor":1.0,"turns":1.0},{"damage":0.0,"enemies":"Lagavulin","floor":7.0,"turns":1.0},{"damage":0.0,"enemies":"3 Sentries","floor":10.0,"turns":1.0},{"damage":0.0,"enemies":"2 Louse","floor":11.0,"turns":2.0},{"damage":19.0,"enemies":"Lagavulin","floor":12.0,"turns":4.0},{"damage":0.0,"enemies":"Small Slimes","floor":14.0,"turns":2.0},{"damage":13.0,"enemies":"Hexaghost","floor":16.0,"turns":7.0},{"damage":3.0,"enemies":"2 Thieves","floor":18.0,"turns":4.0},{"damage":4.0,"enemies":"Spheric Guardian","floor":19.0,"turns":4.0},{"damage":11.0,"enemies":"Shelled Parasite and Fungi","floor":22.0,"turns":6.0},{"damage":19.0,"enemies":"Slavers","floor":24.0,"turns":6.0},{"damage":12.0,"enemies":"Gremlin Leader","floor":27.0,"turns":7.0},{"damage":16.0,"enemies":"Slavers","floor":29.0,"turns":4.0},{"damage":0.0,"enemies":"3 Cultists","floor":31.0,"turns":4.0},{"damage":50,"enemies":"Collector","floor":33,"turns":7}],"seed_played":"-2410868442067324028","potions_obtained":[{"floor":1.0,"key":"Ancient Potion"},{"floor":10.0,"key":"SpeedPotion"},{"floor":11.0,"key":"Strength Potion"},{"floor":16.0,"key":"Poison Potion"},{"floor":20.0,"key":"Dexterity Potion"},{"floor":27.0,"key":"FearPotion"},{"floor":31.0,"key":"PowerPotion"}],"is_trial":false,"path_per_floor":["M","?","?","$","?","R","E","R","T","E","M","E","T","M","R","B",null,"M","M","?","$","M","R","E","R","T","E","R","E","R","M","R","B"],"character_chosen":"THE_SILENT","items_purchased":["Molten Egg 2"],"campfire_rested":1,"item_purchase_floors":[4],"current_hp_per_floor":[70,56,56,56,56,56,56,56,56,56,56,37,37,37,37,29,65,62,58,58,58,47,47,43,43,43,31,31,20,42,42,42,0,0],"gold":488,"neow_bonus":"THREE_ENEMY_KILL","is_daily":false,"chose_seed":false,"campfire_upgraded":7,"win_rate":0.0,"timestamp":1610844816,"path_taken":["M","?","?","$","?","R","E","R","T","E","?","E","?","M","R","BOSS","M","M","?","$","?","R","E","R","T","E","R","E","R","M","R","BOSS"],"items_purchased_type":["Relic"],"build_version":"2020-12-22","purchased_purges":1,"victory":false,"max_hp_per_floor":[70,70,70,70,70,70,70,70,70,70,70,70,70,70,70,70,75,75,75,75,75,75,75,75,75,75,75,75,75,75,75,75,75,75],"card_choices":[{"not_picked":["Endless Agony","Sucker Punch"],"picked":"Flying Knee","floor":1.0},{"not_picked":["Footwork","Bane+1"],"picked":"Bouncing Flask","floor":7.0},{"not_picked":["Sucker Punch+1","Poisoned Stab+1"],"picked":"Well Laid Plans","floor":10.0},{"not_picked":["Underhanded Strike+1","Sucker Punch+1"],"picked":"Endless Agony+1","floor":11.0},{"not_picked":["Well Laid Plans","Footwork","Poisoned Stab+1"],"picked":"SKIP","floor":12.0},{"not_picked":["Well Laid Plans","Footwork","Poisoned Stab+1"],"picked":"SKIP","floor":12.0},{"not_picked":["Skewer+1","Outmaneuver"],"picked":"Backflip","floor":14.0},{"not_picked":["Quick Slash+1","Underhanded Strike+1"],"picked":"PiercingWail","floor":17.0},{"not_picked":["Dash+1","Underhanded Strike+1"],"picked":"Infinite Blades","floor":18.0},{"not_picked":["Cloak And Dagger","Caltrops","Backflip"],"picked":"SKIP","floor":19.0},{"not_picked":["Bane+1","Predator+1"],"picked":"Tactician+1","floor":22.0},{"not_picked":["Flying Knee+1","Infinite Blades+1","Slice+1"],"picked":"SKIP","floor":24.0},{"not_picked":["Setup+1","Malaise"],"picked":"Crippling Poison","floor":27.0},{"not_picked":["Escape Plan","Crippling Poison","Dagger Throw+1"],"picked":"SKIP","floor":29.0},{"not_picked":["Distraction","Slice+1"],"picked":"Reflex","floor":31.0}],"player_experience":424657,"relics_obtained":[{"floor":7.0,"key":"Ornamental Fan"},{"floor":9.0,"key":"Gremlin Horn"},{"floor":10.0,"key":"Shuriken"},{"floor":12.0,"key":"Toy Ornithopter"},{"floor":13.0,"key":"Bronze Scales"},{"floor":24.0,"key":"Pen Nib"},{"floor":26.0,"key":"Ninja Scroll"},{"floor":27.0,"key":"MealTicket"},{"floor":29.0,"key":"Bottled Flame"}],"event_choices":[{"damage_healed":0.0,"max_hp_gain":0.0,"max_hp_loss":0.0,"gold_gain":0.0,"event_name":"Shining Light","player_choice":"Entered Light","floor":2.0,"gold_loss":0.0,"damage_taken":14.0,"cards_upgraded":["Defend_G","Flying Knee"]},{"cards_removed":["Strike_G"],"damage_healed":0.0,"max_hp_gain":0.0,"max_hp_loss":0.0,"gold_gain":0.0,"event_name":"The Cleric","player_choice":"Card Removal","floor":3.0,"gold_loss":50.0,"damage_taken":0.0},{"cards_removed":["Defend_G"],"damage_healed":0.0,"max_hp_gain":0.0,"max_hp_loss":0.0,"gold_gain":0.0,"event_name":"Living Wall","player_choice":"Forget","floor":5.0,"gold_loss":0.0,"damage_taken":0.0},{"damage_healed":0.0,"max_hp_gain":0.0,"max_hp_loss":0.0,"gold_gain":0.0,"event_name":"Lab","player_choice":"Got Potions","floor":20.0,"gold_loss":0.0,"damage_taken":0.0}],"is_beta":false,"boss_relics":[{"not_picked":["Ectoplasm","Philosopher\u0027s Stone"],"picked":"Tiny House"}],"items_purged_floors":[21],"is_endless":false,"potions_floor_spawned":[1,10,11,16,27,31],"killed_by":"Collector","ascension_level":5}}