{"host":"59jh88lrys5rvd4j","time":1610921116,"event":{"mods":["2.2 Compatiblity","A Magickal Journey","Aspiration","Astrologer","BaseMod","Beaked The Cultist","Conspire","Energized Spire","Gremlin Mod","Kalas","Magitek Elite","Minty Spire (QoL Compilation)","StSLib","The Animator","The Cursed","The Necromancer"],"gold_per_floor":[109,109,128,128,128,128,159,6,6,31,64,103,103,103,103,204,204,214,214,25,25,25,54,54,54,54,85,115,115,134,144,144,247,247,265,39,39,0,50,92,126,126,126,183,183,183],"floor_reached":45,"language":"ENG","playtime":2187,"items_purged":["Float2_Spell"],"score":812,"play_id":"5b674f16-ff8e-416f-bf95-fb59e28b5414","local_time":"20210117170516","daily_mods":["Draft","Heirloom","Time Dilation","Flight"],"is_ascension_mode":false,"campfire_choices":[{"data":"Transpose_P","floor":6,"key":"SMITH"},{"floor":15,"key":"REST"},{"floor":25,"key":"REST"},{"floor":42,"key":"REST"}],"circlet_count":0,"master_deck":["Rune_Blade","Transpose_P+1","Transpose_P","Magnus_Hat","Blizzard_P","Water","Enhancer","Thunder_P","Water","Thunder_P","Force_Armor","Man_Eater","Blizzard_P","Icebrand","Esuna","Bravery","Osmosis","Thunder_P","Thunder_Blade","Trance+1","Aero","Tornado+1","Quake","conspire:Banana","Rune_Blade","Corruption+1","Juggernaut+1","Fire Breathing+1","Osmosis","Fire Breathing+1","Float2_Spell+1","Magnus_Hat","Thunder_Blade+1","Fire Breathing+1","Flametongue"],"relics":["Pendant","aspiration:HatOfInfinitePower","Omamori","Torii","aspiration:ArtOfWarUpgrade","Pantograph","Potion Belt","Frozen Egg 2","aspiration:IroncladSkillbook","Necronomicon","Blue Candle","aspiration:ChemicalBlood","Regal Pillow","StrikeDummy","Black Star","Medical Kit","Red Mask","Unceasing Top","Smiling Mask","CeramicFish","Toy Ornithopter","aspiration:FrozenJewel","Bag of Marbles","conspire:GlowingRock"],"acts_visited":["Exordium","TheCity","TheBeyond"],"potions_floor_usage":[12,16,18,23,39,39,40,40,41],"damage_taken":[{"damage":8,"enemies":"Jaw Worm","floor":1,"turns":2},{"damage":0,"enemies":"Small Slimes","floor":3,"turns":2},{"damage":1,"enemies":"Gremlin Nob","floor":7,"turns":5},{"damage":1,"enemies":"3 Sentries","floor":10,"turns":4},{"damage":0,"enemies":"Lagavulin","floor":11,"turns":6},{"damage":23,"enemies":"conspire:MimicChest","floor":12,"turns":8},{"damage":6,"enemies":"Hexaghost","floor":16,"turns":5},{"damage":0,"enemies":"2 Thieves","floor":18,"turns":4},{"damage":9,"enemies":"conspire:SneckoGhost","floor":23,"turns":5},{"damage":13,"enemies":"Gremlin Leader","floor":27,"turns":4},{"damage":15,"enemies":"Slavers","floor":28,"turns":3},{"damage":3,"enemies":"3 Byrds","floor":30,"turns":3},{"damage":0,"enemies":"3 Cultists","floor":31,"turns":3},{"damage":1,"enemies":"Automaton","floor":33,"turns":5},{"damage":11,"enemies":"Orb Walker","floor":35,"turns":3},{"damage":7,"enemies":"Mind Bloom Boss Battle","floor":39,"turns":7},{"damage":46,"enemies":"Nemesis","floor":40,"turns":8},{"damage":22,"enemies":"Giant Head","floor":41,"turns":7},{"damage":8,"enemies":"2 Orb Walkers","floor":44,"turns":3},{"damage":0,"enemies":"3 Darklings","floor":45,"turns":1}],"seed_played":"8598140968369272573","potions_obtained":[{"floor":1,"key":"Swift Potion"},{"floor":11,"key":"SteroidPotion"},{"floor":16,"key":"LiquidBronze"},{"floor":18,"key":"Block Potion"},{"floor":23,"key":"SkillPotion"},{"floor":30,"key":"Weak Potion"},{"floor":33,"key":"Strength Potion"},{"floor":40,"key":"conspire:TimeTravelPotion"},{"floor":40,"key":"PowerPotion"},{"floor":41,"key":"Block Potion"},{"floor":44,"key":"Swift Potion"}],"is_trial":true,"path_per_floor":["M","?","M","?","?","R","E","$","T","E","E","?","$","?","R","B",null,"M","?","$","?","?","E","$","R","T","E","E","R","M","M","R","B",null,"M","$","?","?","?","E","E","R","T","?","M"],"character_chosen":"MAGITEKELITE","items_purchased":["Bravery","Tornado+1","Quake","conspire:Banana","Medical Kit","Float2_Spell+1"],"campfire_rested":3,"item_purchase_floors":[8,20,20,20,36,36],"current_hp_per_floor":[55,61,61,66,59,59,58,58,58,57,57,34,34,9,29,48,68,68,52,52,52,52,48,48,68,68,60,50,50,51,55,55,72,72,65,65,65,65,70,73,56,75,75,71,71,71],"gold":183,"neow_bonus":"","is_daily":false,"chose_seed":false,"campfire_upgraded":1,"win_rate":0.0,"timestamp":1610921116,"path_taken":["M","?","M","?","?","R","E","?","T","E","E","?","$","?","R","BOSS","M","?","$","?","?","E","?","R","T","E","E","R","?","M","R","BOSS","M","$","?","?","?","E","E","R","T","?","?"],"items_purchased_type":["Card","Card","Card","Card","Relic","Card"],"build_version":"2020-12-22","purchased_purges":1,"victory":false,"max_hp_per_floor":[63,63,63,68,68,68,68,68,68,68,68,68,68,68,68,68,68,68,68,68,68,68,69,69,69,69,70,71,71,71,71,71,72,72,72,72,72,72,73,74,75,75,75,75,75,75],"card_choices":[{"not_picked":["Heavy_Shield","Circlet"],"picked":"Slow","floor":0},{"not_picked":["Throw","Gladius"],"picked":"Rune_Blade","floor":0},{"not_picked":["Man_Eater","Thornlet"],"picked":"Transpose_P","floor":0},{"not_picked":["Slow","Gaia_Gear"],"picked":"Transpose_P","floor":0},{"not_picked":["Vox","Float2_Spell"],"picked":"Magnus_Hat","floor":0},{"not_picked":["Barrier","Heavy_Shield"],"picked":"Blizzard_P","floor":0},{"not_picked":["Transfusion","Flametongue"],"picked":"Water","floor":0},{"not_picked":["Vox","Man_Eater"],"picked":"Enhancer","floor":0},{"not_picked":["Heavy_Shield","Magnus_Hat"],"picked":"Thunder_P","floor":0},{"not_picked":["Transpose2","Poisona"],"picked":"Water","floor":0},{"not_picked":["Circlet","Focus"],"picked":"Thunder_P","floor":0},{"not_picked":["Crystal_Sword","Poisona"],"picked":"Force_Armor","floor":0},{"not_picked":["Gaia_Gear","Cursed_Shield"],"picked":"Man_Eater","floor":0},{"not_picked":["Man_Eater","Falchion"],"picked":"Blizzard_P","floor":0},{"not_picked":["Flare","Man_Eater"],"picked":"Float2_Spell","floor":0},{"not_picked":["Falchion","Circlet"],"picked":"Icebrand","floor":1},{"not_picked":["Faith","Tornado"],"picked":"Esuna","floor":3},{"not_picked":["Water","Enhancer"],"picked":"Focus","floor":7},{"not_picked":["Barrier","Force_Armor"],"picked":"Osmosis","floor":10},{"not_picked":["Throw","Gaia_Gear"],"picked":"Thunder_P","floor":11},{"not_picked":["Magnus_Hat","Dispel"],"picked":"Thunder_Blade","floor":12},{"not_picked":["Valor","Remember"],"picked":"Trance+1","floor":16},{"not_picked":["Headbutt","Slow+1","Perfected Strike"],"picked":"Aero","floor":18},{"not_picked":["Power Through","Rasp","Vox"],"picked":"Rune_Blade","floor":23},{"not_picked":["Wild Strike","Entrench+1","Warcry"],"picked":"Corruption+1","floor":27},{"not_picked":["Circlet","Haste+1","Transpose_P+1"],"picked":"Juggernaut+1","floor":28},{"not_picked":["Magus_Robe","Perfected Strike+1","Barrier"],"picked":"Fire Breathing+1","floor":30},{"not_picked":["Intimidate","Gaia_Gear","Sword Boomerang","Warcry"],"picked":"SKIP","floor":31},{"not_picked":["Bludgeon","Gravity","Double Tap"],"picked":"Osmosis","floor":33},{"not_picked":["Holy","Headbutt","Aero"],"picked":"Fire Breathing+1","floor":35},{"not_picked":["Wild Strike","Clash","Entrench"],"picked":"Magnus_Hat","floor":39},{"not_picked":["Clash+1","Hemokinesis+1","conspire:ExplosiveBarrier+1"],"picked":"Thunder_Blade+1","floor":40},{"not_picked":["Thunderclap+1","Evolve+1","Pommel Strike"],"picked":"Fire Breathing+1","floor":41},{"not_picked":["Wild Strike","Barrier+1","Havoc"],"picked":"Flametongue","floor":44}],"player_experience":512781,"relics_obtained":[{"floor":7,"key":"Omamori"},{"floor":9,"key":"Torii"},{"floor":10,"key":"Art of War"},{"floor":11,"key":"Pantograph"},{"floor":12,"key":"Potion Belt"},{"floor":19,"key":"Necronomicon"},{"floor":23,"key":"Blue Candle"},{"floor":26,"key":"aspiration:ChemicalBlood"},{"floor":27,"key":"Regal Pillow"},{"floor":28,"key":"StrikeDummy"},{"floor":39,"key":"Unceasing Top"},{"floor":40,"key":"Smiling Mask"},{"floor":40,"key":"CeramicFish"},{"floor":41,"key":"Toy Ornithopter"},{"floor":41,"key":"aspiration:FrozenJewel"},{"floor":43,"key":"Bag of Marbles"},{"floor":44,"key":"conspire:GlowingRock"}],"event_choices":[{"damage_healed":0,"gold_gain":0,"player_choice":"Donut","damage_taken":0,"max_hp_gain":5,"max_hp_loss":0,"event_name":"Big Fish","floor":4,"gold_loss":0},{"cards_removed":["Slow"],"damage_healed":0,"gold_gain":0,"player_choice":"Card Removal","damage_taken":7,"max_hp_gain":0,"max_hp_loss":0,"event_name":"Golden Wing","floor":5,"gold_loss":0},{"damage_healed":0,"gold_gain":0,"player_choice":"Success","damage_taken":25,"relics_obtained":["Frozen Egg 2"],"max_hp_gain":0,"max_hp_loss":0,"event_name":"Scrap Ooze","floor":14,"gold_loss":0},{"damage_healed":0,"gold_gain":0,"player_choice":"Obtained Book","damage_taken":16,"max_hp_gain":0,"max_hp_loss":0,"event_name":"Cursed Tome","floor":19,"gold_loss":0},{"damage_healed":0,"gold_gain":0,"player_choice":"Leave","damage_taken":0,"max_hp_gain":0,"max_hp_loss":0,"event_name":"conspire:Investor","floor":21,"gold_loss":0},{"damage_healed":0,"gold_gain":0,"player_choice":"Ignored","damage_taken":0,"max_hp_gain":0,"max_hp_loss":0,"event_name":"Vampires","floor":22,"gold_loss":0},{"cards_removed":["Focus"],"damage_healed":0,"gold_gain":0,"player_choice":"Removed Skill","damage_taken":0,"max_hp_gain":0,"max_hp_loss":0,"event_name":"Falling","floor":37,"gold_loss":0},{"damage_healed":0,"gold_gain":0,"player_choice":"Paid","damage_taken":0,"relics_obtained":["Red Mask"],"max_hp_gain":0,"max_hp_loss":0,"event_name":"Tomb of Lord Red Mask","floor":38,"gold_loss":39},{"damage_healed":0,"gold_gain":0,"player_choice":"Fight","damage_taken":0,"max_hp_gain":0,"max_hp_loss":0,"event_name":"MindBloom","floor":39,"gold_loss":0},{"damage_healed":0,"gold_gain":0,"player_choice":"Fight","damage_taken":0,"max_hp_gain":0,"max_hp_loss":0,"event_name":"Mysterious Sphere","floor":44,"gold_loss":0}],"is_beta":false,"boss_relics":[{"not_picked":["energizedSpire:OgreHead","Coffee Dripper"],"picked":"aspiration:IroncladSkillbook"},{"not_picked":["Astrolabe","energizedSpire:StickyHand"],"picked":"Black Star"}],"items_purged_floors":[8],"is_endless":true,"potions_floor_spawned":[1,11,16,18,23,30,33,40,41,44],"killed_by":"3 Darklings","ascension_level":0}}