{"host":"sdjng9zhqonqi3uc","time":1610914397,"event":{"mods":["2.2 Compatiblity","AchievementEnabler","BaseMod","Better Third Choice","BetterRewards","Colored Powertips","Hero for Fun","Minty Spire (QoL Compilation)","Quick Restart","Shop Mod","Spicy Shops","StSLib","Td1madao Mod","The Animator","The Cursed","The Servant 0.9.4"],"gold_per_floor":[119,294,294,312,106,106,106],"floor_reached":6,"language":"ENG","playtime":273,"items_purged":["animator:Strike","animator:Strike"],"score":69,"play_id":"fd09b2de-1eb6-4601-86a9-608f878fd08e","local_time":"20210117211317","is_ascension_mode":true,"campfire_choices":[],"circlet_count":0,"master_deck":["animator:Strike_OnePunchMan","animator:Defend_OnePunchMan","animator:Strike","animator:Defend","animator:Defend","animator:Defend","animator:Genos","animator:MumenRider","animator:Rider","Doubt","Burn"],"relics":["animator:LivingPicture","animator:TheMissingPiece","animator:PurgingStone","Bronze Scales","Darkstone Periapt","MerchantsRug","PrismaticShard"],"acts_visited":["Exordium"],"potions_floor_usage":[],"damage_taken":[{"damage":5,"enemies":"Small Slimes","floor":1,"turns":3},{"damage":20,"enemies":"Jaw Worm","floor":4,"turns":4},{"damage":29,"enemies":"3 Sentries","floor":6,"turns":4}],"seed_played":"-3118457720243503773","potions_obtained":[{"floor":4,"key":"Swift Potion"}],"is_trial":false,"path_per_floor":["M","?","?","M","$","E"],"character_chosen":"THE_ANIMATOR","items_purchased":["Bronze Scales","Darkstone Periapt","MerchantsRug","PrismaticShard"],"campfire_rested":0,"item_purchase_floors":[0,0,5,5],"current_hp_per_floor":[37,43,43,23,23,0,0],"gold":106,"neow_bonus":"","is_daily":false,"chose_seed":false,"campfire_upgraded":0,"win_rate":0.0,"timestamp":1610914397,"path_taken":["M","?","?","M","$","E"],"items_purchased_type":["Relic","Relic","Relic","Relic"],"build_version":"2020-12-22","purchased_purges":2,"victory":false,"max_hp_per_floor":[80,86,86,86,86,86,86],"card_choices":[{"not_picked":["animator:Tet","animator:Yoichi","animator:Hakurou"],"picked":"SKIP","floor":1},{"not_picked":["animator:Shigure","animator:Caster","animator:Entoma"],"picked":"SKIP","floor":4}],"player_experience":319043,"relics_obtained":[],"event_choices":[{"damage_healed":0,"gold_gain":175,"player_choice":"AGREE","damage_taken":119,"max_hp_gain":0,"max_hp_loss":0,"event_name":"betterThird:BetterSerpent","floor":2,"gold_loss":0},{"damage_healed":43,"gold_gain":0,"player_choice":"Embrace Burn","damage_taken":0,"max_hp_gain":0,"max_hp_loss":86,"event_name":"betterThird:BetterShining","floor":3,"gold_loss":0}],"is_beta":false,"boss_relics":[],"items_purged_floors":[0,0],"is_endless":false,"potions_floor_spawned":[4],"killed_by":"3 Sentries","ascension_level":6}}