{"host":"1x0iiauhsd6tfigj","time":1610860377,"event":{"mods":["AchievementEnabler","BaseMod","Block Reminder","Colored Map","Colored Powertips","DeckTracker","Googly Eyes","Highlight Path","Minty Spire (QoL Compilation)","Permanent Neow","Quick Restart","Relic Sorter","Relic Stats","Slay-I","StSLib"],"gold_per_floor":[144,189,189,189,234,234,324,369,369,414,459,504,504,177,177,477,477,522,567,247,247,120,210,125,215,215,215,260,305,404,404,404,704,704,749,486,486,220,265,355,355,400,400,400,360,35,80,125,125,125],"floor_reached":51,"language":"ENG","playtime":3649,"items_purged":[],"score":1117,"play_id":"23e86e25-1879-4b60-80ea-43b98c3603e5","local_time":"20210116221257","daily_mods":["SealedDeck","Hoarder","Midas"],"is_ascension_mode":false,"campfire_choices":[{"floor":6,"key":"REST"},{"floor":13,"key":"REST"},{"floor":15,"key":"REST"},{"floor":27,"key":"REST"},{"floor":32,"key":"REST"},{"floor":41,"key":"REST"},{"floor":44,"key":"REST"},{"floor":49,"key":"REST"}],"circlet_count":0,"master_deck":["Steam","Steam","Steam","Beam Cell","Beam Cell","Beam Cell","Coolheaded","Coolheaded","Coolheaded","Hologram","Hologram","Hologram","Loop","Loop","Beam Cell","Beam Cell","Beam Cell","Conserve Battery","Conserve Battery","Leap","Leap","Leap","Go for the Eyes","Go for the Eyes","Go for the Eyes","Go for the Eyes","Go for the Eyes","Go for the Eyes","Leap","Leap","Leap","Cold Snap","Cold Snap","Cold Snap+1","Core Surge","Core Surge","Core Surge","Gash","Gash","Gash","Beam Cell","Beam Cell","Beam Cell","Steam","Steam+1","Steam","Go for the Eyes","Go for the Eyes","Go for the Eyes","Chill","Chill","Chill","Defragment","Defragment","Defragment","Coolheaded+1","Coolheaded","Coolheaded","Core Surge","Core Surge","Core Surge","Ball Lightning","Ball Lightning","Ball Lightning","Static Discharge","Static Discharge","Static Discharge","Glacier+1","Glacier","Glacier","Go for the Eyes","Go for the Eyes","Go for the Eyes","BootSequence","BootSequence","BootSequence","Defragment","Defragment","Defragment","Sweeping Beam+1","Sweeping Beam+1","Sweeping Beam+1","Conserve Battery+1","Conserve Battery+1","Conserve Battery+1","Stack+1","Stack+1","Stack+1","Cold Snap+1","Cold Snap+1","Cold Snap+1","Doom and Gloom","Doom and Gloom","Doom and Gloom","Defragment","Defragment","Defragment","Gash","Gash","Gash","Barrage+1","Barrage+1","Barrage+1","Sweeping Beam","Sweeping Beam","Sweeping Beam","Defragment+1","Defragment+1","Defragment+1","Self Repair","Self Repair","Self Repair"],"relics":["Cracked Core","Pear","Potion Belt","Darkstone Periapt","Membership Card","Nunchaku","Fusion Hammer","Mango","Bottled Lightning","Orichalcum","Bottled Flame","Toxic Egg 2","Vajra","Matryoshka","PreservedInsect","Shuriken","Black Star","Ice Cream","Ancient Tea Set","Orrery","Bottled Tornado","War Paint","White Beast Statue","Juzu Bracelet","CaptainsWheel","Thread and Needle"],"acts_visited":["Exordium","TheCity","TheBeyond"],"potions_floor_usage":[23,25,25,25,25,33,36,40,40,40,50,50,50,50,50],"damage_taken":[{"damage":0,"enemies":"2 Louse","floor":1,"turns":3},{"damage":8,"enemies":"Cultist","floor":2,"turns":4},{"damage":0,"enemies":"Small Slimes","floor":5,"turns":4},{"damage":0,"enemies":"3 Sentries","floor":7,"turns":9},{"damage":0,"enemies":"Looter","floor":8,"turns":2},{"damage":2,"enemies":"2 Fungi Beasts","floor":10,"turns":3},{"damage":0,"enemies":"Large Slime","floor":11,"turns":4},{"damage":0,"enemies":"Lots of Slimes","floor":12,"turns":5},{"damage":21,"enemies":"Slime Boss","floor":16,"turns":14},{"damage":0,"enemies":"Spheric Guardian","floor":18,"turns":5},{"damage":2,"enemies":"Chosen","floor":19,"turns":4},{"damage":21,"enemies":"Slavers","floor":23,"turns":6},{"damage":19,"enemies":"Gremlin Leader","floor":25,"turns":9},{"damage":11,"enemies":"3 Cultists","floor":28,"turns":5},{"damage":11,"enemies":"Snake Plant","floor":29,"turns":4},{"damage":16,"enemies":"Automaton","floor":33,"turns":8},{"damage":6,"enemies":"3 Darklings","floor":35,"turns":6},{"damage":16,"enemies":"3 Shapes","floor":39,"turns":7},{"damage":32,"enemies":"Reptomancer","floor":40,"turns":3},{"damage":0,"enemies":"Transient","floor":42,"turns":5},{"damage":0,"enemies":"Writhing Mass","floor":47,"turns":7},{"damage":5,"enemies":"Jaw Worm Horde","floor":48,"turns":6},{"damage":15,"enemies":"Awakened One","floor":50,"turns":16}],"seed_played":"7372172642885907109","potions_obtained":[{"floor":7,"key":"Regen Potion"},{"floor":10,"key":"SneckoOil"},{"floor":11,"key":"SneckoOil"},{"floor":18,"key":"BlessingOfTheForge"},{"floor":23,"key":"LiquidBronze"},{"floor":25,"key":"CultistPotion"},{"floor":39,"key":"ColorlessPotion"},{"floor":47,"key":"EntropicBrew"},{"floor":48,"key":"SteroidPotion"}],"is_trial":false,"path_per_floor":["M","M","?","?","M","R","E","M","T","M","M","M","R","$","R","B",null,"M","M","$","?","$","E","?","E","T","R","M","M","?","T","R","B",null,"M","$","?","$","M","E","R","M","T","R","?","$","M","M","R","B",null],"character_chosen":"DEFECT","items_purchased":["Membership Card","Defragment","Coolheaded","Regen Potion","Nunchaku","Mango","Glacier","Bottled Lightning","FocusPotion","Orichalcum","Go for the Eyes","Dexterity Potion","Ice Cream","Fruit Juice","Regen Potion","Stack+1","Ancient Tea Set","Orrery","FairyPotion","Defragment","AttackPotion","Gash","CaptainsWheel","Thread and Needle","Strength Potion"],"campfire_rested":8,"item_purchase_floors":[14,14,14,14,14,20,20,20,20,22,22,22,36,36,36,36,38,38,38,38,38,38,46,46,46],"current_hp_per_floor":[75,67,67,77,77,85,85,85,85,83,83,83,85,85,85,64,85,85,83,97,97,97,76,76,66,66,95,84,73,73,73,99,83,99,93,98,98,98,82,55,86,86,86,104,104,104,104,99,104,89],"gold":125,"neow_bonus":"","is_daily":true,"chose_seed":false,"campfire_upgraded":0,"win_rate":0.0,"timestamp":1610860377,"path_taken":["M","M","?","?","?","R","E","M","T","M","M","M","R","$","R","BOSS","M","M","$","?","$","E","?","E","T","R","M","M","?","?","R","BOSS","M","$","?","$","M","E","R","M","T","R","?","$","M","M","R","BOSS"],"items_purchased_type":["Relic","Card","Card","Potion","Relic","Relic","Card","Relic","Potion","Relic","Card","Potion","Relic","Potion","Potion","Card","Relic","Relic","Potion","Card","Potion","Card","Relic","Relic","Potion"],"build_version":"2020-12-22","purchased_purges":0,"victory":true,"max_hp_per_floor":[75,75,75,85,85,85,85,85,85,85,85,85,85,85,85,85,85,85,85,99,99,99,99,99,99,99,99,99,99,99,99,99,99,99,99,104,104,104,104,104,104,104,104,104,104,104,104,104,104,104],"relic_stats":{"Darkstone Periapt":0,"Nunchaku":[25],"counters":[23,139],"Shuriken":[32],"PreservedInsect":59,"Black Star":1,"Juzu Bracelet":0,"Orichalcum":[42],"War Paint":["Steam","Coolheaded"],"obtain_stats":[{"Darkstone Periapt":9,"Ice Cream":36,"Vajra":25,"Mango":20,"Juzu Bracelet":43,"Bottled Tornado":40,"Ancient Tea Set":38,"Nunchaku":14,"Matryoshka":26,"Fusion Hammer":17,"Toxic Egg 2":24,"Cracked Core":0,"Potion Belt":7,"Pear":4,"Thread and Needle":46,"PreservedInsect":31,"Orichalcum":22,"War Paint":40,"White Beast Statue":43,"Bottled Flame":23,"CaptainsWheel":46,"Shuriken":31,"Orrery":38,"Black Star":34,"Membership Card":14,"Bottled Lightning":20},{"Darkstone Periapt":5,"Ice Cream":17,"Vajra":13,"Mango":11,"Juzu Bracelet":20,"Bottled Tornado":19,"Ancient Tea Set":17,"Nunchaku":8,"Matryoshka":13,"Fusion Hammer":9,"Toxic Egg 2":12,"Cracked Core":0,"Potion Belt":4,"Pear":2,"Thread and Needle":20,"PreservedInsect":15,"Orichalcum":11,"War Paint":19,"White Beast Statue":20,"Bottled Flame":12,"CaptainsWheel":20,"Shuriken":15,"Orrery":17,"Black Star":16,"Membership Card":8,"Bottled Lightning":11},{"Darkstone Periapt":22,"Ice Cream":95,"Vajra":72,"Mango":57,"Juzu Bracelet":110,"Bottled Tornado":105,"Ancient Tea Set":95,"Nunchaku":34,"Matryoshka":72,"Fusion Hammer":48,"Toxic Egg 2":63,"Cracked Core":0,"Potion Belt":20,"Pear":7,"Thread and Needle":110,"PreservedInsect":81,"Orichalcum":57,"War Paint":105,"White Beast Statue":110,"Bottled Flame":63,"CaptainsWheel":110,"Shuriken":81,"Orrery":95,"Black Star":89,"Membership Card":34,"Bottled Lightning":57}]},"card_choices":[{"not_picked":["Scrape","Streamline"],"picked":"Leap","floor":1},{"not_picked":["Streamline","Double Energy"],"picked":"Cold Snap","floor":2},{"not_picked":["Steam","Turbo"],"picked":"Core Surge","floor":5},{"not_picked":["Stack","FTL"],"picked":"Gash","floor":7},{"not_picked":["Storm","Hello World"],"picked":"Beam Cell","floor":8},{"not_picked":["Reboot","Hologram"],"picked":"Steam","floor":10},{"not_picked":["Machine Learning","Consume"],"picked":"Go for the Eyes","floor":11},{"not_picked":["FTL","Redo"],"picked":"Chill","floor":12},{"not_picked":["Machine Learning","All For One"],"picked":"Core Surge","floor":16},{"not_picked":["Streamline","Storm"],"picked":"Ball Lightning","floor":18},{"not_picked":["Double Energy","Genetic Algorithm"],"picked":"Static Discharge","floor":19},{"not_picked":["FTL","Biased Cognition"],"picked":"BootSequence","floor":23},{"not_picked":["Rebound","Heatsinks+1"],"picked":"Defragment","floor":25},{"not_picked":["Hello World","Capacitor+1"],"picked":"Sweeping Beam+1","floor":28},{"not_picked":["Skim+1","Rebound+1","Gash"],"picked":"SKIP","floor":29},{"not_picked":["Redo+1","Barrage"],"picked":"Conserve Battery+1","floor":35},{"not_picked":["Double Energy+1","Compile Driver+1"],"picked":"Cold Snap+1","floor":38},{"not_picked":["Chaos+1","All For One"],"picked":"Doom and Gloom","floor":38},{"not_picked":["Beam Cell","Compile Driver","Rip and Tear"],"picked":"SKIP","floor":39},{"not_picked":["Redo+1","Compile Driver"],"picked":"Barrage+1","floor":40},{"not_picked":["Fusion+1","Gash"],"picked":"Sweeping Beam","floor":42},{"not_picked":["Recycle+1","Electrodynamics"],"picked":"Defragment+1","floor":47},{"not_picked":["Defragment+1","Coolheaded+1"],"picked":"Self Repair","floor":48}],"player_experience":1561964,"relics_obtained":[{"floor":7,"key":"Potion Belt"},{"floor":9,"key":"Darkstone Periapt"},{"floor":23,"key":"Bottled Flame"},{"floor":25,"key":"Vajra"},{"floor":26,"key":"Matryoshka"},{"floor":31,"key":"PreservedInsect"},{"floor":31,"key":"Shuriken"},{"floor":40,"key":"Bottled Tornado"},{"floor":40,"key":"War Paint"},{"floor":43,"key":"White Beast Statue"},{"floor":43,"key":"Juzu Bracelet"}],"event_choices":[{"damage_healed":0,"gold_gain":0,"player_choice":"Ignored","damage_taken":0,"max_hp_gain":0,"max_hp_loss":0,"event_name":"Golden Wing","floor":3,"gold_loss":0},{"cards_removed":["Loop"],"damage_healed":0,"gold_gain":0,"player_choice":"Gave Card","damage_taken":0,"relics_obtained":["Pear"],"max_hp_gain":0,"max_hp_loss":0,"event_name":"WeMeetAgain","floor":4,"gold_loss":0},{"damage_healed":0,"gold_gain":0,"player_choice":"Ignored","damage_taken":0,"max_hp_gain":0,"max_hp_loss":0,"event_name":"Vampires","floor":21,"gold_loss":0},{"damage_healed":0,"gold_gain":0,"player_choice":"Obtained Relic","damage_taken":0,"relics_obtained":["Toxic Egg 2"],"max_hp_gain":0,"max_hp_loss":0,"event_name":"Addict","floor":24,"gold_loss":85},{"damage_healed":0,"gold_gain":99,"player_choice":"Stole From Cult","damage_taken":0,"max_hp_gain":0,"max_hp_loss":0,"event_name":"Nest","floor":30,"gold_loss":0},{"cards_removed":["Conserve Battery"],"damage_healed":0,"gold_gain":0,"player_choice":"Removed Skill","damage_taken":0,"max_hp_gain":0,"max_hp_loss":0,"event_name":"Falling","floor":37,"gold_loss":0},{"damage_healed":0,"gold_gain":0,"player_choice":"Upgraded Two","damage_taken":0,"max_hp_gain":0,"max_hp_loss":0,"event_name":"Designer","floor":45,"gold_loss":40,"cards_upgraded":["Cold Snap","Glacier"]}],"is_beta":false,"boss_relics":[{"not_picked":["SlaversCollar","Philosopher\u0027s Stone"],"picked":"Fusion Hammer"},{"not_picked":["Nuclear Battery","Astrolabe"],"picked":"Black Star"}],"items_purged_floors":[],"is_endless":false,"potions_floor_spawned":[7,10,11,18,23,25,39,47,48],"ascension_level":0}}