{"host":"1x0iiauhsd6tfigj","time":1610866988,"event":{"mods":["AchievementEnabler","BaseMod","Block Reminder","Colored Map","Colored Powertips","DeckTracker","Googly Eyes","Highlight Path","Minty Spire (QoL Compilation)","Permanent Neow","Quick Restart","Relic Sorter","Relic Stats","Slay-I","StSLib"],"gold_per_floor":[110,120,120,41,56,86,98,123,135,147,4,24,52,64,64,167,167,177,177,197,197,197,197,215,215,215,241,94,94,109,119,119,216,216,229,229,28,78,78,78,0,17,44,44,44,63,76,76,76,76,76,76,28,55,55,55],"floor_reached":55,"language":"ENG","playtime":6603,"items_purged":[],"score":645,"play_id":"06087b0f-1424-4753-bbf2-84949de66fb2","local_time":"20210117000308","is_ascension_mode":false,"campfire_choices":[{"floor":7,"key":"REST"},{"data":"Zap","floor":10,"key":"SMITH"},{"floor":15,"key":"REST"},{"floor":23,"key":"REST"},{"floor":25,"key":"RECALL"},{"floor":32,"key":"REST"},{"data":"1","floor":40,"key":"LIFT"},{"data":"2","floor":45,"key":"LIFT"},{"floor":49,"key":"REST"},{"data":"3","floor":52,"key":"LIFT"}],"circlet_count":0,"master_deck":["Strike_B+1","Strike_B+1","Strike_B+1","Strike_B+1","Defend_B+1","Defend_B+1","Defend_B+1","Defend_B+1","Zap+1","Dualcast","Redo","Beam Cell","BootSequence","Leap","Ball Lightning","Coolheaded","Undo","Beam Cell","Go for the Eyes","Ball Lightning","Go for the Eyes","Ball Lightning","Auto Shields","Self Repair","Stack","Cold Snap","Leap","Echo Form","Go for the Eyes","Dark Shackles","White Noise+1","Beam Cell+1","Buffer"],"relics":["Cracked Core","Omamori","MawBank","Bottled Lightning","Bronze Scales","Ice Cream","SlaversCollar","MutagenicStrength","HornCleat","Cables","Cursed Key","OrangePellets","Girya","Red Mask","Gambling Chip"],"acts_visited":["Exordium","TheCity","TheBeyond","TheEnding"],"potions_floor_usage":[6,13,16,24,24,27,33,33,33,38,38,50,50,54],"damage_taken":[{"damage":3,"enemies":"2 Louse","floor":1,"turns":4},{"damage":0,"enemies":"Cultist","floor":2,"turns":3},{"damage":0,"enemies":"Small Slimes","floor":5,"turns":2},{"damage":35,"enemies":"3 Sentries","floor":6,"turns":13},{"damage":0,"enemies":"3 Louse","floor":8,"turns":3},{"damage":5,"enemies":"Exordium Wildlife","floor":12,"turns":4},{"damage":12,"enemies":"Gremlin Nob","floor":13,"turns":3},{"damage":0,"enemies":"Exordium Thugs","floor":14,"turns":4},{"damage":21,"enemies":"Hexaghost","floor":16,"turns":9},{"damage":15,"enemies":"Spheric Guardian","floor":18,"turns":4},{"damage":6,"enemies":"3 Byrds","floor":20,"turns":2},{"damage":9,"enemies":"Centurion and Healer","floor":24,"turns":9},{"damage":38,"enemies":"Gremlin Leader","floor":27,"turns":7},{"damage":1,"enemies":"3 Cultists","floor":30,"turns":5},{"damage":0,"enemies":"Shelled Parasite and Fungi","floor":31,"turns":6},{"damage":33,"enemies":"Automaton","floor":33,"turns":9},{"damage":0,"enemies":"3 Shapes","floor":35,"turns":5},{"damage":0,"enemies":"Mind Bloom Boss Battle","floor":38,"turns":4},{"damage":0,"enemies":"Orb Walker","floor":42,"turns":3},{"damage":34,"enemies":"3 Darklings","floor":46,"turns":5},{"damage":5,"enemies":"4 Shapes","floor":47,"turns":7},{"damage":55,"enemies":"Awakened One","floor":50,"turns":21},{"damage":62,"enemies":"Shield and Spear","floor":54,"turns":11},{"damage":77,"enemies":"The Heart","floor":55,"turns":6}],"seed_played":"2914902717545539061","potions_obtained":[{"floor":5,"key":"Strength Potion"},{"floor":8,"key":"SteroidPotion"},{"floor":12,"key":"SneckoOil"},{"floor":13,"key":"PowerPotion"},{"floor":20,"key":"DistilledChaos"},{"floor":24,"key":"Swift Potion"},{"floor":27,"key":"LiquidBronze"},{"floor":30,"key":"Fire Potion"},{"floor":33,"key":"BlessingOfTheForge"},{"floor":35,"key":"Dexterity Potion"},{"floor":46,"key":"FairyPotion"},{"floor":47,"key":"EssenceOfSteel"}],"is_trial":false,"path_per_floor":["M","M","?","$","M","E","R","M","T","R","$","M","E","M","R","B",null,"M","?","M","?","?","R","M","R","T","E","$","?","M","M","R","B",null,"M","?","$","?","?","R","?","M","T","$","R","M","M","?","R","B",null,"R","$","E","B"],"character_chosen":"DEFECT","items_purchased":["BootSequence","Bronze Scales","PowerPotion","Self Repair","Stack","OrangePellets","AttackPotion","Explosive Potion"],"campfire_rested":5,"item_purchase_floors":[4,11,28,28,28,37,37,53],"current_hp_per_floor":[72,72,72,72,72,37,59,59,59,59,59,54,42,42,64,43,75,60,60,54,54,54,75,66,66,66,28,28,28,34,41,63,30,75,75,75,75,75,75,75,75,75,75,75,75,48,50,50,72,24,75,75,75,20,0,0],"gold":55,"neow_bonus":"RANDOM_COMMON_RELIC","is_daily":false,"chose_seed":false,"campfire_upgraded":1,"win_rate":0.0,"timestamp":1610866988,"path_taken":["M","M","?","$","M","E","R","M","T","R","$","M","E","M","R","BOSS","M","?","M","?","?","R","?","R","T","E","?","?","M","M","R","BOSS","M","?","$","?","?","R","?","M","T","?","R","M","?","?","R","BOSS","R","$","E","BOSS"],"items_purchased_type":["Card","Relic","Potion","Card","Card","Relic","Potion","Potion"],"build_version":"2020-12-22","purchased_purges":0,"victory":false,"max_hp_per_floor":[75,75,75,75,75,75,75,75,75,75,75,75,75,75,75,75,75,75,75,75,75,75,75,75,75,75,75,75,75,75,75,75,75,75,75,75,75,75,75,75,75,75,75,75,75,75,75,75,75,75,75,75,75,75,75,75],"relic_stats":{"OrangePellets":[1],"counters":[24,149],"Bronze Scales":[560],"Gambling Chip":[0],"MawBank":60,"Cursed Key":1,"obtain_stats":[{"Ice Cream":13,"Girya":38,"Omamori":0,"MawBank":6,"Cursed Key":34,"Cables":27,"SlaversCollar":17,"OrangePellets":37,"HornCleat":26,"Bronze Scales":11,"MutagenicStrength":21,"Gambling Chip":54,"Red Mask":41,"Bottled Lightning":9,"Cracked Core":0},{"Ice Cream":7,"Girya":18,"Omamori":0,"MawBank":4,"Cursed Key":16,"Cables":13,"SlaversCollar":9,"OrangePellets":17,"HornCleat":12,"Bronze Scales":5,"MutagenicStrength":11,"Gambling Chip":23,"Red Mask":18,"Bottled Lightning":5,"Cracked Core":0},{"Ice Cream":32,"Girya":96,"Omamori":0,"MawBank":22,"Cursed Key":87,"Cables":67,"SlaversCollar":45,"OrangePellets":92,"HornCleat":60,"Bronze Scales":25,"MutagenicStrength":51,"Gambling Chip":143,"Red Mask":96,"Bottled Lightning":25,"Cracked Core":0}],"Cables":[77,49,28,0,0]},"card_choices":[{"not_picked":["Rebound","Tempest"],"picked":"Redo","floor":1},{"not_picked":["White Noise","Go for the Eyes"],"picked":"Beam Cell","floor":2},{"not_picked":["Beam Cell","Chill"],"picked":"Leap","floor":5},{"not_picked":["Chill","Turbo"],"picked":"Ball Lightning","floor":6},{"not_picked":["Hologram","Defragment"],"picked":"Coolheaded","floor":8},{"not_picked":["Hologram","Barrage"],"picked":"Undo","floor":12},{"not_picked":["Meteor Strike","Lockon"],"picked":"Beam Cell","floor":13},{"not_picked":["Turbo","Genetic Algorithm"],"picked":"Go for the Eyes","floor":14},{"not_picked":["Fusion","Chaos"],"picked":"Ball Lightning","floor":18},{"not_picked":["Heatsinks","Turbo"],"picked":"Go for the Eyes","floor":20},{"not_picked":["Leap","Amplify"],"picked":"Ball Lightning","floor":24},{"not_picked":["Beam Cell","Scrape+1"],"picked":"Auto Shields","floor":27},{"not_picked":["Genetic Algorithm","Steam Power"],"picked":"Cold Snap","floor":30},{"not_picked":["Gash","Genetic Algorithm"],"picked":"Leap","floor":31},{"not_picked":["Machine Learning","Hyperbeam"],"picked":"Echo Form","floor":33},{"not_picked":["Force Field+1","Recycle+1"],"picked":"Coolheaded","floor":35},{"not_picked":["Turbo+1","Steam+1"],"picked":"Go for the Eyes","floor":38},{"not_picked":["Purity","Good Instincts"],"picked":"Dark Shackles","floor":39},{"not_picked":["Coolheaded+1","Cold Snap"],"picked":"White Noise+1","floor":42},{"not_picked":["Fusion","Barrage"],"picked":"Beam Cell+1","floor":46},{"not_picked":["Turbo+1","Stack","Reinforced Body"],"picked":"SKIP","floor":47},{"not_picked":["Darkness+1","Aggregate"],"picked":"Buffer","floor":54}],"player_experience":1565613,"relics_obtained":[{"floor":6,"key":"MawBank"},{"floor":9,"key":"Bottled Lightning"},{"floor":13,"key":"Ice Cream"},{"floor":26,"key":"HornCleat"},{"floor":27,"key":"Cables"},{"floor":38,"key":"Girya"},{"floor":54,"key":"Gambling Chip"}],"event_choices":[{"damage_healed":0,"gold_gain":0,"player_choice":"Ignored","damage_taken":0,"max_hp_gain":0,"max_hp_loss":0,"event_name":"Purifier","floor":3,"gold_loss":0},{"damage_healed":0,"gold_gain":0,"player_choice":"Ignored","damage_taken":0,"max_hp_gain":0,"max_hp_loss":0,"event_name":"Cursed Tome","floor":19,"gold_loss":0},{"damage_healed":0,"gold_gain":0,"player_choice":"Inject Mutagens","damage_taken":0,"relics_obtained":["MutagenicStrength"],"max_hp_gain":0,"max_hp_loss":0,"event_name":"Drug Dealer","floor":21,"gold_loss":0},{"damage_healed":0,"gold_gain":0,"player_choice":"Ignored","damage_taken":0,"max_hp_gain":0,"max_hp_loss":0,"event_name":"Beggar","floor":22,"gold_loss":0},{"damage_healed":0,"gold_gain":0,"player_choice":"Simplicity","damage_taken":0,"max_hp_gain":0,"max_hp_loss":0,"event_name":"Back to Basics","floor":29,"gold_loss":0,"cards_upgraded":["Strike_B","Strike_B","Strike_B","Strike_B","Defend_B","Defend_B","Defend_B","Defend_B"]},{"damage_healed":19,"gold_gain":0,"player_choice":"Writhe","damage_taken":0,"max_hp_gain":0,"max_hp_loss":0,"event_name":"Winding Halls","floor":36,"gold_loss":0,"cards_obtained":["Writhe"]},{"damage_healed":0,"gold_gain":0,"player_choice":"Fight","damage_taken":0,"max_hp_gain":0,"max_hp_loss":0,"event_name":"MindBloom","floor":38,"gold_loss":0},{"damage_healed":0,"gold_gain":0,"player_choice":"Memory 1","damage_taken":0,"max_hp_gain":0,"max_hp_loss":0,"event_name":"SensoryStone","floor":39,"gold_loss":0},{"damage_healed":0,"gold_gain":0,"player_choice":"Paid","damage_taken":0,"relics_obtained":["Red Mask"],"max_hp_gain":0,"max_hp_loss":0,"event_name":"Tomb of Lord Red Mask","floor":41,"gold_loss":78},{"cards_removed":["Coolheaded"],"damage_healed":0,"gold_gain":0,"player_choice":"Removed Skill","damage_taken":0,"max_hp_gain":0,"max_hp_loss":0,"event_name":"Falling","floor":48,"gold_loss":0}],"is_beta":false,"boss_relics":[{"not_picked":["Runic Pyramid","Ectoplasm"],"picked":"SlaversCollar"},{"not_picked":["Runic Dome","Coffee Dripper"],"picked":"Cursed Key"}],"items_purged_floors":[],"is_endless":false,"potions_floor_spawned":[5,8,12,13,20,24,27,30,33,35,46,47],"killed_by":"The Heart","ascension_level":0}}