{"host":"gk9qdtkqd8dwfeg2","time":1610858981,"event":{"mods":["Act Like it!","Aspiration","BaseMod","Colored Powertips","KomeijiMod","Minty Spire (QoL Compilation)","Quick Restart","Replay The Spire","Shop Mod","StSLib","TestMod","The Gatherer","The Servant 0.9.4","Waifu the Spire","WarShipGirlsR/战舰少女R mod","Yuri Mod"],"gold_per_floor":[119,119,131,131,149,149,180,180,207,219,219,10,45,45,45,124,124,143,143,143,543,565,565,592,592,592,16,47,47,73,73,73,147,147,159,174,225,236,252,252,214,214,214,214,245,254,283,293,293,293,293,293,14,41,41],"floor_reached":56,"language":"ZHS","playtime":1811,"items_purged":["Strike_R"],"score":2118,"play_id":"95c972fb-2b8d-415f-b3e5-fd4e42186cf4","local_time":"20210117124941","is_ascension_mode":true,"campfire_choices":[{"data":"Demon Form","floor":6.0,"key":"SMITH"},{"data":"Rupture","floor":11.0,"key":"SMITH"},{"data":"Eruption","floor":15.0,"key":"SMITH"},{"floor":23,"key":"REST"},{"data":"Abandon","floor":25,"key":"SMITH"},{"data":"1","floor":29,"key":"LIFT"},{"data":"2","floor":32,"key":"LIFT"},{"data":"3","floor":40,"key":"LIFT"},{"data":"Armaments","floor":42,"key":"SMITH"},{"data":"Adrenaline","floor":44,"key":"SMITH"},{"floor":49,"key":"RECALL"}],"circlet_count":0,"master_deck":["AscendersBane","Strike_R","Defend_R+1","Defend_R","Defend_R","Rupture+1","Limit Break+1","Demon Form+1","Bloodletting","Abandon+1","Eruption+1","Offering","Ghostly","Ghostly","Ghostly","Whirlwind+1","Sword Boomerang","Dark Embrace","Berserk","Riddle With Holes","Predator","Adrenaline+1","Impervious","Flex+1","Shrug It Off","Pommel Strike","Armaments+1","Sentinel"],"relics":["testmod-RealStoneCalender","NeowsBlessing","Ring of Hypnosis","Ring of Peace","testmod-Acrobat","MerchantsRug","aspiration:FetidBarrel","Replay:M_SmolderingBlood","SlaversCollar","Turnip","testmod-Charity","Girya","testmod-Nyarlathotep","Coffee Dripper","Molten Egg 2","OrangePellets","Mummified Hand","testmod-ArcanaOfDestiny"],"acts_visited":["Exordium","TheCity","TheBeyond","TheEnding"],"potions_floor_usage":[24,33,37,39,50,55],"damage_taken":[{"damage":0.0,"enemies":"2 Louse","floor":1.0,"turns":1.0},{"damage":0.0,"enemies":"Cultist","floor":3.0,"turns":1.0},{"damage":0.0,"enemies":"Small Slimes","floor":5.0,"turns":1.0},{"damage":20.0,"enemies":"3 Sentries","floor":7.0,"turns":5.0},{"damage":4.0,"enemies":"Looter","floor":10.0,"turns":4.0},{"damage":22.0,"enemies":"Gremlin Nob","floor":13.0,"turns":4.0},{"damage":6.0,"enemies":"Slime Boss","floor":16.0,"turns":5.0},{"damage":22.0,"enemies":"Spheric Guardian","floor":18.0,"turns":4.0},{"damage":3,"enemies":"Chosen","floor":22,"turns":4},{"damage":11,"enemies":"Book of Stabbing","floor":24,"turns":3},{"damage":8,"enemies":"Slavers","floor":28,"turns":3},{"damage":17,"enemies":"Replay:Snechameleon","floor":30,"turns":3},{"damage":8,"enemies":"Champ","floor":33,"turns":4},{"damage":1,"enemies":"Orb Walker","floor":35,"turns":2},{"damage":15,"enemies":"3 Darklings","floor":36,"turns":3},{"damage":1,"enemies":"2 Orb Walkers","floor":37,"turns":3},{"damage":29,"enemies":"Spire Growth","floor":38,"turns":5},{"damage":1,"enemies":"Writhing Mass","floor":39,"turns":2},{"damage":0,"enemies":"R_Hoarder","floor":45,"turns":3},{"damage":2,"enemies":"Sphere and 2 Shapes","floor":46,"turns":2},{"damage":6,"enemies":"Nemesis","floor":47,"turns":3},{"damage":8,"enemies":"Maw","floor":48,"turns":3},{"damage":15,"enemies":"Replay:Hell Engine","floor":50,"turns":4},{"damage":12,"enemies":"Shield and Spear","floor":54,"turns":2},{"damage":18,"enemies":"The Heart","floor":55,"turns":5}],"seed_played":"-6513080904237562969","potions_obtained":[{"floor":3.0,"key":"Energy Potion"},{"floor":7.0,"key":"Strength Potion"},{"floor":13.0,"key":"DistilledChaos"},{"floor":30,"key":"BlessingOfTheForge"},{"floor":33,"key":"PowerPotion"},{"floor":37,"key":"AttackPotion"},{"floor":38,"key":"Dexterity Potion"},{"floor":39,"key":"LifebloodPotion"},{"floor":52,"key":"AttackPotion"}],"is_trial":false,"path_per_floor":["M","?","M","?","M","R","E","?","T","M","R","$","E","?","R","B",null,"M","?","?","?","M","R","E","R","T","$","E","R","E","?","R","B",null,"M","M","?","M","M","R","$","R","T","R","E","M","E","M","R","B",null,"R","$","E","B",null],"character_chosen":"IRONCLAD","items_purchased":["MerchantsRug","Abandon","Dark Embrace","testmod-Charity","Girya","Pommel Strike","Armaments","OrangePellets","Mummified Hand"],"campfire_rested":1,"item_purchase_floors":[12,12,27,27,27,41,41,53,53],"current_hp_per_floor":[74,74,75,70,75,75,61,61,61,63,63,63,47,47,47,41,67,45,7,7,7,4,26,15,15,15,15,19,19,23,23,23,39,66,75,67,75,58,75,75,78,78,78,78,87,89,109,115,115,119,142,142,146,151,157],"gold":41,"neow_bonus":"THREE_ENEMY_KILL","is_daily":false,"chose_seed":false,"campfire_upgraded":6,"win_rate":0.0,"timestamp":1610858981,"path_taken":["M","?","?","?","M","R","E","?","T","M","R","?","E","?","R","BOSS","M","?","?","?","M","R","E","R","T","$","E","R","E","?","R","BOSS","M","M","?","M","M","R","$","R","T","R","E","M","E","M","R","BOSS","R","$","E","BOSS"],"items_purchased_type":["Relic","Card","Card","Relic","Relic","Card","Card","Relic","Relic"],"build_version":"2020-12-22","purchased_purges":1,"victory":true,"max_hp_per_floor":[75,75,75,75,75,75,75,75,75,75,75,75,75,75,75,75,75,75,75,75,75,75,75,75,75,75,75,75,75,75,75,75,75,75,75,75,75,75,75,75,78,78,78,78,87,91,117,131,131,150,150,150,154,171,195],"card_choices":[{"not_picked":["Run Through","Sword Boomerang"],"picked":"Rupture","floor":1.0},{"not_picked":["ReplayTheSpireMod:LeadingStrike","Clothesline","Twin Strike"],"picked":"SKIP","floor":3.0},{"not_picked":["ReplayTheSpireMod:Strike From Hell","Perfected Strike"],"picked":"Demon Form","floor":5.0},{"not_picked":["ReplayTheSpireMod:Strike From Hell","Thunderclap","Rupture"],"picked":"SKIP","floor":7.0},{"not_picked":["Perfected Strike","Anger"],"picked":"Bloodletting","floor":10.0},{"not_picked":["Flex","ReplayTheSpireMod:Stacked","Thunderclap"],"picked":"SKIP","floor":13.0},{"not_picked":["Exhume","Feed"],"picked":"Offering","floor":16.0},{"not_picked":["Cleave","ReplayTheSpireMod:LeadingStrike","Perfected Strike"],"picked":"SKIP","floor":18.0},{"not_picked":["Infernal Blade","True Grit"],"picked":"Whirlwind+1","floor":22},{"not_picked":["Perfected Strike","Heavy Blade"],"picked":"Sword Boomerang","floor":24},{"not_picked":["Massacre","Pommel Strike","Flex+1"],"picked":"SKIP","floor":28},{"not_picked":["Ghostly Armor+1","Immolate"],"picked":"Berserk","floor":30},{"not_picked":["Replay:Many Hands","Exhume"],"picked":"Impervious","floor":33},{"not_picked":["Dark Embrace+1","ReplayTheSpireMod:Limb From Limb","Reckless Charge"],"picked":"SKIP","floor":35},{"not_picked":["Heavy Blade+1","Warcry"],"picked":"Flex+1","floor":36},{"not_picked":["Fire Breathing+1","Intimidate","Sword Boomerang+1"],"picked":"SKIP","floor":38},{"not_picked":["Evolve","Intimidate"],"picked":"Shrug It Off","floor":39},{"not_picked":["Abandon","Demon Form","Flame Barrier"],"picked":"SKIP","floor":45},{"not_picked":["Wild Strike+1","Heavy Blade+1","Perfected Strike+1"],"picked":"SKIP","floor":46},{"not_picked":["ReplayTheSpireMod:Limb From Limb+1","Spot Weakness","Heavy Blade+1"],"picked":"SKIP","floor":47},{"not_picked":["Sever Soul+1","Iron Wave+1","Intimidate"],"picked":"SKIP","floor":48},{"not_picked":["Iron Wave+1","Thunderclap+1"],"picked":"Sentinel","floor":54}],"player_experience":642083,"relics_obtained":[{"floor":7.0,"key":"War Paint"},{"floor":8.0,"key":"Ring of Hypnosis"},{"floor":8.0,"key":"Ring of Peace"},{"floor":9.0,"key":"testmod-Acrobat"},{"floor":13.0,"key":"aspiration:FetidBarrel"},{"floor":24,"key":"Turnip"},{"floor":26,"key":"Chameleon Ring"},{"floor":28,"key":"Art of War"},{"floor":30,"key":"testmod-Nyarlathotep"},{"floor":37,"key":"testmod-HeartOfStrike"},{"floor":45,"key":"Molten Egg 2"},{"floor":47,"key":"testmod-TurbochargingSystem"},{"floor":54,"key":"testmod-ArcanaOfDestiny"}],"event_choices":[{"damage_healed":0.0,"max_hp_gain":0.0,"max_hp_loss":0.0,"gold_gain":0.0,"cards_transformed":["Strike_R"],"event_name":"Transmorgrifier","player_choice":"Transformed","floor":2.0,"gold_loss":0.0,"damage_taken":0.0,"cards_obtained":["Limit Break"]},{"damage_healed":0.0,"max_hp_gain":0.0,"max_hp_loss":0.0,"gold_gain":0.0,"event_name":"Scrap Ooze","player_choice":"Success","floor":4.0,"gold_loss":0.0,"damage_taken":5.0,"relics_obtained":["testmod-BalancedPeriapt"]},{"damage_healed":0.0,"max_hp_gain":0.0,"max_hp_loss":38.0,"gold_gain":0.0,"event_name":"Ghosts","player_choice":"Became a Ghost","floor":19.0,"gold_loss":0.0,"damage_taken":0.0,"cards_obtained":["Ghostly","Ghostly","Ghostly"]},{"damage_healed":0,"gold_gain":0,"player_choice":"Ignored","damage_taken":0,"max_hp_gain":0,"max_hp_loss":0,"event_name":"The Mausoleum","floor":20,"gold_loss":0},{"damage_healed":0,"gold_gain":400,"player_choice":"Sell","damage_taken":0,"max_hp_gain":0,"max_hp_loss":0,"event_name":"恩洛斯的盘子","floor":21,"relics_lost":["testmod-TestBox"],"gold_loss":0},{"damage_healed":0,"gold_gain":0,"player_choice":"Fight","damage_taken":0,"max_hp_gain":0,"max_hp_loss":0,"event_name":"Mysterious Sphere","floor":37,"gold_loss":0}],"is_beta":false,"boss_relics":[{"not_picked":["Abe\u0027s Treasure","aspiration:FutureDiary"],"picked":"SlaversCollar"},{"not_picked":["testmod-KeyOfTheVoid","aspiration:DefectSkillbook"],"picked":"Coffee Dripper"}],"items_purged_floors":[41],"is_endless":false,"potions_floor_spawned":[3,7,13,30,33,37,38,39,45],"ascension_level":19}}