{"host":"nz11ypxva4e39b7q","time":1610885174,"event":{"mods":["BaseMod","Better Vampires","Colored Map","Downfall","Minty Spire (QoL Compilation)","StSLib"],"gold_per_floor":[114,114,114,114,124,124,142,142,142,142,160,203,11,42,42,161,224,242,242,116,141,159,192,192,192,245,286,301,316,316,359,359,489,489,505,505,505,838,853,853,878,878,878,898,898,326,339,374,374,374,374,374,24,54,54],"floor_reached":56,"language":"ENG","playtime":3914,"items_purged":["champ:Strike","champ:Strike","champ:Strike+1"],"score":1373,"play_id":"cc4d1b1b-731c-43e5-9146-888e9611a9fe","local_time":"20210117130614","is_ascension_mode":true,"campfire_choices":[{"data":"champ:ShieldSlam","floor":6.0,"key":"SMITH"},{"data":"champ:StanceDance","floor":8.0,"key":"SMITH"},{"data":"Swift Strike","floor":15.0,"key":"SMITH"},{"data":"champ:RisingSlash","floor":24.0,"key":"SMITH"},{"data":"Deep Breath","floor":30.0,"key":"SMITH"},{"data":"champ:CheapShot","floor":32.0,"key":"SMITH"},{"data":"champ:StrikeOfGenius","floor":40,"key":"SMITH"},{"data":"champ:Duel","floor":42,"key":"SMITH"},{"floor":49,"key":"RECALL"},{"data":"champ:IronFortress","floor":52,"key":"SMITH"}],"circlet_count":0,"master_deck":["champ:Defend+1","champ:Defend+1","champ:Execute","champ:Taunt","champ:ShieldSlam+1","champ:StanceDance+1","champ:CheapShot+1","Swift Strike+1","champ:EnGarde+1","champ:HoldFirm","Deep Breath+1","champ:RisingSlash+1","champ:Endure","champ:FancyFootwork","champ:HoldFirm","champ:Duel+1","champ:StrikeOfGenius+1","champ:Lariat+1","Finesse","champ:PreciseThrust+1","Master of Strategy","champ:IronFortress+1","Master of Strategy","champ:IronFortress"],"relics":["champ:ChampionCrown","Toy Ornithopter","champ:LiftRelic","The Courier","Kunai","War Paint","Medical Kit","Guardian:PocketSentry","Tiny House","Letter Opener","Strawberry","hexamod:BolsterEngine","Anchor","SlaversCollar","Mercury Hourglass","Ancient Tea Set","champ:FightingForDummies","Bag of Preparation","Art of War","ClockworkSouvenir","Sundial"],"acts_visited":["Exordium","TheCity","TheBeyond","TheEnding"],"potions_floor_usage":[55,55,55],"damage_taken":[{"damage":21.0,"enemies":"Jaw Worm","floor":1.0,"turns":4.0},{"damage":10.0,"enemies":"2 Louse","floor":5.0,"turns":2.0},{"damage":0.0,"enemies":"Small Slimes","floor":7.0,"turns":3.0},{"damage":10.0,"enemies":"Looter","floor":11.0,"turns":2.0},{"damage":11.0,"enemies":"Lagavulin","floor":12.0,"turns":5.0},{"damage":13.0,"enemies":"3 Sentries","floor":14.0,"turns":5.0},{"damage":50.0,"enemies":"Hexaghost","floor":16.0,"turns":10.0},{"damage":30.0,"enemies":"3 Byrds","floor":18.0,"turns":8.0},{"damage":10.0,"enemies":"Shell Parasite","floor":21.0,"turns":4.0},{"damage":35.0,"enemies":"Centurion and Healer","floor":22.0,"turns":9.0},{"damage":47.0,"enemies":"Slavers","floor":23.0,"turns":9.0},{"damage":54.0,"enemies":"Gremlin Leader","floor":27.0,"turns":8.0},{"damage":30.0,"enemies":"Shelled Parasite and Fungi","floor":28.0,"turns":6.0},{"damage":15.0,"enemies":"Snake Plant","floor":29.0,"turns":3.0},{"damage":10.0,"enemies":"Slavers","floor":31.0,"turns":3.0},{"damage":75.0,"enemies":"Champ","floor":33.0,"turns":11.0},{"damage":0.0,"enemies":"Orb Walker","floor":35.0,"turns":4.0},{"damage":20,"enemies":"3 Shapes","floor":39,"turns":5},{"damage":45,"enemies":"Nemesis","floor":41,"turns":6},{"damage":30,"enemies":"Jaw Worm Horde","floor":44,"turns":4},{"damage":20,"enemies":"Writhing Mass","floor":47,"turns":5},{"damage":80,"enemies":"Giant Head","floor":48,"turns":6},{"damage":50,"enemies":"Time Eater","floor":50,"turns":13},{"damage":30,"enemies":"Shield and Spear","floor":54,"turns":5},{"damage":45,"enemies":"The Heart","floor":55,"turns":9}],"seed_played":"4762882806112900623","potions_obtained":[{"floor":5.0,"key":"PowerPotion"},{"floor":7.0,"key":"SkillPotion"},{"floor":17.0,"key":"Explosive Potion"},{"floor":22.0,"key":"FearPotion"},{"floor":27.0,"key":"DistilledChaos"},{"floor":28.0,"key":"EssenceOfSteel"},{"floor":39,"key":"Block Potion"},{"floor":44,"key":"SteroidPotion"},{"floor":54,"key":"Dexterity Potion"}],"is_trial":false,"path_per_floor":["M","?","?","?","M","R","M","R","T","?","M","E","$","E","R","B",null,"M","?","$","M","M","E","R","?","T","E","M","M","R","E","R","B",null,"M","?","?","?","M","R","E","R","T","M","?","$","M","E","R","B",null,"R","$","E","B",null],"character_chosen":"THE_CHAMP","items_purchased":["Swift Strike","Medical Kit","Deep Breath","Master of Strategy","Ancient Tea Set","champ:FightingForDummies","Bag of Preparation","ClockworkSouvenir","Master of Strategy"],"campfire_rested":0,"item_purchase_floors":[13,13,20,46,46,46,46,53,53],"current_hp_per_floor":[89,71,71,46,46,46,46,46,46,46,46,45,45,47,47,37,88,88,88,88,88,88,61,61,61,68,64,64,64,64,69,69,39,95,95,90,85,85,85,85,85,85,85,85,85,85,85,85,85,70,90,90,90,90,60],"gold":54,"neow_bonus":"RANDOM_COMMON_RELIC","is_daily":false,"chose_seed":false,"campfire_upgraded":9,"win_rate":0.0,"timestamp":1610885174,"path_taken":["M","?","?","?","M","R","M","R","T","?","M","E","?","E","R","BOSS","M","?","$","?","M","E","R","?","T","E","M","M","R","E","R","BOSS","M","?","?","?","M","R","E","R","T","?","?","?","M","E","R","BOSS","R","$","E","BOSS"],"items_purchased_type":["Card","Relic","Card","Card","Relic","Relic","Relic","Relic","Card"],"build_version":"2020-12-22","purchased_purges":3,"victory":true,"max_hp_per_floor":[90,90,90,90,90,90,90,90,90,83,83,83,83,83,83,83,88,88,88,88,88,88,88,88,88,95,95,95,95,95,95,95,95,95,95,90,90,90,90,90,90,90,90,90,90,90,90,90,90,90,90,90,90,90,90],"card_choices":[{"not_picked":["champ:BringItOn","champ:BerserkersShout"],"picked":"champ:ShieldSlam","floor":1.0},{"not_picked":["champ:AdrenalArmor","champ:BladeFlurry","champ:TornadoPunch"],"picked":"SKIP","floor":5.0},{"not_picked":["champ:Backstep","champ:Circumvent"],"picked":"champ:StanceDance","floor":7.0},{"not_picked":["champ:EnGarde","champ:DefensiveShout","champ:Haymaker"],"picked":"SKIP","floor":11.0},{"not_picked":["champ:Shatter","champ:EnGarde"],"picked":"champ:CheapShot","floor":12.0},{"not_picked":["champ:Backstep","champ:RapidStrikes"],"picked":"champ:EnGarde","floor":14.0},{"not_picked":["champ:VampiricStrike","champ:Devastate"],"picked":"champ:HoldFirm","floor":16.0},{"not_picked":["champ:EnGarde","champ:AdrenalArmor","champ:BerserkersShout"],"picked":"SKIP","floor":18.0},{"not_picked":["champ:BerserkerStyle+1","champ:EnGarde","champ:FalseCounter"],"picked":"SKIP","floor":21.0},{"not_picked":["champ:FanOfKnives","champ:CrownThrow"],"picked":"champ:RisingSlash","floor":22.0},{"not_picked":["champ:AdrenalArmor","champ:StanceDance"],"picked":"champ:Endure","floor":23.0},{"not_picked":["champ:Endure+1","champ:AdrenalArmor+1","champ:EnragedBash"],"picked":"SKIP","floor":27.0},{"not_picked":["champ:EnGarde","champ:DefensiveShout","champ:Devastate"],"picked":"SKIP","floor":28.0},{"not_picked":["champ:EnGarde","champ:DefensiveShout","champ:Devastate"],"picked":"SKIP","floor":28.0},{"not_picked":["champ:BerserkersShout+1","champ:Haymaker"],"picked":"champ:Duel","floor":29.0},{"not_picked":["champ:GutPunch","champ:AdrenalArmor","champ:Backstep"],"picked":"SKIP","floor":31.0},{"not_picked":["champ:MurderStrike","champ:DancingMaster"],"picked":"champ:StrikeOfGenius","floor":33.0},{"not_picked":["champ:HeartStrike","champ:Shatter"],"picked":"champ:Lariat+1","floor":35.0},{"not_picked":["Swift Strike","Blind"],"picked":"Finesse","floor":37},{"not_picked":["champ:TornadoPunch","champ:EnGarde","champ:Shatter+1"],"picked":"SKIP","floor":39},{"not_picked":["champ:EndlessRage+1","champ:CrookedStrike","champ:EnGarde"],"picked":"SKIP","floor":41},{"not_picked":["champ:HeartStrike","champ:BringItOn"],"picked":"champ:PreciseThrust+1","floor":44},{"not_picked":["champ:Shatter","champ:Backstep","champ:GutPunch"],"picked":"SKIP","floor":47},{"not_picked":["champ:Shatter","champ:Backstep","champ:GutPunch"],"picked":"SKIP","floor":47},{"not_picked":["champ:CalledShot","champ:StanceDance+1"],"picked":"champ:IronFortress","floor":48},{"not_picked":["champ:CrownThrow","champ:Circumvent+1"],"picked":"champ:IronFortress","floor":54}],"player_experience":1197620,"relics_obtained":[{"floor":9.0,"key":"Kunai"},{"floor":12.0,"key":"War Paint"},{"floor":14.0,"key":"Guardian:PocketSentry"},{"floor":23.0,"key":"Letter Opener"},{"floor":26.0,"key":"Strawberry"},{"floor":27.0,"key":"hexamod:BolsterEngine"},{"floor":31.0,"key":"Anchor"},{"floor":41,"key":"Mercury Hourglass"},{"floor":48,"key":"Art of War"},{"floor":54,"key":"Sundial"}],"event_choices":[{"damage_healed":0.0,"max_hp_gain":0.0,"max_hp_loss":0.0,"gold_gain":0.0,"event_name":"Shining Light","player_choice":"Entered Light","floor":2.0,"gold_loss":0.0,"damage_taken":18.0,"cards_upgraded":["champ:Strike","champ:Defend"]},{"damage_healed":0.0,"max_hp_gain":0.0,"max_hp_loss":0.0,"gold_gain":0.0,"event_name":"Scrap Ooze","player_choice":"Success","floor":4.0,"gold_loss":0.0,"damage_taken":25.0,"relics_obtained":["The Courier"]},{"damage_healed":0.0,"max_hp_gain":0.0,"max_hp_loss":7.0,"gold_gain":0.0,"event_name":"Golden Idol","player_choice":"Lose Max HP","floor":10.0,"gold_loss":0.0,"damage_taken":0.0,"relics_obtained":["Golden Idol"]},{"cards_removed":["champ:Defend"],"damage_healed":0.0,"max_hp_gain":0.0,"max_hp_loss":0.0,"gold_gain":0.0,"event_name":"Bonfire Elementals","player_choice":"Offered Basic","floor":19.0,"gold_loss":0.0,"damage_taken":0.0},{"damage_healed":0.0,"max_hp_gain":0.0,"max_hp_loss":0.0,"gold_gain":0.0,"cards_transformed":["champ:Defend","champ:Strike"],"event_name":"Drug Dealer","player_choice":"Became Test Subject","floor":25.0,"gold_loss":0.0,"damage_taken":0.0,"cards_obtained":["champ:FancyFootwork","champ:HoldFirm"]},{"damage_healed":0.0,"max_hp_gain":0.0,"max_hp_loss":5.0,"gold_gain":0.0,"event_name":"Winding Halls","player_choice":"Max HP","floor":36.0,"gold_loss":0.0,"damage_taken":0.0},{"damage_healed":0,"gold_gain":0,"player_choice":"Memory 2","damage_taken":5,"max_hp_gain":0,"max_hp_loss":0,"event_name":"SensoryStone","floor":37,"gold_loss":0},{"damage_healed":0,"gold_gain":333,"player_choice":"Gave Idol","damage_taken":0,"max_hp_gain":0,"max_hp_loss":0,"event_name":"The Moai Head","floor":38,"relics_lost":["Golden Idol"],"gold_loss":0},{"damage_healed":0,"gold_gain":0,"player_choice":"Ignored","damage_taken":0,"max_hp_gain":0,"max_hp_loss":0,"event_name":"Tomb of Lord Red Mask","floor":45,"gold_loss":0}],"is_beta":false,"boss_relics":[{"not_picked":["Cursed Key","Snecko Eye"],"picked":"Tiny House"},{"not_picked":["SacredBark","Velvet Choker"],"picked":"SlaversCollar"}],"items_purged_floors":[20,46,53],"is_endless":false,"potions_floor_spawned":[5,7,22,27,28,39,44,54],"ascension_level":1}}