{"host":"qqgw5gp46oujbhdl","time":1610911615,"event":{"mods":["Aspiration","BaseMod","BetterRewards","Downfall","Hermit","Infinite Spire","Minty Spire (QoL Compilation)","StSLib","The Disciple","The Forsaken","The Hierophant","The Servant 0.9.4","The Spell Scribe","The Valiant","TheBandit","Wandering Minibosses"],"gold_per_floor":[199,218,218,231,231,231,258,292,302,302,328,128,140,140,153,256,256,256,256,341,353,72,86,136,136,154,154,183,196,229,245,261,366,366,366,381,398,416,416,428,428,428,447,457,457,85,85,85,100,100,100,100],"floor_reached":50,"language":"POL","playtime":4147,"items_purged":["hexamod:Strike","hexamod:Strike"],"score":571,"play_id":"f36676b4-915a-4ab7-8f0c-389417410244","local_time":"20210117202655","is_ascension_mode":false,"campfire_choices":[{"data":"hexamod:Sear","floor":1.0,"key":"SMITH"},{"floor":10.0,"key":"RECALL"},{"floor":12.0,"key":"REST"},{"data":"hexamod:VolcanoVisage","floor":18.0,"key":"SMITH"},{"data":"hexamod:ThermalTransfer","floor":25.0,"key":"SMITH"},{"floor":27.0,"key":"REST"},{"data":"hexamod:HexaLevel","floor":35.0,"key":"SMITH"},{"floor":42,"key":"REST"},{"data":"hexamod:RadiantFlame","floor":47,"key":"SMITH"}],"circlet_count":0,"master_deck":["hexamod:Strike+1","hexamod:Strike+1","hexamod:Defend","hexamod:Defend+1","hexamod:Defend","hexamod:Sear+1","hexamod:Float","hexamod:RadiantFlame+1","hexamod:GhostflameBarrier+1","hexamod:GhostShield+1","hexamod:GhostLash+1","hexamod:ThermalTransfer+1","hexamod:HeatShield+1","hexamod:NightmareStrike","hexamod:VolcanoVisage+1","hexamod:TurnItUp+1","BottledTime+1","expansioncontent:QuickStudy+1","Manipulate+1","hexamod:BurningTouch+1","hexamod:SixthSeal","hexamod:SpectersWail+1","hexamod:HexaLevel+1","CurseOfTheBell","hexamod:NightmareGuise+1","hexamod:SpectersWail+1"],"relics":["hexamod:SpiritBrand","Toxic Egg 2","Regal Pillow","downfall:HeartBlessingRed","downfall:HeartBlessingBlue","aspiration:ServantSkillbook","downfall:RedIOU","Bronze Scales","Question Card","aspiration:FrozenJewel","Calling Bell","Vajra","Huge Egg","Pocketwatch","Lantern","HornCleat","SlaversCollar"],"acts_visited":["Exordium","TheCity","TheBeyond"],"potions_floor_usage":[50,50,50],"damage_taken":[{"damage":0.0,"enemies":"Cultist","floor":2.0,"turns":3.0},{"damage":0.0,"enemies":"Small Slimes","floor":4.0,"turns":3.0},{"damage":15.0,"enemies":"Gremlin Nob","floor":8.0,"turns":5.0},{"damage":0.0,"enemies":"Jaw Worm","floor":9.0,"turns":4.0},{"damage":19.0,"enemies":"Lagavulin","floor":11.0,"turns":7.0},{"damage":0.0,"enemies":"Exordium Thugs","floor":13.0,"turns":3.0},{"damage":11.0,"enemies":"Large Slime","floor":15.0,"turns":4.0},{"damage":35.0,"enemies":"IC_STATUS_ARCHETYPE","floor":16.0,"turns":10.0},{"damage":0.0,"enemies":"3 Byrds","floor":21.0,"turns":4.0},{"damage":0.0,"enemies":"downfall:FleeingMerchant","floor":22.0,"turns":4.0},{"damage":10.0,"enemies":"Spheric Guardian","floor":23.0,"turns":4.0},{"damage":22.0,"enemies":"Cultist and Chosen","floor":26.0,"turns":6.0},{"damage":0.0,"enemies":"Book of Stabbing","floor":28.0,"turns":4.0},{"damage":17.0,"enemies":"Shelled Parasite and Fungi","floor":29.0,"turns":5.0},{"damage":25.0,"enemies":"Slavers","floor":30.0,"turns":4.0},{"damage":5.0,"enemies":"Snecko","floor":31.0,"turns":5.0},{"damage":13.0,"enemies":"Snake Plant","floor":32.0,"turns":4.0},{"damage":0.0,"enemies":"WA_ARCHETYPE_CALM","floor":33.0,"turns":8.0},{"damage":15.0,"enemies":"3 Darklings","floor":36.0,"turns":4.0},{"damage":34.0,"enemies":"3 Shapes","floor":37.0,"turns":5.0},{"damage":11,"enemies":"Spire Growth","floor":38,"turns":5},{"damage":49,"enemies":"Writhing Mass","floor":40,"turns":5},{"damage":9,"enemies":"4 Shapes","floor":43,"turns":4},{"damage":0,"enemies":"3 Darklings","floor":44,"turns":4},{"damage":0,"enemies":"downfall:FleeingMerchant","floor":46,"turns":4},{"damage":2,"enemies":"Sphere and 2 Shapes","floor":49,"turns":3},{"damage":60,"enemies":"SI_POISON_ARCHETYPE","floor":50,"turns":5}],"seed_played":"5461771582166646446","potions_obtained":[{"floor":2.0,"key":"SpeedPotion"},{"floor":9.0,"key":"bronze:BurnAndBuffPotion"},{"floor":16.0,"key":"hexamod:SoulburnPotion"},{"floor":23.0,"key":"Dexterity Potion"},{"floor":28.0,"key":"Explosive Potion"},{"floor":30.0,"key":"Explosive Potion"},{"floor":32.0,"key":"Regen Potion"},{"floor":38,"key":"BlessingOfTheForge"},{"floor":44,"key":"hexamod:InfernoChargePotion"},{"floor":49,"key":"Energy Potion"}],"is_trial":false,"path_per_floor":["R","M","?","M","?","?","T","E","M","R","E","R","M","?","M","B",null,"R","?","?","M","$","M","T","R","M","R","E","M","E","M","M","B",null,"R","M","M","M","?","M","T","R","M","M","?","$","R","AVR","M","B"],"character_chosen":"THE_SPIRIT","items_purchased":["expansioncontent:QuickStudy","HornCleat"],"campfire_rested":3,"item_purchase_floors":[22,46],"current_hp_per_floor":[70,70,70,70,70,70,70,55,55,55,36,80,80,80,69,34,80,80,80,66,66,66,56,56,56,44,80,80,63,38,33,20,35,80,80,65,31,20,80,31,31,70,61,61,61,61,61,61,59,0,0,0],"gold":100,"neow_bonus":"HUNDRED_GOLD","is_daily":false,"chose_seed":false,"campfire_upgraded":5,"win_rate":0.0,"timestamp":1610911615,"path_taken":["R","M","?","M","?","?","T","E","M","R","E","R","?","?","M","BOSS","R","?","?","M","?","M","T","R","M","R","E","M","E","M","M","BOSS","R","M","M","M","?","?","T","R","M","M","?","$","R","AVR","M","BOSS"],"items_purchased_type":["Card","Relic"],"build_version":"2020-12-22","purchased_purges":2,"victory":false,"max_hp_per_floor":[70,70,70,70,70,70,70,70,70,70,70,80,80,80,80,80,80,80,80,80,80,80,80,80,80,80,80,80,80,80,80,80,80,80,80,80,80,80,80,80,80,80,80,80,80,80,80,80,80,80,80,80],"card_choices":[{"not_picked":["hexamod:Haunt","hexamod:SpectersWail"],"picked":"hexamod:RadiantFlame","floor":2.0},{"not_picked":["hexamod:Firestarter","hexamod:RecurringNightmare+1"],"picked":"hexamod:GhostflameBarrier+1","floor":4.0},{"not_picked":["hexamod:TimeWarp","hexamod:Incineration"],"picked":"hexamod:GhostLash","floor":8.0},{"not_picked":["hexamod:GhostOfSpirePast","hexamod:RainOfEmbers"],"picked":"hexamod:ThermalTransfer","floor":9.0},{"not_picked":["hexamod:Hexaguard+1","hexamod:HauntingEcho"],"picked":"hexamod:HeatShield+1","floor":11.0},{"not_picked":["hexamod:Hexaguard+1","hexamod:SwordOfDarkness"],"picked":"hexamod:NightmareStrike","floor":13.0},{"not_picked":["hexamod:GhostOfSpireFuture","hexamod:ThermalTransfer"],"picked":"hexamod:VolcanoVisage","floor":15.0},{"not_picked":["hexamod:GhostOfSpirePresent","hexamod:UnleashSpirits"],"picked":"hexamod:TurnItUp+1","floor":16.0},{"not_picked":["DoubleEdge","hexamod:ShieldOfDarkness+1","Rearm+1","hexamod:NightmareStrike"],"picked":"SKIP","floor":21.0},{"not_picked":["hexamod:HeatMetal","hexamod:HauntingEcho","hexamod:Hexaguard+1"],"picked":"BottledTime+1","floor":22.0},{"not_picked":["hexamod:Incineration","hexamod:RecurringNightmare+1","PendulumOfEternity"],"picked":"Manipulate+1","floor":23.0},{"not_picked":["hexamod:HauntingEcho","Revamp+1","Alleviate+1"],"picked":"hexamod:BurningTouch+1","floor":26.0},{"not_picked":["hexamod:ThirdSeal","hexamod:ThermalTransfer+1","BottledTime+1"],"picked":"hexamod:SixthSeal","floor":28.0},{"not_picked":["hexamod:GhostShield+1","hexamod:Hexaguard+1","hexamod:CatchUp+1","Sabotage","hexamod:InspiringFlames+1"],"picked":"SKIP","floor":29.0},{"not_picked":["RealityMarble","hexamod:SwordOfDarkness","Rewind+1","hexamod:BacktrackSmack","hexamod:GhostShield+1"],"picked":"SKIP","floor":30.0},{"not_picked":["RealityMarble","Alleviate+1","FastForward+1","Unruled"],"picked":"hexamod:SpectersWail+1","floor":31.0},{"not_picked":["FastForward+1","Comet","Replace+1","hexamod:SecondSeal","Potential+1"],"picked":"SKIP","floor":32.0},{"not_picked":["SoulSculpture","Deny+1","hexamod:SixthSeal","hexamod:GhostOfSpirePresent"],"picked":"hexamod:HexaLevel","floor":33.0},{"not_picked":["hexamod:GhostShield+1","hexamod:Incineration","Revamp+1","hexamod:PhantomCloak+1","Rearm+1"],"picked":"SKIP","floor":36.0},{"not_picked":["hexamod:GhostShield+1","hexamod:ChargedBarrage+1","hexamod:RecurringNightmare+1","hexamod:RetreatToShadows+1","hexamod:HauntingEcho+1"],"picked":"SKIP","floor":37},{"not_picked":["Defy+1","hexamod:BacktrackSmack","hexamod:Firestarter","Starlight","BottledTime+1"],"picked":"SKIP","floor":38},{"not_picked":["hexamod:Firestarter","hexamod:SwordOfDarkness+1","hexamod:CatchUp+1","hexamod:InspiringFlames+1"],"picked":"hexamod:NightmareGuise+1","floor":40},{"not_picked":["Revamp+1","Replace+1","LightFlow","hexamod:NightmareStrike"],"picked":"hexamod:SpectersWail+1","floor":43},{"not_picked":["hexamod:AdvancingGuard+1","hexamod:HeatMetal","hexamod:SwordOfDarkness+1","DancingSilver+1","Foresight+1"],"picked":"SKIP","floor":44},{"not_picked":["hexamod:SpectralAdrenaline+1","Sunlight","Foresight+1","Collapse","hexamod:FastForward+1"],"picked":"SKIP","floor":46},{"not_picked":["hexamod:HauntingEcho+1","hexamod:NightmareGuise+1","StarChef","hexamod:BurningTouch+1","Ricochet"],"picked":"SKIP","floor":49}],"player_experience":368538,"relics_obtained":[{"floor":8.0,"key":"Regal Pillow"},{"floor":11.0,"key":"Anchor"},{"floor":24.0,"key":"Bronze Scales"},{"floor":28.0,"key":"Question Card"},{"floor":30.0,"key":"aspiration:FrozenJewel"},{"floor":34.0,"key":"Vajra"},{"floor":34.0,"key":"Huge Egg"},{"floor":34.0,"key":"Pocketwatch"},{"floor":41,"key":"Lantern"}],"event_choices":[{"cards_removed":["Injury"],"damage_healed":0.0,"max_hp_gain":0.0,"max_hp_loss":0.0,"gold_gain":0.0,"event_name":"The Cleric","player_choice":"Card Removal","floor":14.0,"gold_loss":0.0,"damage_taken":0.0},{"damage_healed":60,"gold_gain":0,"player_choice":"Full Heal","damage_taken":0,"max_hp_gain":0,"max_hp_loss":0,"event_name":"Wheel of Change","floor":39,"gold_loss":0}],"is_beta":false,"boss_relics":[{"not_picked":["Snecko Eye","Coffee Dripper"],"picked":"aspiration:ServantSkillbook"},{"not_picked":["infinitespire:Cupcake","theForsaken:PaleLantern"],"picked":"Calling Bell"}],"items_purged_floors":[22,46],"is_endless":false,"potions_floor_spawned":[2,9,16,23,28,30,32,38,44,49],"killed_by":"SI_POISON_ARCHETYPE","ascension_level":0}}