{"host":"tdq5vwehmzjlkkx3","time":1610880684,"event":{"mods":["2.2 Compatiblity","Act Like it!","Aspiration","Astrologer","BaseMod","Beaked The Cultist","Better Altar","Better Match","Better Note","Better Third Choice","BetterRewards","Clockwork Mod","Colored Map","Colorless Booster Pack","Conjunction","Conspire","Defuse TimeMaze Blight","Energized Spire","FetchMod","Friendly Minions","FruityMod","GifTheSpireLib","Glutton Mod","Gremlin Mod","Halation","Hallownest","Highlight Path","Hubris","Infinite Spire","Key Reminder","Lotus Mark","Mimic Mod","Minty Spire (QoL Compilation)","Pale of the Ancients","Random Character Button","Relic Stats","Replay The Spire","Reworked Bosses","SCP261 Mod","Small Relic Pack","StSLib","Stuff the Spire","The Bladedancer","The Clintock","The Construct","The Disciple","The Factory","The Judge","The Jungle","The Marked","The Mystic","The Necromancer","The Servant","TheFirefly","Trackpad","Unceasing Turn Reminder","UnlockEverythingMod","Wandering Minibosses","slay the spire mod where everything is the same but ironclad has a cowboy hat","vexMod"],"gold_per_floor":[113,113,113,60,74,106,125,125,164,164,179,212,67,79,79,180,180,198,57,67,17,17,17,17,17,17],"floor_reached":25,"language":"ENG","playtime":1852,"items_purged":[],"score":234,"play_id":"c9fc4fd0-ff85-4b14-ae13-3cc5ce2acdec","local_time":"20210117025124","is_ascension_mode":false,"campfire_choices":[{"data":"astrologer:Prismatic","floor":10,"key":"SMITH"},{"data":"astrologer:Shine","floor":15,"key":"SMITH"},{"data":"Revamp","floor":23,"key":"SMITH"}],"circlet_count":0,"master_deck":["astrologer:Strike","astrologer:Strike","astrologer:Strike","astrologer:Strike","astrologer:Defend","astrologer:Defend","astrologer:Defend","astrologer:Defend","astrologer:NorthStar","astrologer:SpaceDust","astrologer:FrozenStar","astrologer:Moonlight","astrologer:SolarFlare","astrologer:StarOfCourage","astrologer:Prismatic+1","astrologer:TheFool","Acrobatics","astrologer:Stardust","astrologer:Shine+1","Flying Knee","Grand Finale","astrologer:Judgement","astrologer:FadingStar","astrologer:Justice","Revamp+1","hubris:Fate"],"relics":["Replay:M_StaffOfTheSnake","NeowsBlessing","relicPack:OneForAll","aspiration:Headhunter","infinitespire:Cubic Diamond","StuffTheSpire:Mouthbags","Vajra","trackpad:AdjectivePendant","energizedSpire:DeadBattery","Golden Egg"],"acts_visited":["Exordium","TheCity"],"potions_floor_usage":[16,16,16,20,25,25],"damage_taken":[{"damage":0,"enemies":"2 Louse","floor":1,"turns":1},{"damage":0,"enemies":"conspire:RoseBush","floor":5,"turns":1},{"damage":0,"enemies":"Lagavulin","floor":6,"turns":1},{"damage":10,"enemies":"Small Slimes","floor":7,"turns":4},{"damage":0,"enemies":"3 Louse","floor":9,"turns":7},{"damage":8,"enemies":"3 Louse","floor":11,"turns":7},{"damage":6,"enemies":"Replay:BlueRogue","floor":12,"turns":8},{"damage":0,"enemies":"Large Slime","floor":14,"turns":6},{"damage":22,"enemies":"Hexaghost","floor":16,"turns":10},{"damage":20,"enemies":"2 Thieves","floor":18,"turns":5},{"damage":8,"enemies":"Spheric Guardian","floor":20,"turns":4},{"damage":49,"enemies":"3 Cultists","floor":25,"turns":5}],"seed_played":"-757279084987229680","potions_obtained":[{"floor":1,"key":"Strength Potion"},{"floor":6,"key":"SCP261:DewritoBlazePotion"},{"floor":12,"key":"SCP261:ThunderBarPotion"},{"floor":16,"key":"LiquidBronze"},{"floor":18,"key":"Energy Potion"}],"is_trial":false,"path_per_floor":["M","?","?","$","M","E","M","?","MIM","R","M","E","$","M","R","B",null,"M","$","M","?","?","R","AVR","M"],"character_chosen":"ASTROLOGER","items_purchased":["astrologer:Moonlight","trackpad:AdjectivePendant","astrologer:FadingStar","Regen Potion"],"campfire_rested":0,"item_purchase_floors":[4,13,19,19],"current_hp_per_floor":[70,70,70,70,70,70,60,60,60,60,52,46,46,46,46,24,70,50,50,47,47,47,47,47,0,0],"gold":17,"neow_bonus":"THREE_ENEMY_KILL","is_daily":false,"chose_seed":false,"campfire_upgraded":3,"win_rate":0.0,"timestamp":1610880684,"path_taken":["M","?","?","$","M","E","M","?","MIM","R","M","E","$","M","R","BOSS","M","$","M","?","?","R","AVR","M"],"items_purchased_type":["Card","Relic","Card","Potion"],"build_version":"2020-12-22","purchased_purges":0,"victory":false,"max_hp_per_floor":[70,70,70,70,70,70,70,70,70,70,70,70,70,70,70,70,70,70,70,70,70,70,70,70,70,70],"relic_stats":{"counters":[12,59],"obtain_stats":[{"relicPack:OneForAll":3,"Golden Egg":24,"Replay:M_StaffOfTheSnake":8,"NeowsBlessing":0,"StuffTheSpire:Mouthbags":9,"Vajra":12,"astrologer:SkyMirror":0,"infinitespire:Cubic Diamond":8,"trackpad:AdjectivePendant":13,"aspiration:Headhunter":6,"energizedSpire:DeadBattery":17},{"relicPack:OneForAll":1,"Golden Egg":11,"Replay:M_StaffOfTheSnake":4,"NeowsBlessing":0,"StuffTheSpire:Mouthbags":5,"Vajra":7,"astrologer:SkyMirror":0,"infinitespire:Cubic Diamond":4,"trackpad:AdjectivePendant":7,"aspiration:Headhunter":3,"energizedSpire:DeadBattery":9},{"relicPack:OneForAll":1,"Golden Egg":54,"Replay:M_StaffOfTheSnake":7,"NeowsBlessing":0,"StuffTheSpire:Mouthbags":14,"Vajra":29,"astrologer:SkyMirror":0,"infinitespire:Cubic Diamond":7,"trackpad:AdjectivePendant":29,"aspiration:Headhunter":3,"energizedSpire:DeadBattery":45}]},"card_choices":[{"not_picked":["astrologer:Radiance","astrologer:Stardust"],"picked":"astrologer:SpaceDust","floor":1},{"not_picked":["astrologer:Death","astrologer:Divination"],"picked":"astrologer:SolarFlare","floor":5},{"not_picked":["astrologer:TheTower","astrologer:Eclipse"],"picked":"astrologer:StarOfCourage","floor":6},{"not_picked":["astrologer:ReadTheStars","astrologer:Stardust"],"picked":"astrologer:Prismatic","floor":7},{"not_picked":["astrologer:Eclipse","Sanctity"],"picked":"Acrobatics","floor":9},{"not_picked":["astrologer:Eclipse","SashWhip"],"picked":"astrologer:Stardust","floor":11},{"not_picked":["Flying Knee","astrologer:Moonlight"],"picked":"astrologer:Shine","floor":12},{"not_picked":["astrologer:SpaceDust","astrologer:TheDevil"],"picked":"Flying Knee","floor":14},{"not_picked":["Tools of the Trade","astrologer:HeatDeath"],"picked":"Grand Finale","floor":16},{"not_picked":["astrologer:Eclipse+1","astrologer:MeteorShower"],"picked":"astrologer:Judgement","floor":18},{"not_picked":["astrologer:Moonlight","astrologer:TheLovers"],"picked":"astrologer:Justice","floor":20}],"player_experience":338439,"relics_obtained":[{"floor":6,"key":"aspiration:Headhunter"},{"floor":9,"key":"StuffTheSpire:Mouthbags"},{"floor":12,"key":"Vajra"}],"event_choices":[{"damage_healed":0,"gold_gain":0,"player_choice":"Bet on Owner","damage_taken":0,"max_hp_gain":0,"max_hp_loss":0,"event_name":"The Joust","floor":21,"gold_loss":50},{"cards_removed":["astrologer:Defend"],"damage_healed":0,"gold_gain":0,"player_choice":"Take \u0026 Give","damage_taken":0,"max_hp_gain":0,"max_hp_loss":0,"event_name":"betterNote:BetterNote","floor":22,"gold_loss":0,"cards_obtained":["Revamp"]}],"is_beta":false,"boss_relics":[{"not_picked":["Sozu","conspire:SpecialSausage"],"picked":"energizedSpire:DeadBattery"}],"items_purged_floors":[],"is_endless":false,"potions_floor_spawned":[1,6,12,14,16,18],"killed_by":"3 Cultists","ascension_level":0}}