{"host":"ebj6lkgm8suah319","time":1610851948,"event":{"mods":["2.2 Compatiblity","AchievementEnabler","BaseMod","Block Reminder","Colored Map","Colored Powertips","Minty Spire (QoL Compilation)","Quick Restart","Rare Cards Sparkle","Relic Stats","SuperFastMode"],"gold_per_floor":[118,118,132,148,161,161,194,194,194,221,396,23,40,40,40,141,141,156,176,176,37,37,37,56,56,56,56,88,88,104,124,124,223,223,235,252,97,116,130,130,146,163,163,163,163,0,31,31,31,31],"floor_reached":51,"language":"ENG","playtime":2259,"items_purged":["Doubt","Decay"],"score":747,"play_id":"77d49fa9-4511-4d8d-8ed6-fa357f543475","local_time":"20210116215228","is_ascension_mode":false,"campfire_choices":[{"data":"Bash","floor":6.0,"key":"SMITH"},{"floor":8.0,"key":"REST"},{"data":"Inflame","floor":15.0,"key":"SMITH"},{"data":"Whirlwind","floor":27.0,"key":"SMITH"},{"data":"Fiend Fire","floor":29,"key":"SMITH"},{"data":"True Grit","floor":32,"key":"SMITH"},{"data":"Feel No Pain","floor":40,"key":"SMITH"},{"data":"Feel No Pain","floor":44,"key":"SMITH"}],"circlet_count":0,"master_deck":["Strike_R+1","Strike_R+1","Strike_R+1","Defend_R+1","Defend_R+1","Defend_R+1","Defend_R+1","Bash+1","Clothesline+1","Sword Boomerang+1","Pommel Strike+1","Dual Wield+1","Battle Trance+1","Whirlwind+1","Carnage+1","Inflame+1","Pummel+1","Fiend Fire+1","Feel No Pain+1","Feel No Pain+1","Inflame+1","True Grit+1","Barricade+1","Dark Embrace+1","Dark Embrace+1","Seeing Red+1","Juggernaut+1","Body Slam+1","Uppercut+1","Body Slam+1","Flame Barrier+1"],"relics":["Burning Blood","Charon\u0027s Ashes","Champion Belt","Odd Mushroom","Pen Nib","Snecko Eye","Question Card","Magic Flower","Coffee Dripper","Orrery","Gremlin Horn","Red Mask","Self Forming Clay","Mark of the Bloom"],"acts_visited":["Exordium","TheCity","TheBeyond"],"potions_floor_usage":[28,33,39,42,50],"damage_taken":[{"damage":2.0,"enemies":"Small Slimes","floor":1.0,"turns":4.0},{"damage":1.0,"enemies":"Cultist","floor":3.0,"turns":4.0},{"damage":0.0,"enemies":"2 Louse","floor":4.0,"turns":3.0},{"damage":7.0,"enemies":"Looter","floor":5.0,"turns":3.0},{"damage":49.0,"enemies":"Lagavulin","floor":7.0,"turns":7.0},{"damage":26.0,"enemies":"The Mushroom Lair","floor":10.0,"turns":5.0},{"damage":7.0,"enemies":"Exordium Thugs","floor":13.0,"turns":4.0},{"damage":41.0,"enemies":"The Guardian","floor":16.0,"turns":10.0},{"damage":0.0,"enemies":"3 Byrds","floor":18.0,"turns":2.0},{"damage":22.0,"enemies":"Spheric Guardian","floor":19.0,"turns":4.0},{"damage":0.0,"enemies":"Shelled Parasite and Fungi","floor":24.0,"turns":1.0},{"damage":7,"enemies":"Slavers","floor":28,"turns":2},{"damage":15,"enemies":"Centurion and Healer","floor":30,"turns":2},{"damage":0,"enemies":"Snake Plant","floor":31,"turns":2},{"damage":36,"enemies":"Champ","floor":33,"turns":9},{"damage":14,"enemies":"Orb Walker","floor":35,"turns":3},{"damage":4,"enemies":"3 Darklings","floor":36,"turns":3},{"damage":7,"enemies":"Spire Growth","floor":38,"turns":3},{"damage":5,"enemies":"Jaw Worm Horde","floor":39,"turns":3},{"damage":0,"enemies":"Sphere and 2 Shapes","floor":41,"turns":3},{"damage":32,"enemies":"4 Shapes","floor":42,"turns":10},{"damage":3,"enemies":"Reptomancer","floor":47,"turns":4},{"damage":27,"enemies":"Awakened One","floor":50,"turns":6}],"seed_played":"-7446277877918479530","potions_obtained":[{"floor":1.0,"key":"Block Potion"},{"floor":10.0,"key":"Dexterity Potion"},{"floor":13.0,"key":"FearPotion"},{"floor":16.0,"key":"DuplicationPotion"},{"floor":30,"key":"LiquidMemories"},{"floor":31,"key":"DistilledChaos"},{"floor":38,"key":"SteroidPotion"},{"floor":39,"key":"Block Potion"}],"is_trial":false,"path_per_floor":["M","?","M","M","M","R","E","R","T","?","?","$","M","?","R","B",null,"M","M","?","$","?","?","M","$","T","R","E","R","M","M","R","B",null,"M","M","$","M","M","R","M","M","T","R","?","?","E","?","R","B",null],"character_chosen":"IRONCLAD","items_purchased":["Pen Nib","Carnage","Inflame","Feel No Pain","Orrery"],"campfire_rested":1,"item_purchase_floors":[12,12,12,21,37],"current_hp_per_floor":[80,80,80,80,79,79,36,60,60,40,40,40,39,44,44,9,85,85,69,69,69,69,69,75,75,75,75,74,74,68,77,77,50,85,80,85,85,85,85,85,85,62,62,62,62,62,68,68,68,41],"gold":31,"neow_bonus":"","is_daily":false,"chose_seed":false,"campfire_upgraded":7,"win_rate":0.0,"timestamp":1610851948,"path_taken":["M","?","?","M","M","R","E","R","T","?","?","$","M","?","R","BOSS","M","M","?","?","?","?","?","$","T","R","E","R","M","M","R","BOSS","M","?","?","M","M","R","M","M","T","R","?","?","E","?","R","BOSS"],"items_purchased_type":["Relic","Card","Card","Card","Relic"],"build_version":"2020-12-22","purchased_purges":2,"victory":true,"max_hp_per_floor":[80,80,80,80,80,80,80,80,80,80,80,80,80,85,85,85,85,85,85,85,85,85,85,85,85,85,85,85,85,85,85,85,85,85,85,85,85,85,85,85,85,85,85,85,85,85,85,85,85,85],"relic_stats":{"Mark of the Bloom":9,"Gremlin Horn":[6,6],"counters":[23,97],"Self Forming Clay":[12],"Snecko Eye":[114,108,110,109],"Magic Flower":[22],"Charon\u0027s Ashes":[295],"Pen Nib":[12],"Champion Belt":[22],"Question Card":17,"obtain_stats":[{"Mark of the Bloom":48,"Gremlin Horn":43,"Self Forming Clay":47,"Magic Flower":28,"Charon\u0027s Ashes":7,"Pen Nib":12,"Odd Mushroom":10,"Question Card":26,"Burning Blood":0,"Snecko Eye":17,"Orrery":37,"Coffee Dripper":34,"Red Mask":46,"Champion Belt":9},{"Mark of the Bloom":22,"Gremlin Horn":21,"Self Forming Clay":22,"Magic Flower":12,"Charon\u0027s Ashes":5,"Pen Nib":6,"Odd Mushroom":6,"Question Card":11,"Burning Blood":0,"Snecko Eye":8,"Orrery":17,"Coffee Dripper":15,"Red Mask":21,"Champion Belt":5},{"Mark of the Bloom":91,"Gremlin Horn":87,"Self Forming Clay":91,"Magic Flower":49,"Charon\u0027s Ashes":21,"Pen Nib":26,"Odd Mushroom":26,"Question Card":47,"Burning Blood":0,"Snecko Eye":40,"Orrery":68,"Coffee Dripper":62,"Red Mask":87,"Champion Belt":21}],"Burning Blood":126},"card_choices":[{"not_picked":["Whirlwind","Body Slam"],"picked":"Clothesline","floor":1.0},{"not_picked":["Perfected Strike","Reckless Charge"],"picked":"Sword Boomerang","floor":3.0},{"not_picked":["Twin Strike","Iron Wave"],"picked":"Pommel Strike","floor":4.0},{"not_picked":["Flex","Sword Boomerang"],"picked":"Dual Wield","floor":5.0},{"not_picked":["Thunderclap","Hemokinesis"],"picked":"Battle Trance","floor":7.0},{"not_picked":["Warcry","Inflame"],"picked":"Whirlwind","floor":10.0},{"not_picked":["Searing Blow","Bloodletting"],"picked":"Pummel","floor":13.0},{"not_picked":["Double Tap","Bludgeon"],"picked":"Fiend Fire","floor":16.0},{"not_picked":["Fire Breathing+1","Rupture","Cleave"],"picked":"SKIP","floor":18.0},{"not_picked":["Seeing Red","Thunderclap","Headbutt"],"picked":"SKIP","floor":19.0},{"not_picked":["Rampage","Whirlwind"],"picked":"Feel No Pain","floor":24.0},{"not_picked":["Entrench","Hemokinesis","Sword Boomerang+1"],"picked":"Inflame+1","floor":28},{"not_picked":["Cleave","Clash","Body Slam"],"picked":"True Grit","floor":30},{"not_picked":["Rampage+1","Headbutt","Clothesline","Cleave"],"picked":"SKIP","floor":31},{"not_picked":["Reaper","Impervious","Brutality"],"picked":"Barricade","floor":33},{"not_picked":["Shrug It Off+1","Pommel Strike+1","Sever Soul"],"picked":"Dark Embrace","floor":35},{"not_picked":["Flex+1","Combust","Twin Strike+1"],"picked":"Dark Embrace+1","floor":36},{"not_picked":["Searing Blow+1","Clash","Armaments"],"picked":"Seeing Red+1","floor":37},{"not_picked":["Bloodletting+1","Cleave","Headbutt+1"],"picked":"Juggernaut","floor":37},{"not_picked":["Headbutt","Rupture","Carnage+1"],"picked":"Body Slam","floor":37},{"not_picked":["Shockwave","Thunderclap","Fire Breathing"],"picked":"Uppercut+1","floor":38},{"not_picked":["Combust","Infernal Blade+1","True Grit","Second Wind"],"picked":"SKIP","floor":39},{"not_picked":["Thunderclap","Cleave+1","Carnage+1"],"picked":"Body Slam+1","floor":41},{"not_picked":["Sword Boomerang","Ghostly Armor","Iron Wave","Clash+1"],"picked":"SKIP","floor":42},{"not_picked":["Body Slam+1","Hemokinesis","Inflame"],"picked":"Flame Barrier+1","floor":47}],"player_experience":0,"relics_obtained":[{"floor":7.0,"key":"Charon\u0027s Ashes"},{"floor":9.0,"key":"Champion Belt"},{"floor":10.0,"key":"Odd Mushroom"},{"floor":26.0,"key":"Question Card"},{"floor":28,"key":"Magic Flower"},{"floor":43,"key":"Gremlin Horn"},{"floor":47,"key":"Self Forming Clay"}],"event_choices":[{"cards_removed":["Strike_R"],"damage_healed":0.0,"max_hp_gain":0.0,"max_hp_loss":0.0,"gold_gain":0.0,"event_name":"Bonfire Elementals","player_choice":"Offered Basic","floor":2.0,"gold_loss":0.0,"damage_taken":0.0},{"damage_healed":0.0,"max_hp_gain":0.0,"max_hp_loss":0.0,"gold_gain":0.0,"event_name":"Mushrooms","player_choice":"Fought Mushrooms","floor":10.0,"gold_loss":0.0,"damage_taken":0.0},{"damage_healed":0.0,"max_hp_gain":0.0,"max_hp_loss":0.0,"gold_gain":175.0,"event_name":"Liars Game","player_choice":"AGREE","floor":11.0,"gold_loss":0.0,"damage_taken":0.0,"cards_obtained":["Doubt"]},{"damage_healed":0.0,"max_hp_gain":5.0,"max_hp_loss":0.0,"gold_gain":0.0,"event_name":"Big Fish","player_choice":"Donut","floor":14.0,"gold_loss":0.0,"damage_taken":0.0},{"damage_healed":0.0,"max_hp_gain":0.0,"max_hp_loss":0.0,"gold_gain":0.0,"event_name":"Wheel of Change","player_choice":"Cursed","floor":20.0,"gold_loss":0.0,"damage_taken":0.0,"cards_obtained":["Decay"]},{"damage_healed":0.0,"max_hp_gain":0.0,"max_hp_loss":0.0,"gold_gain":0.0,"event_name":"Vampires","player_choice":"Ignored","floor":22.0,"gold_loss":0.0,"damage_taken":0.0},{"cards_removed":["Strike_R"],"damage_healed":0.0,"max_hp_gain":0.0,"max_hp_loss":0.0,"gold_gain":0.0,"event_name":"Purifier","player_choice":"Purged","floor":23.0,"gold_loss":0.0,"damage_taken":0.0},{"damage_healed":0,"gold_gain":0,"player_choice":"Memory 1","damage_taken":0,"max_hp_gain":0,"max_hp_loss":0,"event_name":"SensoryStone","floor":45,"gold_loss":0},{"damage_healed":0,"gold_gain":0,"player_choice":"Paid","damage_taken":0,"relics_obtained":["Red Mask"],"max_hp_gain":0,"max_hp_loss":0,"event_name":"Tomb of Lord Red Mask","floor":46,"gold_loss":163},{"damage_healed":0,"gold_gain":0,"player_choice":"Upgrade","damage_taken":0,"relics_obtained":["Mark of the Bloom"],"max_hp_gain":0,"max_hp_loss":0,"event_name":"MindBloom","floor":48,"gold_loss":0,"cards_upgraded":["Strike_R","Strike_R","Strike_R","Defend_R","Defend_R","Defend_R","Defend_R","Clothesline","Sword Boomerang","Pommel Strike","Dual Wield","Battle Trance","Carnage","Pummel","Barricade","Dark Embrace","Juggernaut","Body Slam"]}],"is_beta":false,"boss_relics":[{"not_picked":["Empty Cage","Tiny House"],"picked":"Snecko Eye"},{"not_picked":["Philosopher\u0027s Stone","Mark of Pain"],"picked":"Coffee Dripper"}],"items_purged_floors":[12,21],"is_endless":false,"potions_floor_spawned":[1,10,13,16,18,30,31,38,39,41],"ascension_level":0}}