{"host":"v54ek091sdz7ha6h","time":1610874984,"event":{"mods":["BaseMod","Better Vampires","Colored Map","Colored Powertips","Custom Start","DeckTracker","Highlight Path","KOR Keyword Fix","Minty Spire (QoL Compilation)","Rare Cards Sparkle","Relic Stats","StSLib","SuperFastMode","everything is the same but u backflip on backflip","slay the spire mod where everything is the same but ironclad has a cowboy hat"],"gold_per_floor":[115,132,132,57,57,57,87,87,133,58,74,88,104,123,123,197,197,207,207,225,244,27,61,61,74,123,103,115,134,134,154,154,232,232,243,260,270,295,310,310,340,394,418,318,318,318,17,17,17,17,17,17,17,17,44,44,44],"floor_reached":56,"language":"KOR","playtime":1534,"items_purged":["Defend_G","Strike_G"],"score":1998,"play_id":"5079e82e-b586-4e23-a5c6-2b5324c8be25","local_time":"20210117181624","is_ascension_mode":true,"campfire_choices":[{"data":"Blade Dance","floor":6.0,"key":"SMITH"},{"data":"Neutralize","floor":8.0,"key":"SMITH"},{"data":"Blade Dance","floor":15.0,"key":"SMITH"},{"data":"Accuracy","floor":24.0,"key":"SMITH"},{"floor":30.0,"key":"REST"},{"data":"Burst","floor":32.0,"key":"SMITH"},{"data":"Terror","floor":40.0,"key":"SMITH"},{"data":"Prepared","floor":45,"key":"SMITH"},{"floor":49,"key":"RECALL"},{"data":"Sadistic Nature","floor":53,"key":"SMITH"}],"circlet_count":0,"master_deck":["AscendersBane","Defend_G","Defend_G","Survivor","Neutralize+1","Blur","Blade Dance+1","Terror+1","Prepared+1","Blade Dance+1","Accuracy+1","Cloak And Dagger+1","Burst+1","Backflip+1","After Image","Calculated Gamble","Cloak And Dagger+1","Escape Plan+1","Sadistic Nature+1"],"relics":["Ring of the Snake","Letter Opener","Vajra","Empty Cage","Oddly Smooth Stone","MealTicket","Coffee Dripper","Lizard Tail","Eternal Feather","Turnip","Centennial Puzzle","Membership Card","Bottled Lightning","Ice Cream"],"acts_visited":["Exordium","TheCity","TheBeyond","TheEnding"],"potions_floor_usage":[42,56],"damage_taken":[{"damage":1.0,"enemies":"Jaw Worm","floor":1.0,"turns":4.0},{"damage":0.0,"enemies":"Cultist","floor":2.0,"turns":5.0},{"damage":14.0,"enemies":"Lagavulin","floor":7.0,"turns":5.0},{"damage":2.0,"enemies":"Small Slimes","floor":11.0,"turns":2.0},{"damage":15.0,"enemies":"Exordium Thugs","floor":12.0,"turns":5.0},{"damage":17.0,"enemies":"Gremlin Gang","floor":13.0,"turns":4.0},{"damage":0.0,"enemies":"Large Slime","floor":14.0,"turns":2.0},{"damage":0.0,"enemies":"Hexaghost","floor":16.0,"turns":6.0},{"damage":10.0,"enemies":"Shell Parasite","floor":18.0,"turns":2.0},{"damage":6.0,"enemies":"2 Thieves","floor":20.0,"turns":3.0},{"damage":0.0,"enemies":"Centurion and Healer","floor":21.0,"turns":3.0},{"damage":17.0,"enemies":"Book of Stabbing","floor":23.0,"turns":4.0},{"damage":24.0,"enemies":"Cultist and Chosen","floor":25.0,"turns":7.0},{"damage":0.0,"enemies":"Snecko","floor":28.0,"turns":2.0},{"damage":15.0,"enemies":"Shelled Parasite and Fungi","floor":29.0,"turns":3.0},{"damage":0.0,"enemies":"3 Cultists","floor":31.0,"turns":4.0},{"damage":0.0,"enemies":"Automaton","floor":33.0,"turns":6.0},{"damage":0.0,"enemies":"3 Shapes","floor":35.0,"turns":3.0},{"damage":0.0,"enemies":"3 Darklings","floor":36.0,"turns":3.0},{"damage":0.0,"enemies":"Maw","floor":37.0,"turns":4.0},{"damage":0.0,"enemies":"Mind Bloom Boss Battle","floor":38.0,"turns":5.0},{"damage":0.0,"enemies":"Sphere and 2 Shapes","floor":39.0,"turns":3.0},{"damage":29.0,"enemies":"Nemesis","floor":41.0,"turns":11.0},{"damage":9,"enemies":"2 Orb Walkers","floor":42,"turns":6},{"damage":12,"enemies":"Donu and Deca","floor":50,"turns":8},{"damage":34,"enemies":"Awakened One","floor":51,"turns":12},{"damage":25,"enemies":"Shield and Spear","floor":55,"turns":4},{"damage":114,"enemies":"The Heart","floor":56,"turns":6}],"seed_played":"-2270424946979999027","potions_obtained":[{"floor":1.0,"key":"Poison Potion"},{"floor":2.0,"key":"ColorlessPotion"},{"floor":13.0,"key":"LiquidMemories"},{"floor":14.0,"key":"GhostInAJar"},{"floor":25.0,"key":"Dexterity Potion"},{"floor":27.0,"key":"CultistPotion"},{"floor":33.0,"key":"Fire Potion"},{"floor":38.0,"key":"Weak Potion"},{"floor":39.0,"key":"PowerPotion"},{"floor":41.0,"key":"DuplicationPotion"},{"floor":42,"key":"Regen Potion"}],"is_trial":false,"path_per_floor":["M","M","?","$","T","R","E","R","T","?","M","M","M","M","R","B",null,"M","?","M","M","$","E","R","M","T","?","M","M","R","M","R","B",null,"M","M","M","?","M","R","E","?","T","$","R","?","$","?","R","B","B",null,"R","$","E","B"],"character_chosen":"THE_SILENT","items_purchased":["Burst","PowerPotion","Membership Card","Bottled Lightning"],"campfire_rested":1,"item_purchase_floors":[22,22,47,47],"current_hp_per_floor":[58,58,58,58,58,58,44,44,44,44,42,27,10,10,10,10,52,42,66,60,60,60,43,43,19,19,19,19,4,23,23,23,23,55,55,55,55,55,55,55,26,17,17,32,41,41,56,46,55,43,9,52,61,66,41,0,0],"gold":44,"neow_bonus":"REMOVE_CARD","is_daily":false,"chose_seed":false,"campfire_upgraded":8,"win_rate":0.0,"timestamp":1610874984,"path_taken":["M","M","?","?","?","R","E","R","T","?","M","M","M","M","R","BOSS","M","?","?","M","$","E","R","M","T","?","?","M","R","M","R","BOSS","M","M","M","?","M","R","E","?","T","$","R","?","$","?","R","BOSS","BOSS","R","$","E","BOSS"],"items_purchased_type":["Card","Potion","Relic","Relic"],"build_version":"2020-12-22","purchased_purges":2,"victory":false,"max_hp_per_floor":[66,66,66,66,66,66,66,66,66,66,66,66,66,66,66,66,66,66,66,66,66,66,66,66,66,66,66,66,66,66,66,66,66,66,66,66,66,66,66,66,66,66,66,66,66,66,66,66,66,66,66,66,66,66,66,66,66],"relic_stats":{"Lizard Tail":33,"Centennial Puzzle":[12],"counters":[28,132],"MealTicket":35,"Eternal Feather":27,"Turnip":[2],"Letter Opener":[556],"obtain_stats":[{"Ice Cream":55,"Vajra":9,"Oddly Smooth Stone":23,"Eternal Feather":41,"Letter Opener":7,"Empty Cage":17,"Lizard Tail":38,"Centennial Puzzle":43,"MealTicket":26,"Turnip":42,"Coffee Dripper":34,"Membership Card":47,"Bottled Lightning":47,"Ring of the Snake":0},{"Ice Cream":27,"Vajra":3,"Oddly Smooth Stone":12,"Eternal Feather":23,"Letter Opener":3,"Empty Cage":8,"Lizard Tail":21,"Centennial Puzzle":24,"MealTicket":13,"Turnip":24,"Coffee Dripper":17,"Membership Card":24,"Bottled Lightning":24,"Ring of the Snake":0},{"Ice Cream":126,"Vajra":14,"Oddly Smooth Stone":45,"Eternal Feather":96,"Letter Opener":14,"Empty Cage":33,"Lizard Tail":82,"Centennial Puzzle":102,"MealTicket":52,"Turnip":102,"Coffee Dripper":67,"Membership Card":102,"Bottled Lightning":102,"Ring of the Snake":0}],"Ring of the Snake":[56]},"card_choices":[{"not_picked":["Slice","Leg Sweep"],"picked":"Blur","floor":1.0},{"not_picked":["Flying Knee","PiercingWail"],"picked":"Blade Dance","floor":2.0},{"not_picked":["Slice","Bane","Acrobatics"],"picked":"SKIP","floor":7.0},{"not_picked":["Dodge and Roll","Bouncing Flask"],"picked":"Prepared","floor":11.0},{"not_picked":["Caltrops","Reflex"],"picked":"Finisher","floor":12.0},{"not_picked":["Sucker Punch","All Out Attack","Expertise"],"picked":"SKIP","floor":13.0},{"not_picked":["Bouncing Flask","Deadly Poison"],"picked":"Blade Dance","floor":14.0},{"not_picked":["Slice","Prepared"],"picked":"Accuracy","floor":18.0},{"not_picked":["Riddle With Holes","Dodge and Roll","Endless Agony"],"picked":"SKIP","floor":20.0},{"not_picked":["Poisoned Stab+1","Concentrate"],"picked":"Cloak And Dagger+1","floor":21.0},{"not_picked":["Quick Slash+1","Dagger Spray"],"picked":"Backflip+1","floor":23.0},{"not_picked":["Blade Dance","Prepared","Unload"],"picked":"SKIP","floor":25.0},{"not_picked":["Endless Agony","Skewer+1","Blade Dance+1"],"picked":"SKIP","floor":28.0},{"not_picked":["Cloak And Dagger","Slice","Blade Dance"],"picked":"SKIP","floor":29.0},{"not_picked":["Bane","Dodge and Roll+1","Underhanded Strike"],"picked":"SKIP","floor":31.0},{"not_picked":["Tools of the Trade","A Thousand Cuts"],"picked":"After Image","floor":33.0},{"not_picked":["Eviscerate","Skewer"],"picked":"Calculated Gamble","floor":35.0},{"not_picked":["Dagger Throw","Poisoned Stab","Blur"],"picked":"SKIP","floor":36.0},{"not_picked":["Dagger Throw","Finisher","Dodge and Roll"],"picked":"SKIP","floor":37.0},{"not_picked":["Sucker Punch","Quick Slash+1"],"picked":"Cloak And Dagger+1","floor":39.0},{"not_picked":["Backflip+1","Flying Knee","Well Laid Plans"],"picked":"SKIP","floor":41.0},{"not_picked":["Calculated Gamble+1","Storm of Steel"],"picked":"Escape Plan+1","floor":42},{"not_picked":["Transmutation","Finesse"],"picked":"Sadistic Nature","floor":48},{"not_picked":["Setup","Poisoned Stab+1","Quick Slash"],"picked":"SKIP","floor":55}],"player_experience":1450337,"relics_obtained":[{"floor":7.0,"key":"Letter Opener"},{"floor":9.0,"key":"Vajra"},{"floor":23.0,"key":"Oddly Smooth Stone"},{"floor":26.0,"key":"MealTicket"},{"floor":38.0,"key":"Lizard Tail"},{"floor":41.0,"key":"Eternal Feather"},{"floor":42,"key":"Turnip"},{"floor":43,"key":"Centennial Puzzle"},{"floor":55,"key":"Ice Cream"}],"event_choices":[{"damage_healed":0.0,"max_hp_gain":0.0,"max_hp_loss":0.0,"gold_gain":0.0,"cards_transformed":["Strike_G"],"event_name":"Transmorgrifier","player_choice":"Transformed","floor":3.0,"gold_loss":0.0,"damage_taken":0.0,"cards_obtained":["Terror"]},{"cards_removed":["Defend_G"],"damage_healed":0.0,"max_hp_gain":0.0,"max_hp_loss":0.0,"gold_gain":0.0,"event_name":"The Cleric","player_choice":"Card Removal","floor":10.0,"gold_loss":75.0,"damage_taken":0.0},{"cards_removed":["Finisher"],"damage_healed":24.0,"max_hp_gain":0.0,"max_hp_loss":0.0,"gold_gain":0.0,"event_name":"Bonfire Elementals","player_choice":"Offered Uncommon","floor":19.0,"gold_loss":0.0,"damage_taken":0.0},{"damage_healed":0.0,"max_hp_gain":0.0,"max_hp_loss":0.0,"gold_gain":0.0,"event_name":"The Woman in Blue","player_choice":"Bought 1 Potion","floor":27.0,"gold_loss":0.0,"damage_taken":0.0},{"damage_healed":0.0,"max_hp_gain":0.0,"max_hp_loss":0.0,"gold_gain":0.0,"event_name":"MindBloom","player_choice":"Fight","floor":38.0,"gold_loss":0.0,"damage_taken":0.0},{"damage_healed":0,"gold_gain":0,"player_choice":"Fight","damage_taken":0,"max_hp_gain":0,"max_hp_loss":0,"event_name":"Mysterious Sphere","floor":42,"gold_loss":0},{"cards_removed":["Strike_G"],"damage_healed":0,"gold_gain":0,"player_choice":"Removed Attack","damage_taken":0,"max_hp_gain":0,"max_hp_loss":0,"event_name":"Falling","floor":46,"gold_loss":0},{"damage_healed":0,"gold_gain":0,"player_choice":"Memory 3","damage_taken":10,"max_hp_gain":0,"max_hp_loss":0,"event_name":"SensoryStone","floor":48,"gold_loss":0}],"is_beta":false,"boss_relics":[{"not_picked":["Ectoplasm","Black Star"],"picked":"Empty Cage"},{"not_picked":["HoveringKite","Calling Bell"],"picked":"Coffee Dripper"}],"items_purged_floors":[4,44],"is_endless":false,"potions_floor_spawned":[1,2,13,14,18,25,28,33,38,39,41,42],"killed_by":"The Heart","ascension_level":20}}