{"host":"w5vfr18i2ft1pzo2","time":1610859495,"event":{"mods":["AchievementEnabler","Act Like it!","Aspiration","BaseMod","Better Debug","Better Third Choice","BetterRewards","Colored Map","Colored Powertips","Conspire","Curses Come First","DNKmod","Defuse TimeMaze Blight","Dota2Spire","Elementarium","Energized Spire","Evolution","Force Act Four","Fox Events","Friendly Minions","Gensokyo","GifTheSpireLib","Gold Saver","Halation","Hallownest","Hubris","Hyrulean Relics","Infinite Spire","Jedi Mod","Marisa????????","Minty Spire (QoL Compilation)","MostiFishMod","Poor People Problems","Prisma Mod","Reimu??????","Remilia??????","Replay The Spire","SacredBarkPlus","Shop Mod","Small Relic Pack","Spicy Shops","Spikes Relics","StSLib","Stuff the Spire","SuperFastMode","Synergy Search","The Animator","The Blue Laboratory","The Servant 0.9.4","Trackpad","Treasure Hunter","Uncapped","Wandering Minibosses","Yakumo Yukari mod","noobMod","vexMod","??????REMEMod"],"gold_per_floor":[1511,1511,1524,1534,1553,1553,1586,1586,1640,1640,1640,16,35,50,50,150,150,160,160,171,171,171,204,204,233,233,233,249,267,267,285,285,388,438,481,481,481,481,481,540,540,540,540,589,10,10,30,63,63,63],"floor_reached":51,"language":"ENG","playtime":740,"items_purged":["Defend_B","Defend_B","Voices"],"score":1429,"play_id":"6f1a68f0-4122-4a7f-b778-c136f72e23ee","local_time":"20210117125815","is_ascension_mode":true,"campfire_choices":[{"data":"Storm","floor":6,"key":"SMITH"},{"data":"MostiFishMod:StrandedSiren","floor":8,"key":"SMITH"},{"data":"CollectingQuirk","floor":10,"key":"SMITH"},{"data":"RefreshScreen","floor":15,"key":"SMITH"},{"data":"FIFO Queue","floor":24,"key":"SMITH"},{"data":"Replay:Fractal Strike","floor":30,"key":"SMITH"},{"data":"Defend_B","floor":32,"key":"PURGE"},{"data":"Gash","floor":42,"key":"SMITH"},{"data":"Doom and Gloom","floor":46,"key":"SMITH"},{"data":"Flechettes","floor":49,"key":"SMITH"}],"circlet_count":0,"master_deck":["Strike_B","Strike_B","Strike_B","Defend_B","Zap","Dualcast","Sweeping Beam+1","Ball Lightning","Storm+1","Cold Snap","MostiFishMod:StrandedSiren+1","TH:BikiniMail","Self Repair","RefreshScreen+1","Electrodynamics+1","Beam Cell","FIFO Queue+1","Replay:Fractal Strike+1","Dagger Spray","StuffTheSpire:Harmony","Doom and Gloom+1","Cold Snap","Cold Snap+1","TH:PixieDust","Gash+1","TH:Mimic","Underhanded Strike+1","CollectingQuirk+1","Compile Driver","Flechettes+1"],"relics":["Cracked Core","EVO:Axolotl","DaveBox","ice","REME_ComplimentaryCards","ExusiaiGun","aspiration:PoetsPen","The Courier","SynthV:TestCard","jedi:kaleidoscope","aspiration:TomeofQuesting","halation:Sosunser","Bottled Flame","Frozen Eye","ScarletDevilRocket","Lantern","hubris:MedicalManual","hubris:CrystalStatue","Oddly Smooth Stone","infinitespire:Lucky Rock","Philosopher\u0027s Stone","aspiration:SilentSkillbook","trackpad:RapidFire","Dota2Spire:UrnOfShadows","StuffTheSpire:Expresso","infinitespire:EvilPickle","Tiny House","StuffTheSpire:GreaterSneckoEye","hubris:Backtick","animator:HeavyHalberd","Ring of Peace","OriginationStaff","HyperAlloy","StuffTheSpire:Mouthbags","ClockworkSouvenir","Dota2Spire:MaskOfMadness","jedi:crownofsimplicity","hubris:RGBLights"],"acts_visited":["Exordium","TheCity","TheBeyond"],"potions_floor_usage":[18],"damage_taken":[{"damage":0,"enemies":"2 Louse","floor":1,"turns":1},{"damage":0,"enemies":"Cultist","floor":3,"turns":1},{"damage":0,"enemies":"Jaw Worm","floor":4,"turns":1},{"damage":0,"enemies":"Lots of Slimes","floor":5,"turns":1},{"damage":0,"enemies":"Lagavulin","floor":7,"turns":1},{"damage":0,"enemies":"Blue Slaver","floor":13,"turns":1},{"damage":0,"enemies":"Red Slaver","floor":14,"turns":1},{"damage":0,"enemies":"Hexaghost","floor":16,"turns":1},{"damage":0,"enemies":"Spheric Guardian","floor":18,"turns":1},{"damage":0,"enemies":"3 Byrds","floor":20,"turns":1},{"damage":0,"enemies":"Book of Stabbing","floor":23,"turns":1},{"damage":0,"enemies":"Slavers","floor":25,"turns":1},{"damage":0,"enemies":"Cultist and Chosen","floor":28,"turns":1},{"damage":0,"enemies":"Snecko","floor":29,"turns":1},{"damage":0,"enemies":"Centurion and Healer","floor":31,"turns":1},{"damage":0,"enemies":"Pondfish","floor":33,"turns":1},{"damage":0,"enemies":"Orb Walker","floor":35,"turns":1},{"damage":0,"enemies":"R_Hoarder","floor":40,"turns":1},{"damage":0,"enemies":"3 Shapes","floor":44,"turns":1},{"damage":0,"enemies":"Jaw Worm Horde","floor":47,"turns":1},{"damage":0,"enemies":"Giant Head","floor":48,"turns":1},{"damage":0,"enemies":"Awakened One","floor":50,"turns":2}],"seed_played":"-3595200488489935166","potions_obtained":[{"floor":4,"key":"SteroidPotion"},{"floor":7,"key":"Strength Potion"},{"floor":11,"key":"Fruit Juice"},{"floor":18,"key":"conspire:TimeTravelPotion"}],"is_trial":false,"path_per_floor":["M","?","M","M","M","R","E","R","T","R","?","$","M","M","R","B",null,"M","?","M","AVR","?","E","R","E","T","?","M","M","R","M","R_BF","B",null,"M","?","?","AVR","?","E","?","R","T","M","$","R","M","E","R","B",null],"character_chosen":"DEFECT","items_purchased":["aspiration:TomeofQuesting","halation:Sosunser","Bottled Flame","Frozen Eye","ScarletDevilRocket","Lantern","hubris:MedicalManual","hubris:CrystalStatue","Blue Doll","Oddly Smooth Stone","infinitespire:Lucky Rock","StuffTheSpire:Mouthbags","ClockworkSouvenir","Compile Driver","Dota2Spire:MaskOfMadness","jedi:crownofsimplicity"],"campfire_rested":0,"item_purchase_floors":[12,12,12,12,12,12,12,12,12,12,12,45,45,45,45,45],"current_hp_per_floor":[75,75,75,75,75,75,75,75,75,75,75,75,75,75,75,75,75,80,80,80,80,80,80,80,80,80,80,80,80,80,80,80,80,85,85,85,65,65,65,65,65,65,65,65,65,65,65,65,65,73],"gold":63,"neow_bonus":"DOUBLE_BOSS_RELIC","is_daily":false,"chose_seed":false,"campfire_upgraded":9,"win_rate":0.0,"timestamp":1610859495,"path_taken":["M","?","?","M","M","R","E","R","T","R","?","$","?","M","R","BOSS","M","?","?","AVR","?","E","R","E","T","?","M","?","R","M","R_BF","BOSS","M","?","?","AVR","?","E","?","R","T","M","?","R","?","E","R","BOSS"],"items_purchased_type":["Relic","Relic","Relic","Relic","Relic","Relic","Relic","Relic","Relic","Relic","Relic","Relic","Relic","Card","Relic","Relic"],"build_version":"2020-12-22","purchased_purges":3,"victory":true,"max_hp_per_floor":[75,75,75,75,75,75,75,75,75,75,75,75,75,75,75,75,75,80,80,80,80,80,80,80,80,80,80,80,80,80,80,80,80,85,85,85,85,85,85,85,85,85,85,85,85,85,85,85,85,85],"card_choices":[{"not_picked":["jedi:BurstLightning","Fusion"],"picked":"Sweeping Beam","floor":1},{"not_picked":["Sweeping Beam","Panic Button","Compile Driver","Turbo"],"picked":"Ball Lightning","floor":3},{"not_picked":["Turbo","Static Discharge","BasicCrystalCard","ReplaySort"],"picked":"Storm","floor":4},{"not_picked":["REME_Whirling","jedi:markofdeath","BootSequence","ReplayTheSpireMod:GoodbyeWorld"],"picked":"Cold Snap","floor":5},{"not_picked":["jedi:spotbugs","Redo","hubris:DoWhile","Steam"],"picked":"MostiFishMod:StrandedSiren","floor":7},{"not_picked":["TH:DeckOfManyThings","TH:CopperCoins","TH:CursedSword"],"picked":"TH:BikiniMail","floor":7},{"not_picked":["TH:ArmorSpikes","TH:DeckOfManyThings","TH:CopperCoins","TH:CursedSword"],"picked":"SKIP","floor":9},{"not_picked":["DiskWipe","aspiration:Polymerization","StuffTheSpire:Plugnplay","Storm"],"picked":"Self Repair","floor":13},{"not_picked":["jedi:blockon","Turbo","Go for the Eyes","Compile Driver"],"picked":"RefreshScreen","floor":14},{"not_picked":["jedi:readyaimfire","Multi-Cast","MostiFishMod:Distribution","MostiFishMod:InterfaceCompatibility"],"picked":"Electrodynamics","floor":16},{"not_picked":["Panic Button+1","MostiFishMod:LinkProtocol","jedi:BurstFrost","conspire:Rain"],"picked":"Beam Cell","floor":18},{"not_picked":["Compile Driver","Rebound","Conserve Battery","REME_Compress"],"picked":"FIFO Queue","floor":20},{"not_picked":["TH:ElvenBoots","TH:EnergyPotion","TH:CursedSword","TH:Mimic","TH:CopperCoins"],"picked":"SKIP","floor":23},{"not_picked":["StuffTheSpire:Plugnplay","jedi:studyshivs","Melter","StuffTheSpire:ClusterCrunch","Bane","jedi:locknload"],"picked":"SKIP","floor":23},{"not_picked":["Quick Slash","REME_Compress","hubris:SlightOfHand+1","Double Energy","Blade Dance+1"],"picked":"Dagger Spray","floor":25},{"not_picked":["TH:CopperCoins","TH:BikiniMail","TH:Mimic","TH:EnergyPotion","TH:TreasureMap"],"picked":"SKIP","floor":25},{"not_picked":["TH:TreasureMap","TH:DeckOfManyThings","TH:PixieDust","TH:Mimic","TH:BikiniMail"],"picked":"SKIP","floor":26},{"not_picked":["StuffTheSpire:BrainWave","StuffTheSpire:Innocence"],"picked":"StuffTheSpire:Harmony","floor":27},{"not_picked":["MostiFishMod:PerfectParry","Poisoned Stab","jedi:blockon","hubris:SlightOfHand","Reflex"],"picked":"Doom and Gloom","floor":28},{"not_picked":["Dagger Throw","Undo","REME_DataAnalysis+1","Deadly Poison","ReplaySort","jedi:pocketpoison"],"picked":"SKIP","floor":29},{"not_picked":["Dagger Throw","StuffTheSpire:ClusterCrunch","Leg Sweep","Panic Button","jedi:BurstLightning","Steam Power"],"picked":"SKIP","floor":31},{"not_picked":["Leap","Stack","conspire:PoisonWeapons+1","Redo","Hologram"],"picked":"Cold Snap","floor":34},{"not_picked":["Deflect+1","Rebound+1","Slice+1","jedi:BurstLightning+1","MostiFishMod:InvigoratingSolution"],"picked":"Cold Snap+1","floor":35},{"not_picked":["StuffTheSpire:Python+1","Underhanded Strike+1","Quick Slash+1","Blizzard","Flying Knee+1"],"picked":"MostiFishMod:FullyArmed","floor":40},{"not_picked":["TH:CursedSword","TH:TreasureMap","TH:EnergyPotion","TH:BikiniMail"],"picked":"TH:PixieDust","floor":40},{"not_picked":["TH:ArmorSpikes","TH:EnergyPotion","TH:CopperCoins","TH:BikiniMail"],"picked":"TH:Mimic","floor":43},{"not_picked":["Backflip+1","Leap+1","Hidden Blade","jedi:overflow+1","Double Energy+1"],"picked":"Underhanded Strike+1","floor":44},{"not_picked":["StuffTheSpire:Incursion+1","jedi:overflow+1","MostiFishMod:Impulse+1","Panic Button","StuffTheSpire:Injection+1","jedi:BurstLightning+1"],"picked":"SKIP","floor":47},{"not_picked":["Multi-Cast","Rip and Tear","Quick Slash+1","Scrape+1","BootSequence+1"],"picked":"Flechettes","floor":48},{"not_picked":["TH:DeckOfManyThings","TH:Mimic","TH:EnergyPotion","TH:TreasureMap","TH:CopperCoins"],"picked":"SKIP","floor":48}],"player_experience":479215,"relics_obtained":[{"floor":1,"key":"SynthV:TestCard"},{"floor":7,"key":"jedi:kaleidoscope"},{"floor":23,"key":"trackpad:RapidFire"},{"floor":25,"key":"Dota2Spire:UrnOfShadows"},{"floor":26,"key":"StuffTheSpire:Expresso"},{"floor":37,"key":"StuffTheSpire:GreaterSneckoEye"},{"floor":39,"key":"Ring of Peace"},{"floor":40,"key":"OriginationStaff"},{"floor":43,"key":"HyperAlloy"},{"floor":48,"key":"hubris:RGBLights"}],"event_choices":[{"cards_removed":["Strike_B"],"damage_healed":0,"gold_gain":0,"player_choice":"Purged","damage_taken":0,"max_hp_gain":0,"max_hp_loss":0,"event_name":"Purifier","floor":2,"gold_loss":0},{"damage_healed":0,"gold_gain":0,"player_choice":"Got Potions","damage_taken":0,"max_hp_gain":0,"max_hp_loss":0,"event_name":"Lab","floor":11,"gold_loss":0},{"damage_healed":0,"gold_gain":0,"player_choice":"Upgraded","damage_taken":0,"max_hp_gain":0,"max_hp_loss":0,"event_name":"Upgrade Shrine","floor":19,"gold_loss":0,"cards_upgraded":["Electrodynamics"]}],"is_beta":false,"boss_relics":[{"not_picked":["halation:ForbiddenBikini","StuffTheSpire:ModemDavis"],"picked":"Philosopher\u0027s Stone"},{"not_picked":["Kintsugi","Replay:Ancient Bell"],"picked":"Tiny House"}],"items_purged_floors":[21,38,45],"is_endless":false,"potions_floor_spawned":[4,7,18,20,48],"ascension_level":5}}