{"host":"dpbezu80jg8zk7un","time":1610897176,"event":{"mods":["BaseMod","Colored Map","Colored Powertips","Custom Start","DeckTracker","Minty Spire (QoL Compilation)","Quick Restart","StSLib","SuperFastMode"],"gold_per_floor":[411,336,349,368,268,268,281,281,281,281,281,156,156,184,184,257,307,325,325,335,105,20,51,51,64,64,114,114,114,114,139,139,217,217,236,261,151,171,171,200,200,225,252,272,307,326,342,167,167,167,167,167,167,1,34,34],"floor_reached":57,"language":"KOR","playtime":1519,"items_purged":["Defend_P","Strike_P","Defend_P","Strike_P","Strike_P+1"],"score":3103,"play_id":"da17c2e0-c2d9-4916-8b81-33847191dba9","local_time":"20210118002616","is_ascension_mode":true,"campfire_choices":[{"data":"Eruption","floor":6.0,"key":"SMITH"},{"data":"Adaptation","floor":10.0,"key":"SMITH"},{"data":"CrushJoints","floor":15.0,"key":"SMITH"},{"data":"Adaptation","floor":24.0,"key":"SMITH"},{"floor":29.0,"key":"REST"},{"data":"Tantrum","floor":32.0,"key":"SMITH"},{"data":"1","floor":41.0,"key":"LIFT"},{"floor":49.0,"key":"RECALL"},{"data":"2","floor":53,"key":"LIFT"}],"circlet_count":0,"master_deck":["AscendersBane","Defend_P+1","Eruption+1","Vigilance","Adaptation+1","CrushJoints+1","Tantrum+1","Adaptation+1","Vault","EmptyMind+1","MentalFortress+1"],"relics":["PureWater","Old Coin","Calipers","Sundial","Odd Mushroom","Tiny House","Thread and Needle","Akabeko","White Beast Statue","Toy Ornithopter","Empty Cage","Girya","Mango","Frozen Egg 2","Pear","Bag of Marbles","Gremlin Horn"],"acts_visited":["Exordium","TheCity","TheBeyond","TheEnding"],"potions_floor_usage":[56,56],"damage_taken":[{"damage":0.0,"enemies":"2 Louse","floor":1.0,"turns":2.0},{"damage":2.0,"enemies":"Jaw Worm","floor":3.0,"turns":3.0},{"damage":0.0,"enemies":"Small Slimes","floor":4.0,"turns":2.0},{"damage":0.0,"enemies":"2 Fungi Beasts","floor":7.0,"turns":2.0},{"damage":15.0,"enemies":"The Mushroom Lair","floor":14.0,"turns":3.0},{"damage":17.0,"enemies":"Hexaghost","floor":16.0,"turns":6.0},{"damage":0.0,"enemies":"Chosen","floor":18.0,"turns":2.0},{"damage":29.0,"enemies":"Shell Parasite","floor":20.0,"turns":4.0},{"damage":0.0,"enemies":"Gremlin Leader","floor":23.0,"turns":4.0},{"damage":0.0,"enemies":"Snecko","floor":25.0,"turns":2.0},{"damage":2.0,"enemies":"Book of Stabbing","floor":31.0,"turns":2.0},{"damage":35.0,"enemies":"Collector","floor":33.0,"turns":6.0},{"damage":0.0,"enemies":"3 Darklings","floor":35.0,"turns":3.0},{"damage":0.0,"enemies":"Mind Bloom Boss Battle","floor":36.0,"turns":3.0},{"damage":0.0,"enemies":"3 Shapes","floor":38.0,"turns":2.0},{"damage":0.0,"enemies":"Giant Head","floor":40.0,"turns":2.0},{"damage":1.0,"enemies":"Nemesis","floor":42.0,"turns":3.0},{"damage":0.0,"enemies":"Spire Growth","floor":44.0,"turns":2.0},{"damage":1.0,"enemies":"Giant Head","floor":45.0,"turns":2.0},{"damage":0.0,"enemies":"Sphere and 2 Shapes","floor":46.0,"turns":2.0},{"damage":0.0,"enemies":"Writhing Mass","floor":47.0,"turns":3.0},{"damage":7.0,"enemies":"Time Eater","floor":50.0,"turns":5.0},{"damage":0,"enemies":"Awakened One","floor":51,"turns":3},{"damage":0,"enemies":"Shield and Spear","floor":55,"turns":2},{"damage":10,"enemies":"The Heart","floor":56,"turns":6}],"seed_played":"-4138739006408365156","potions_obtained":[{"floor":4.0,"key":"Weak Potion"},{"floor":14.0,"key":"DuplicationPotion"},{"floor":16.0,"key":"LiquidBronze"},{"floor":23.0,"key":"SteroidPotion"},{"floor":31.0,"key":"SteroidPotion"},{"floor":36.0,"key":"PowerPotion"},{"floor":45.0,"key":"EntropicBrew"}],"is_trial":false,"path_per_floor":["M","$","M","M","$","R","M","?","T","R","?","$","?","?","R","B",null,"M","?","M","$","?","E","R","M","T","?","$","R","?","E","R","B",null,"M","?","?","M","$","E","R","E","T","M","E","M","M","$","R","B","B",null,"R","$","E","B",null],"character_chosen":"WATCHER","items_purchased":["Adaptation","Bag of Marbles"],"campfire_rested":1,"item_purchase_floors":[21,54],"current_hp_per_floor":[43,43,41,41,41,41,41,36,36,36,41,41,41,26,26,9,62,62,62,33,33,33,33,33,33,33,33,33,56,56,54,54,19,63,63,63,63,63,63,77,77,76,76,76,85,85,85,85,85,78,78,96,96,96,96,96],"gold":34,"neow_bonus":"ONE_RARE_RELIC","is_daily":false,"chose_seed":false,"campfire_upgraded":5,"win_rate":0.0,"timestamp":1610897176,"path_taken":["M","$","M","M","$","R","M","?","T","R","?","$","?","?","R","BOSS","M","?","M","$","?","E","R","M","T","?","?","R","?","E","R","BOSS","M","?","?","M","$","E","R","E","T","M","E","M","M","$","R","BOSS","BOSS","R","$","E","BOSS"],"items_purchased_type":["Card","Relic"],"build_version":"2020-12-22","purchased_purges":5,"victory":true,"max_hp_per_floor":[68,68,68,68,68,68,68,68,68,68,73,73,73,73,73,73,78,78,78,78,78,78,78,78,78,78,78,78,78,78,78,78,78,78,78,78,78,78,78,92,92,92,92,92,102,102,102,102,102,102,102,102,102,102,102,102],"card_choices":[{"not_picked":["BowlingBash","Crescendo"],"picked":"CarveReality","floor":1.0},{"not_picked":["Fasting2","Crescendo","EmptyBody"],"picked":"SKIP","floor":3.0},{"not_picked":["Vengeance","SignatureMove","ThirdEye"],"picked":"SKIP","floor":4.0},{"not_picked":["WaveOfTheHand","FollowUp"],"picked":"Adaptation","floor":7.0},{"not_picked":["ClearTheMind","Weave"],"picked":"CrushJoints","floor":14.0},{"not_picked":["EmptyFist","Vengeance"],"picked":"Tantrum","floor":17.0},{"not_picked":["PathToVictory","FlyingSleeves","Halt"],"picked":"SKIP","floor":18.0},{"not_picked":["FollowUp+1","Sanctity","Conclude"],"picked":"SKIP","floor":20.0},{"not_picked":["DeceiveReality","CrushJoints","Crescendo"],"picked":"SKIP","floor":23.0},{"not_picked":["EmptyBody","Halt","Crescendo"],"picked":"SKIP","floor":25.0},{"not_picked":["Collect","Prostrate","FollowUp"],"picked":"SKIP","floor":31.0},{"not_picked":["LessonLearned","Blasphemy"],"picked":"Vault","floor":33.0},{"not_picked":["ClearTheMind","FollowUp+1"],"picked":"EmptyMind+1","floor":35.0},{"not_picked":["LikeWater","WaveOfTheHand","Study"],"picked":"SKIP","floor":38.0},{"not_picked":["Protect","EmptyFist","EmptyBody"],"picked":"SKIP","floor":40.0},{"not_picked":["EmptyMind+1","Pray","Perseverance"],"picked":"SKIP","floor":42.0},{"not_picked":["EmptyBody","Pray+1","ForeignInfluence"],"picked":"SKIP","floor":44.0},{"not_picked":["Crescendo+1","CutThroughFate","ClearTheMind+1"],"picked":"SKIP","floor":45.0},{"not_picked":["Swivel","Adaptation+1","WheelKick"],"picked":"SKIP","floor":46.0},{"not_picked":["Evaluate","EmptyFist","SignatureMove+1"],"picked":"SKIP","floor":47.0},{"not_picked":["Sanctity+1","Prostrate"],"picked":"MentalFortress+1","floor":55}],"player_experience":2886804,"relics_obtained":[{"floor":9.0,"key":"Sundial"},{"floor":14.0,"key":"Odd Mushroom"},{"floor":23.0,"key":"Akabeko"},{"floor":26.0,"key":"White Beast Statue"},{"floor":31.0,"key":"Toy Ornithopter"},{"floor":36.0,"key":"Girya"},{"floor":40.0,"key":"Mango"},{"floor":42.0,"key":"Frozen Egg 2"},{"floor":45.0,"key":"Pear"},{"floor":55,"key":"Gremlin Horn"}],"event_choices":[{"damage_healed":0.0,"max_hp_gain":0.0,"max_hp_loss":0.0,"gold_gain":0.0,"event_name":"Scrap Ooze","player_choice":"Success","floor":8.0,"gold_loss":0.0,"damage_taken":5.0,"relics_obtained":["Calipers"]},{"damage_healed":0.0,"max_hp_gain":5.0,"max_hp_loss":0.0,"gold_gain":0.0,"event_name":"Big Fish","player_choice":"Donut","floor":11.0,"gold_loss":0.0,"damage_taken":0.0},{"damage_healed":0.0,"max_hp_gain":0.0,"max_hp_loss":0.0,"gold_gain":0.0,"event_name":"Liars Game","player_choice":"Ignored","floor":13.0,"gold_loss":0.0,"damage_taken":0.0},{"damage_healed":0.0,"max_hp_gain":0.0,"max_hp_loss":0.0,"gold_gain":0.0,"event_name":"Mushrooms","player_choice":"Fought Mushrooms","floor":14.0,"gold_loss":0.0,"damage_taken":0.0},{"damage_healed":0.0,"max_hp_gain":0.0,"max_hp_loss":0.0,"gold_gain":0.0,"event_name":"Ghosts","player_choice":"Ignored","floor":19.0,"gold_loss":0.0,"damage_taken":0.0},{"damage_healed":0.0,"max_hp_gain":0.0,"max_hp_loss":0.0,"gold_gain":0.0,"event_name":"Addict","player_choice":"Obtained Relic","floor":22.0,"gold_loss":85.0,"damage_taken":0.0,"relics_obtained":["Thread and Needle"]},{"damage_healed":0.0,"max_hp_gain":0.0,"max_hp_loss":0.0,"gold_gain":50.0,"event_name":"Nest","player_choice":"Stole From Cult","floor":27.0,"gold_loss":0.0,"damage_taken":0.0},{"damage_healed":0.0,"max_hp_gain":0.0,"max_hp_loss":0.0,"gold_gain":0.0,"event_name":"The Mausoleum","player_choice":"Ignored","floor":30.0,"gold_loss":0.0,"damage_taken":0.0},{"damage_healed":0.0,"max_hp_gain":0.0,"max_hp_loss":0.0,"gold_gain":0.0,"event_name":"MindBloom","player_choice":"Fight","floor":36.0,"gold_loss":0.0,"damage_taken":0.0},{"cards_removed":["CarveReality"],"damage_healed":0.0,"max_hp_gain":0.0,"max_hp_loss":0.0,"gold_gain":0.0,"event_name":"Designer","player_choice":"Upgrade and Remove","floor":37.0,"gold_loss":110.0,"damage_taken":0.0,"cards_upgraded":["Defend_P"]}],"is_beta":false,"boss_relics":[{"not_picked":["SlaversCollar","Philosopher\u0027s Stone"],"picked":"Tiny House"},{"not_picked":["Cursed Key","Sozu"],"picked":"Empty Cage"}],"items_purged_floors":[2,5,12,21,48],"is_endless":false,"potions_floor_spawned":[4,14,16,20,23,31,33,35,36,38,40,42,44,45,46,47,55],"ascension_level":20}}