{"host":"Qube","time":1610907464,"event":{"mods":["AchievementEnabler","BaseMod","Colored Map","Colored Powertips","Minty Spire (QoL Compilation)","Quick Restart","Random Character Button","StSLib"],"gold_per_floor":[110,122,122,122,132,159,159,159,159],"floor_reached":8,"language":"ENG","playtime":161,"items_purged":[],"score":162,"play_id":"23078ac9-b43e-4805-8bec-df5942320ae0","local_time":"20210117101744","is_ascension_mode":true,"campfire_choices":[{"floor":7,"key":"REST"}],"circlet_count":0,"master_deck":["AscendersBane","Strike_P","Strike_P+1","Strike_P","Strike_P","Defend_P+1","Defend_P","Defend_P","Eruption","Vigilance","BattleHymn","BowlingBash","FlurryOfBlows","Protect"],"relics":["PureWater","NeowsBlessing","Shuriken"],"acts_visited":["Exordium"],"potions_floor_usage":[6,8],"damage_taken":[{"damage":0,"enemies":"Jaw Worm","floor":1,"turns":1},{"damage":0,"enemies":"Small Slimes","floor":2,"turns":1},{"damage":0,"enemies":"Cultist","floor":5,"turns":1},{"damage":0,"enemies":"Lagavulin","floor":6,"turns":3},{"damage":58,"enemies":"Gremlin Nob","floor":8,"turns":4}],"seed_played":"363014065449192211","potions_obtained":[{"floor":1,"key":"Ambrosia"},{"floor":2,"key":"BottledMiracle"}],"is_trial":false,"path_per_floor":["M","M","?","?","M","E","R","E"],"character_chosen":"WATCHER","items_purchased":[],"campfire_rested":1,"item_purchase_floors":[],"current_hp_per_floor":[61,61,41,34,34,34,54,0,0],"gold":159,"neow_bonus":"THREE_ENEMY_KILL","is_daily":false,"chose_seed":false,"campfire_upgraded":0,"win_rate":0.0,"timestamp":1610907464,"path_taken":["M","M","?","?","M","E","R","E"],"items_purchased_type":[],"build_version":"2020-12-18","purchased_purges":0,"victory":false,"max_hp_per_floor":[68,68,68,68,68,68,68,68,68],"card_choices":[{"not_picked":["Weave","Crescendo"],"picked":"BattleHymn","floor":1},{"not_picked":["Nirvana","SignatureMove"],"picked":"BowlingBash","floor":2},{"not_picked":["CrushJoints","EmptyBody"],"picked":"FlurryOfBlows","floor":5},{"not_picked":["Pray","JustLucky"],"picked":"Protect","floor":6}],"player_experience":909821,"relics_obtained":[{"floor":6,"key":"Shuriken"}],"event_choices":[{"damage_healed":0,"gold_gain":0,"player_choice":"Entered Light","damage_taken":20,"max_hp_gain":0,"max_hp_loss":0,"event_name":"Shining Light","floor":3,"gold_loss":0,"cards_upgraded":["Defend_P","Strike_P"]},{"cards_removed":["Defend_P"],"damage_healed":0,"gold_gain":0,"player_choice":"Card Removal","damage_taken":7,"max_hp_gain":0,"max_hp_loss":0,"event_name":"Golden Wing","floor":4,"gold_loss":0}],"is_beta":true,"boss_relics":[],"items_purged_floors":[],"is_endless":false,"potions_floor_spawned":[1,2,5],"killed_by":"Gremlin Nob","ascension_level":20}}