{"host":"ibckqdmmf9y74ymf","time":1610889231,"event":{"mods":["2.2 Compatiblity","BaseMod","Colored Map","Curses Come First","Highlight Path","Minty Spire (QoL Compilation)","Quick Restart","Rare Cards Sparkle","Relic Stats","StSLib"],"gold_per_floor":[114,124,140,140,151,184,184,61,61,90,90,109,122,155,155,231,231,251,201,214,232,252,252,266,266,291,316,328,357,372,372,372],"floor_reached":31,"language":"ENG","playtime":1076,"items_purged":[],"score":652,"play_id":"f0bc7bf7-3b44-4575-94c6-ed94decb3139","local_time":"20210117141351","is_ascension_mode":true,"campfire_choices":[{"floor":7,"key":"REST"},{"data":"Electrodynamics","floor":11,"key":"SMITH"},{"data":"Lockon","floor":15,"key":"SMITH"},{"floor":23,"key":"REST"},{"floor":25,"key":"REST"}],"circlet_count":0,"master_deck":["AscendersBane","Strike_B+1","Strike_B","Strike_B","Strike_B","Defend_B+1","Defend_B+1","Defend_B+1","Defend_B","Zap+1","Dualcast","Chill","Streamline+1","Self Repair","Lockon+1","Electrodynamics+1","Ball Lightning","Leap","Core Surge","Doom and Gloom+1","Skim+1","Static Discharge"],"relics":["Sozu","Centennial Puzzle","Kunai","War Paint","Smiling Mask","Lizard Tail","Black Star","Omamori","Du-Vu Doll","Tiny Chest","Whetstone","Ice Cream"],"acts_visited":["Exordium","TheCity"],"potions_floor_usage":[],"damage_taken":[{"damage":2,"enemies":"Jaw Worm","floor":1,"turns":4},{"damage":1,"enemies":"Small Slimes","floor":2,"turns":5},{"damage":0,"enemies":"Cultist","floor":3,"turns":3},{"damage":6,"enemies":"3 Louse","floor":5,"turns":2},{"damage":22,"enemies":"3 Sentries","floor":6,"turns":11},{"damage":12,"enemies":"Lagavulin","floor":10,"turns":6},{"damage":12,"enemies":"Red Slaver","floor":12,"turns":3},{"damage":0,"enemies":"Gremlin Gang","floor":13,"turns":3},{"damage":0,"enemies":"3 Sentries","floor":14,"turns":3},{"damage":17,"enemies":"Hexaghost","floor":16,"turns":9},{"damage":20,"enemies":"3 Byrds","floor":18,"turns":4},{"damage":0,"enemies":"Chosen","floor":20,"turns":4},{"damage":34,"enemies":"Snake Plant","floor":21,"turns":4},{"damage":6,"enemies":"Chosen and Byrds","floor":22,"turns":3},{"damage":20,"enemies":"Centurion and Healer","floor":24,"turns":5},{"damage":34,"enemies":"Slavers","floor":27,"turns":4},{"damage":23,"enemies":"Cultist and Chosen","floor":28,"turns":5},{"damage":39,"enemies":"Book of Stabbing","floor":29,"turns":5},{"damage":0,"enemies":"3 Cultists","floor":30,"turns":4},{"damage":25,"enemies":"Slavers","floor":31,"turns":1}],"seed_played":"-3890214471786905052","potions_obtained":[],"is_trial":false,"path_per_floor":["M","M","M","?","M","E","R","?","T","E","R","M","M","E","R","B",null,"M","?","M","M","M","R","M","R","T","E","M","E","M","E"],"character_chosen":"DEFECT","items_purchased":[],"campfire_rested":3,"item_purchase_floors":[],"current_hp_per_floor":[62,61,61,40,41,26,47,47,47,42,42,37,37,44,44,34,62,49,49,56,29,23,44,31,52,52,25,9,16,23,0,0],"gold":372,"neow_bonus":"BOSS_RELIC","is_daily":false,"chose_seed":false,"campfire_upgraded":2,"win_rate":0.0,"timestamp":1610889231,"path_taken":["M","M","M","?","M","E","R","?","T","E","R","?","M","E","R","BOSS","M","?","?","M","M","R","M","R","T","E","M","E","?","E"],"items_purchased_type":[],"build_version":"2020-12-22","purchased_purges":0,"victory":false,"max_hp_per_floor":[71,71,71,71,71,71,71,71,71,71,71,71,71,71,71,71,71,71,71,71,71,71,71,71,71,71,71,71,71,71,71,71],"relic_stats":{"Sozu":9,"Centennial Puzzle":[33],"Lizard Tail":35,"counters":[20,88],"Tiny Chest":0,"Black Star":2,"Kunai":[9],"Whetstone":["Streamline","Strike_B"],"War Paint":["Defend_B","Defend_B"],"Smiling Mask":0,"obtain_stats":[{"Ice Cream":29,"Omamori":26,"Whetstone":29,"War Paint":9,"Smiling Mask":10,"Sozu":0,"Du-Vu Doll":27,"Centennial Puzzle":6,"Lizard Tail":14,"Tiny Chest":27,"Black Star":17,"Kunai":8,"Cracked Core":0},{"Ice Cream":18,"Omamori":15,"Whetstone":18,"War Paint":5,"Smiling Mask":6,"Sozu":0,"Du-Vu Doll":16,"Centennial Puzzle":5,"Lizard Tail":9,"Tiny Chest":16,"Black Star":10,"Kunai":5,"Cracked Core":0},{"Ice Cream":83,"Omamori":69,"Whetstone":83,"War Paint":25,"Smiling Mask":31,"Sozu":0,"Du-Vu Doll":73,"Centennial Puzzle":25,"Lizard Tail":40,"Tiny Chest":73,"Black Star":49,"Kunai":25,"Cracked Core":0}]},"card_choices":[{"not_picked":["Gash","Turbo"],"picked":"Chill","floor":1},{"not_picked":["Gash","Double Energy"],"picked":"Streamline","floor":2},{"not_picked":["Reinforced Body","Turbo"],"picked":"Self Repair","floor":3},{"not_picked":["Gash","Chill"],"picked":"Lockon","floor":5},{"not_picked":["Steam Power","Self Repair"],"picked":"Electrodynamics","floor":6},{"not_picked":["Sweeping Beam","BootSequence"],"picked":"Ball Lightning","floor":10},{"not_picked":["Steam","Turbo","Barrage"],"picked":"SKIP","floor":12},{"not_picked":["Scrape","Electrodynamics"],"picked":"Leap","floor":13},{"not_picked":["Sweeping Beam","Stack","Compile Driver"],"picked":"SKIP","floor":14},{"not_picked":["Meteor Strike","Buffer"],"picked":"Core Surge","floor":16},{"not_picked":["Hello World","Barrage"],"picked":"Doom and Gloom+1","floor":18},{"not_picked":["Cold Snap","Redo","Turbo"],"picked":"SKIP","floor":20},{"not_picked":["Redo+1","All For One","Beam Cell"],"picked":"SKIP","floor":21},{"not_picked":["Steam","Scrape","Conserve Battery"],"picked":"SKIP","floor":22},{"not_picked":["Stack","Steam Power"],"picked":"Skim+1","floor":24},{"not_picked":["Sunder+1","Rip and Tear"],"picked":"Static Discharge","floor":27},{"not_picked":["Barrage","Rebound","Turbo"],"picked":"SKIP","floor":28},{"not_picked":["Tempest","Beam Cell","Steam"],"picked":"SKIP","floor":29},{"not_picked":["Rebound","Streamline","Hologram"],"picked":"SKIP","floor":30}],"player_experience":922097,"relics_obtained":[{"floor":6,"key":"Centennial Puzzle"},{"floor":9,"key":"War Paint"},{"floor":10,"key":"Smiling Mask"},{"floor":14,"key":"Lizard Tail"},{"floor":26,"key":"Omamori"},{"floor":27,"key":"Du-Vu Doll"},{"floor":27,"key":"Tiny Chest"},{"floor":29,"key":"Whetstone"},{"floor":29,"key":"Ice Cream"}],"event_choices":[{"damage_healed":0,"gold_gain":0,"player_choice":"Entered Light","damage_taken":21,"max_hp_gain":0,"max_hp_loss":0,"event_name":"Shining Light","floor":4,"gold_loss":0,"cards_upgraded":["Defend_B","Zap"]},{"damage_healed":0,"gold_gain":0,"player_choice":"Paid Gold","damage_taken":0,"relics_obtained":["Kunai"],"max_hp_gain":0,"max_hp_loss":0,"event_name":"WeMeetAgain","floor":8,"gold_loss":123},{"damage_healed":0,"gold_gain":0,"player_choice":"Bet on Owner","damage_taken":0,"max_hp_gain":0,"max_hp_loss":0,"event_name":"The Joust","floor":19,"gold_loss":50}],"is_beta":false,"boss_relics":[{"not_picked":["Fusion Hammer","Inserter"],"picked":"Black Star"}],"items_purged_floors":[],"is_endless":false,"potions_floor_spawned":[3,6,13,14,16,18,21,24,30],"killed_by":"Slavers","ascension_level":20}}