{"host":"o9oojikv0j1jifqm","time":1610865790,"event":{"mods":["BaseMod","Colored Powertips","Marisa£®ÏF”Í°°ƒß¿Ì…≥£©","Minty Spire (QoL Compilation)","Quick Restart","Reimu£®≤©¿ˆ¡È√Œ£©","Remilia£®¿Ÿ√◊¿Ú—«£©","Replay The Spire","Shop Mod","Spicy Shops","StSLib","UnlockEverythingMod","Yakumo Yukari mod","Youmu£®ªÍ∆«—˝√Œ£©","°æ“≈ŒÔø®≈∆°øREMEMod"],"gold_per_floor":[111,121,73,73,88,117,136,163,215,226,226,226,245,245,245,341,341,356,356,366,366,379,404,404,436,482,482,498,140,220,220,220,316,316,330,330,347,347,420,420,433,467,520,530,540,36,65,82,82,82,82,82,82,115,115],"floor_reached":56,"language":"ZHS","playtime":8684,"items_purged":["Writhe"],"score":1530,"play_id":"48e8d8e1-450b-46bc-8627-e667931509f7","local_time":"20210117144310","is_ascension_mode":false,"campfire_choices":[{"data":"CelestialStarSword","floor":11.0,"key":"SMITH"},{"floor":15,"key":"RECALL"},{"data":"FourBirthsSword","floor":24,"key":"SMITH"},{"data":"CherryBlossomSword","floor":27,"key":"SMITH"},{"data":"ThreeKonsSevenHakus","floor":32,"key":"SMITH"},{"data":"AsuraSword","floor":40,"key":"SMITH"},{"data":"PreachingAvici","floor":49,"key":"SMITH"},{"data":"HesitationCuttingSword","floor":52,"key":"SMITH"}],"circlet_count":0,"master_deck":["SlashOfPresentWorld","WheelOfPainOfLivingAndDead","SlashOfSaigyouSpringWind+1","FiveSignsOfTheDyingDeva","SlashOfAscensionToBuddhahood+1","PhosphoricSlash","CelestialStarSword+1","SpiritMediumsBind+1","VoidnessSword","SlashOfSaigyouSpringWind+1","SlashClearingTheSixSenses","FlashingScatteredFlowers","ThreeKonsSevenHakus+1","EchoesOfTheInclemencyOfAllBeings","RapidSlash+1","SlashOfSaigyouSpringWind+1","TwoHundredYojanaInOneSlash","GhostSword","Amnesia","SwordExtraction","CherryBlossomSword+1","FantasyOfEnteringEnlightenment","RitualDagger","FourBirthsSword+1","Spreading Infection","TransmigrationSlash+1","SlashOfTheEternalFuture","SanzenSekai+1","CrescentMoonSlash","Wrath_TH","HesitationCuttingSword+1","RapidSlash","AsuraSword+1","Lust_TH","Clumsy","Doubt","FantasyOfEnteringEnlightenment+1","LowerRealmReflectionSlash+1","ReplayTheSpireMod:Trickstab+1","ThoughtCuttingSword+1","SwordExtraction+1","SwordExtraction+1","GreatEnlightenmentAppearingAndDisappearing+1","PreachingAvici+1","ObsessionSword","HeavenlyHaloSlash","HumanRealmSword+1","Shame","KarmicPunishmentOfTheIdleAndUnfocused+1","CherryBlossomFlashing"],"relics":["REME_ComplimentaryCards","Pandora\u0027s Box","Bronze Scales","Replay:Bottled Eggs","Boot","ReplayTheSpireMod:DimensionalGlitch","Bag of Preparation","Nunchaku","Torii","Pen Nib","ReplayTheSpireMod:CursedCoin","Calipers","Oddly Smooth Stone","StrikeDummy","Replay:Ancient Bell","ReplayTheSpireMod:Lightbulb","Shuriken","Prayer Wheel","Dead Branch","Replay:Ringing Soul","Whetstone","Toy Ornithopter","Happy Flower","OrangePellets","War Paint","Toolbox","Meat on the Bone","Sundial"],"acts_visited":["Exordium","TheCity","TheBeyond","TheEnding"],"potions_floor_usage":[16,23,28,33,33,33,41,50,54,54,55,55],"damage_taken":[{"damage":8.0,"enemies":"Jaw Worm","floor":1.0,"turns":2.0},{"damage":3.0,"enemies":"Small Slimes","floor":2.0,"turns":2.0},{"damage":0.0,"enemies":"Cultist","floor":5.0,"turns":3.0},{"damage":18.0,"enemies":"3 Sentries","floor":6.0,"turns":3.0},{"damage":0.0,"enemies":"Blue Slaver","floor":7.0,"turns":1.0},{"damage":15.0,"enemies":"Lagavulin","floor":8.0,"turns":3.0},{"damage":0.0,"enemies":"Exordium Wildlife","floor":10.0,"turns":1.0},{"damage":0,"enemies":"Large Slime","floor":13,"turns":2},{"damage":14,"enemies":"The Guardian","floor":16,"turns":4},{"damage":0,"enemies":"Chosen","floor":18,"turns":1},{"damage":10,"enemies":"Spheric Guardian","floor":20,"turns":3},{"damage":0,"enemies":"Centurion and Healer","floor":22,"turns":3},{"damage":1,"enemies":"Book of Stabbing","floor":23,"turns":2},{"damage":0,"enemies":"Gremlin Leader","floor":25,"turns":3},{"damage":2,"enemies":"Cultist and Chosen","floor":28,"turns":2},{"damage":13,"enemies":"Collector","floor":33,"turns":3},{"damage":0,"enemies":"Orb Walker","floor":35,"turns":2},{"damage":30,"enemies":"3 Darklings","floor":41,"turns":2},{"damage":0,"enemies":"Reptomancer","floor":42,"turns":2},{"damage":0,"enemies":"Spire Growth","floor":44,"turns":1},{"damage":4,"enemies":"Maw","floor":45,"turns":4},{"damage":3,"enemies":"Giant Head","floor":47,"turns":3},{"damage":11,"enemies":"4 Shapes","floor":48,"turns":1},{"damage":16,"enemies":"Donu and Deca","floor":50,"turns":3},{"damage":31,"enemies":"Shield and Spear","floor":54,"turns":4},{"damage":37,"enemies":"The Heart","floor":55,"turns":4}],"seed_played":"-8581929570196293183","potions_obtained":[{"floor":6.0,"key":"ColorlessPotion"},{"floor":8.0,"key":"Dexterity Potion"},{"floor":10.0,"key":"Weak Potion"},{"floor":13,"key":"ColorlessPotion"},{"floor":16,"key":"Doom Potion"},{"floor":23,"key":"AttackPotion"},{"floor":28,"key":"AttackPotion"},{"floor":33,"key":"Cursed Concoction"},{"floor":42,"key":"Elixir"},{"floor":47,"key":"Languid Potion"},{"floor":48,"key":"SpeedPotion"},{"floor":54,"key":"PhantomPosion"}],"is_trial":false,"path_per_floor":["M","M","$","?","M","E","M","E","T","M","R","?","M","T","R","B",null,"M","?","M","?","M","E","R","E","T","R","M","$","T","?","R","B",null,"M","?","?","?","T","R","M","E","T","M","M","$","E","M","R","B",null,"R","$","E","B",null],"character_chosen":"YOUMU","items_purchased":["ThreeKonsSevenHakus","ReplayTheSpireMod:CursedCoin","Calipers","Oddly Smooth Stone","HesitationCuttingSword","Happy Flower","OrangePellets","War Paint","Toolbox"],"campfire_rested":0,"item_purchase_floors":[3,29,29,29,29,46,46,46,46],"current_hp_per_floor":[67,64,64,64,64,46,46,31,31,31,31,75,75,75,75,68,75,75,69,59,59,59,58,58,58,58,58,70,70,70,70,70,57,75,75,75,45,64,64,64,62,65,65,77,76,79,76,68,68,78,93,93,93,85,54],"gold":115,"neow_bonus":"BOSS_RELIC","is_daily":false,"chose_seed":false,"campfire_upgraded":7,"win_rate":0.0,"timestamp":1610865790,"path_taken":["M","M","$","?","M","E","M","E","T","M","R","?","M","?","R","BOSS","M","?","M","?","M","E","R","E","T","R","M","$","?","?","R","BOSS","M","?","?","?","?","R","M","E","T","M","M","?","E","M","R","BOSS","R","$","E","BOSS"],"items_purchased_type":["Card","Relic","Relic","Relic","Card","Relic","Relic","Relic","Relic"],"build_version":"2020-12-22","purchased_purges":1,"victory":true,"max_hp_per_floor":[75,75,75,75,75,75,75,75,75,75,75,75,75,75,75,75,75,75,75,75,75,75,75,75,75,75,75,75,75,75,75,75,75,75,75,75,75,75,75,75,78,81,81,84,87,90,90,93,93,93,93,93,93,96,96],"card_choices":[{"not_picked":["SwordExtraction","CrescentMoonSlash"],"picked":"SlashClearingTheSixSenses","floor":1.0},{"not_picked":["SlashOfMeditation","PhosphoricSlash"],"picked":"FlashingScatteredFlowers","floor":2.0},{"not_picked":["LifeCuttingSword","BizarrenessOfSixRealms"],"picked":"EchoesOfTheInclemencyOfAllBeings","floor":5.0},{"not_picked":["HumanKnowledgeSword","EchoesOfTheInclemencyOfAllBeings"],"picked":"RapidSlash","floor":6.0},{"not_picked":["DispleasureOfTheSevenHakus","PhosphoricSlash"],"picked":"SlashOfSaigyouSpringWind","floor":7.0},{"not_picked":["PhosphoricSlash","LowerRealmReflectionSlash"],"picked":"TwoHundredYojanaInOneSlash","floor":8.0},{"not_picked":["CrescentMoonSlash","LifeCuttingSword"],"picked":"GhostSword","floor":10.0},{"not_picked":["IrresoluteSoul","CrescentMoonSlash"],"picked":"SwordExtraction","floor":13},{"not_picked":["SlashOfSaigyouSpringWind","DeadlyForm"],"picked":"CherryBlossomSword","floor":16},{"not_picked":["FiveSignsOfTheDyingDeva","SuddenPhantomFormationSlashOfKarmicWind+1"],"picked":"FantasyOfEnteringEnlightenment","floor":18},{"not_picked":["SpiritCuttingSword","ObsessionSword"],"picked":"FourBirthsSword","floor":20},{"not_picked":["LightFlashOfTheNetherworld+1","PretaSword"],"picked":"TransmigrationSlash+1","floor":22},{"not_picked":["HumanGodSword","TwoHundredYojanaInOneSlash"],"picked":"SlashOfTheEternalFuture","floor":23},{"not_picked":["CherryBlossomFlashing","CrescentMoonSlash"],"picked":"SanzenSekai+1","floor":25},{"not_picked":["ThreeKonsSevenHakus","SpiritMediumsBind+1"],"picked":"CrescentMoonSlash","floor":28},{"not_picked":["StrangeHalfBody","SlashOfTheEternalFuture"],"picked":"AsuraSword","floor":33},{"not_picked":["AbeCurse","Greed_TH"],"picked":"Lust_TH","floor":34},{"not_picked":["Languid","CommonCold"],"picked":"Clumsy","floor":34},{"not_picked":["Greed_TH","Languid"],"picked":"Doubt","floor":34},{"not_picked":["FiveSignsOfTheDyingDeva+1","DispleasureOfTheSevenHakus+1"],"picked":"FantasyOfEnteringEnlightenment+1","floor":35},{"not_picked":["CherryBlossomSword","SwordOfBindingDesires+1"],"picked":"LowerRealmReflectionSlash+1","floor":35},{"not_picked":["Good Instincts","Panacea"],"picked":"ReplayTheSpireMod:Trickstab","floor":36},{"not_picked":["PhosphoricSlash+1","DispleasureOfTheSevenHakus+1"],"picked":"ThoughtCuttingSword+1","floor":37},{"not_picked":["TwoHundredYojanaInOneSlash","DispleasureOfTheSevenHakus"],"picked":"SwordExtraction+1","floor":41},{"not_picked":["LightFlashOfTheNetherworld","ConstancyOfTheConventionalTruth"],"picked":"SwordExtraction+1","floor":41},{"not_picked":["DispleasureOfTheSevenHakus+1","CrescentMoonSlash+1"],"picked":"GreatEnlightenmentAppearingAndDisappearing","floor":42},{"not_picked":["DispleasureOfTheSevenHakus+1","FantasyOfEnteringEnlightenment"],"picked":"PreachingAvici","floor":44},{"not_picked":["ConstancyOfTheConventionalTruth+1","PhosphoricSlash+1"],"picked":"ObsessionSword","floor":44},{"not_picked":["SlashClearingTheSixSenses","SpiritCuttingSword"],"picked":"HeavenlyHaloSlash","floor":45},{"not_picked":["ThoughtCuttingSword","AsTheSilentNirvana"],"picked":"HumanRealmSword+1","floor":45},{"not_picked":["SpiritMediumsBind","CherryBlossomFlashing","ThreeKonsSevenHakus+1"],"picked":"SKIP","floor":47},{"not_picked":["AsTheSilentNirvana+1","RapidSlash+1"],"picked":"KarmicPunishmentOfTheIdleAndUnfocused+1","floor":48},{"not_picked":["LifeCuttingSword+1","CrescentMoonSlash","ConstancyOfTheConventionalTruth"],"picked":"SKIP","floor":48},{"not_picked":["LowerRealmReflectionSlash","LifeCuttingSword"],"picked":"CherryBlossomFlashing","floor":54}],"player_experience":187475,"relics_obtained":[{"floor":6.0,"key":"Bronze Scales"},{"floor":8.0,"key":"Replay:Bottled Eggs"},{"floor":9.0,"key":"Boot"},{"floor":23,"key":"Nunchaku"},{"floor":25,"key":"Torii"},{"floor":26,"key":"Pen Nib"},{"floor":30,"key":"StrikeDummy"},{"floor":37,"key":"Dead Branch"},{"floor":39,"key":"Replay:Ringing Soul"},{"floor":42,"key":"Whetstone"},{"floor":43,"key":"Toy Ornithopter"},{"floor":47,"key":"Meat on the Bone"},{"floor":54,"key":"Sundial"}],"event_choices":[{"damage_healed":0,"gold_gain":0,"player_choice":"Joined the Cult","damage_taken":6,"max_hp_gain":0,"max_hp_loss":0,"event_name":"Nest","floor":19,"gold_loss":0,"cards_obtained":["RitualDagger"]},{"damage_healed":0,"gold_gain":0,"player_choice":"Read","damage_taken":0,"max_hp_gain":0,"max_hp_loss":0,"event_name":"The Library","floor":31,"gold_loss":0,"cards_obtained":["RapidSlash"]},{"damage_healed":0,"gold_gain":0,"player_choice":"Memory 1","damage_taken":0,"max_hp_gain":0,"max_hp_loss":0,"event_name":"SensoryStone","floor":36,"gold_loss":0},{"damage_healed":19,"gold_gain":0,"player_choice":"Writhe","damage_taken":0,"max_hp_gain":0,"max_hp_loss":0,"event_name":"Winding Halls","floor":38,"gold_loss":0,"cards_obtained":["Writhe"]}],"is_beta":false,"boss_relics":[{"not_picked":["Replay:Drink Me","Ectoplasm"],"picked":"ReplayTheSpireMod:DimensionalGlitch"},{"not_picked":["REME_ChargedStone","Coffee Dripper"],"picked":"Replay:Ancient Bell"},{"not_picked":["CeramicFish","Dream Catcher"],"picked":"ReplayTheSpireMod:Lightbulb"},{"not_picked":["ReplayTheSpireMod:Ninjato","Pantograph"],"picked":"Shuriken"},{"not_picked":["Pondfish Scales","Counterbalance"],"picked":"Prayer Wheel"}],"items_purged_floors":[46],"is_endless":false,"potions_floor_spawned":[6,8,10,13,16,18,23,28,33,42,47,48,54],"ascension_level":0}}