{"host":"8n2lgrrkrt9pi315","time":1610899706,"event":{"mods":["BaseMod","Colored Map","Downfall","Minty Spire (QoL Compilation)","StSLib","The Cursed"],"gold_per_floor":[99,113,125,125,139,149,149,167,77,77,112,112,112,128,147,249,249,249,269,289,301,301,301,373,383,214,227,227,227,227,245,259,360,360,360,378,394,442,276,293,319,334,334,334,351,451,151,184,202,202,202,202,202],"floor_reached":52,"language":"ENG","playtime":3813,"items_purged":["bronze:Strike","bronze:Defend"],"score":715,"play_id":"9c09a9e0-b0e0-4691-ae14-d56098250a44","local_time":"20210117170826","is_ascension_mode":false,"campfire_choices":[{"data":"bronze:Replicate","floor":1,"key":"SMITH"},{"data":"bronze:Overload","floor":10,"key":"SMITH"},{"data":"bronze:Branch","floor":13,"key":"SMITH"},{"data":"bronze:Format","floor":18,"key":"SMITH"},{"data":"bronze:FollowUp","floor":23,"key":"SMITH"},{"data":"bronze:Branch","floor":28,"key":"SMITH"},{"data":"bronze:Goto","floor":30,"key":"SMITH"},{"data":"bronze:Repair","floor":35,"key":"SMITH"},{"floor":43,"key":"RECALL"},{"data":"bronze:ChosenStrike","floor":47,"key":"SMITH"}],"circlet_count":0,"master_deck":["bronze:Defend","bronze:Defend","bronze:Replicate+1","bronze:Goto+1","bronze:Branch+1","bronze:Overload+1","bronze:Iterate","bronze:FollowUp+1","bronze:Flail","bronze:Repair+1","bronze:Format+1","bronze:Iterate","bronze:Repair","bronze:ChosenStrike+1","bronze:Branch+1","bronze:WhirlingStrike","bronze:ChosenStrike+1","bronze:HyperBeam","bronze:ChildClass"],"relics":["bronze:BronzeCore","Frozen Egg 2","InkBottle","Empty Cage","Ornamental Fan","Busted Crown","Mango","Bronze Scales","downfall:HeartBlessingRed","downfall:HeartBlessingGreen","downfall:HeartBlessingBlue","Molten Egg 2"],"acts_visited":["Exordium","TheCity","TheBeyond","TheEnding"],"potions_floor_usage":[11,11,16,21,25,27,33,33,33,40,45,50],"damage_taken":[{"damage":0,"enemies":"Small Slimes","floor":2,"turns":4},{"damage":1,"enemies":"Cultist","floor":3,"turns":3},{"damage":0,"enemies":"Jaw Worm","floor":5,"turns":4},{"damage":2,"enemies":"Blue Slaver","floor":6,"turns":4},{"damage":12,"enemies":"3 Louse","floor":8,"turns":3},{"damage":0,"enemies":"downfall:FleeingMerchant","floor":9,"turns":4},{"damage":10,"enemies":"3 Sentries","floor":11,"turns":7},{"damage":5,"enemies":"Lots of Slimes","floor":14,"turns":4},{"damage":7,"enemies":"Blue Slaver","floor":15,"turns":2},{"damage":57,"enemies":"IC_STATUS_ARCHETYPE","floor":16,"turns":10},{"damage":9,"enemies":"3 Byrds","floor":19,"turns":5},{"damage":23,"enemies":"Snake Plant","floor":20,"turns":5},{"damage":3,"enemies":"3 Cultists","floor":21,"turns":5},{"damage":2,"enemies":"Centurion and Healer","floor":25,"turns":5},{"damage":0,"enemies":"downfall:FleeingMerchant","floor":26,"turns":4},{"damage":10,"enemies":"Snecko","floor":27,"turns":6},{"damage":2,"enemies":"Shelled Parasite and Fungi","floor":31,"turns":5},{"damage":0,"enemies":"3 Cultists","floor":32,"turns":5},{"damage":31,"enemies":"SI_MIRROR_ARCHETYPE","floor":33,"turns":11},{"damage":0,"enemies":"Orb Walker","floor":36,"turns":3},{"damage":2,"enemies":"3 Shapes","floor":37,"turns":3},{"damage":75,"enemies":"2 Orb Walkers","floor":38,"turns":6},{"damage":2,"enemies":"downfall:FleeingMerchant","floor":39,"turns":4},{"damage":0,"enemies":"Spire Growth","floor":40,"turns":4},{"damage":0,"enemies":"Transient","floor":42,"turns":5},{"damage":8,"enemies":"Maw","floor":45,"turns":6},{"damage":0,"enemies":"Giant Head","floor":48,"turns":7},{"damage":42,"enemies":"4 Shapes","floor":49,"turns":3},{"damage":7,"enemies":"WA_ARCHETYPE_DIVINITY","floor":50,"turns":11},{"damage":123,"enemies":"downfall:CharBossMerchant","floor":52,"turns":11}],"seed_played":"8250058360695079600","potions_obtained":[{"floor":3,"key":"Regen Potion"},{"floor":6,"key":"ColorlessPotion"},{"floor":14,"key":"LiquidBronze"},{"floor":15,"key":"SteroidPotion"},{"floor":16,"key":"DuplicationPotion"},{"floor":19,"key":"DistilledChaos"},{"floor":21,"key":"champ:CounterPotion"},{"floor":27,"key":"BlessingOfTheForge"},{"floor":32,"key":"EssenceOfSteel"},{"floor":38,"key":"DuplicationPotion"},{"floor":40,"key":"champ:CounterPotion"},{"floor":45,"key":"DistilledChaos"}],"is_trial":false,"path_per_floor":["R","M","M","?","M","M","T","M","$","R","E","?","R","M","M","B",null,"R","M","M","M","?","R","T","M","$","M","R","?","R","M","M","B",null,"R","M","M","?","$","M","T","M","R","?","M","?","R","E","M","B",null,"E"],"character_chosen":"THE_AUTOMATON","items_purchased":["bronze:WhirlingStrike","Bronze Scales"],"campfire_rested":0,"item_purchase_floors":[26,39],"current_hp_per_floor":[77,77,76,76,76,74,74,62,62,62,67,67,67,62,62,12,77,77,75,59,63,63,63,63,75,75,67,67,67,67,72,72,61,77,77,77,77,26,41,48,48,65,65,65,74,74,84,101,59,69,101,0,0],"gold":202,"neow_bonus":"TEN_PERCENT_HP_BONUS","is_daily":false,"chose_seed":false,"campfire_upgraded":9,"win_rate":0.0,"timestamp":1610899706,"path_taken":["R","M","M","?","?","M","T","M","$","R","E","?","R","M","M","BOSS","R","M","M","M","?","R","T","M","$","M","R","?","R","M","M","BOSS","R","M","M","?","$","M","T","M","R","?","?","?","R","E","M","BOSS","E"],"items_purchased_type":["Card","Relic"],"build_version":"2020-12-22","purchased_purges":2,"victory":false,"max_hp_per_floor":[77,77,77,77,77,77,77,77,77,77,77,77,77,77,77,77,77,77,77,77,77,77,77,77,77,77,77,77,77,77,77,77,77,77,77,77,77,91,91,91,91,91,91,91,91,91,101,101,101,101,101,101,101],"card_choices":[{"not_picked":["bronze:CutThrough","bronze:BitShift"],"picked":"bronze:Branch","floor":2},{"not_picked":["bronze:Frontload","bronze:Turbo","bronze:BronzeArmor"],"picked":"SKIP","floor":3},{"not_picked":["bronze:OilSpill","bronze:Optimize"],"picked":"bronze:Overload","floor":5},{"not_picked":["bronze:ForceShield","bronze:MaxOutput"],"picked":"bronze:Iterate","floor":6},{"not_picked":["bronze:Boost","bronze:Invalidate","bronze:BitShift"],"picked":"SKIP","floor":8},{"not_picked":["bronze:DarkDash","bronze:Philosophize"],"picked":"bronze:FollowUp","floor":9},{"not_picked":["bronze:Allocate","bronze:DelayedGuard"],"picked":"bronze:Flail","floor":11},{"not_picked":["bronze:DelayedSlice","bronze:Deprecate"],"picked":"bronze:Repair","floor":14},{"not_picked":["bronze:Shell","bronze:Turbo","bronze:BugBarrage"],"picked":"SKIP","floor":15},{"not_picked":["bronze:HardenedForm+1","bronze:FindAndReplace"],"picked":"bronze:Format","floor":16},{"not_picked":["bronze:CutThrough","bronze:OilSpill"],"picked":"bronze:Iterate","floor":19},{"not_picked":["bronze:WildBeam+1","bronze:Frontload"],"picked":"bronze:Repair","floor":20},{"not_picked":["bronze:Return","bronze:Branch"],"picked":"bronze:ChosenStrike","floor":21},{"not_picked":["bronze:Philosophize","bronze:Return"],"picked":"bronze:Branch","floor":25},{"not_picked":["bronze:OilSpill","bronze:Boost","bronze:BuggyMess"],"picked":"SKIP","floor":26},{"not_picked":["bronze:Iterate","bronze:Deprecate+1","bronze:BugBarrage+1"],"picked":"SKIP","floor":27},{"not_picked":["bronze:HyperBeam","bronze:OilSpill","bronze:MaxOutput+1"],"picked":"SKIP","floor":31},{"not_picked":["bronze:Boost+1","bronze:ChosenStrike","bronze:ForLoop"],"picked":"SKIP","floor":32},{"not_picked":["bronze:FindAndReplace","bronze:SpaghettiCode"],"picked":"bronze:HyperBeam","floor":33},{"not_picked":["bronze:Return"],"picked":"SKIP","floor":36},{"not_picked":["bronze:Backtrace"],"picked":"SKIP","floor":37},{"not_picked":[],"picked":"bronze:ChildClass","floor":39},{"not_picked":["bronze:Deprecate"],"picked":"SKIP","floor":40},{"not_picked":["bronze:ChosenStrike+1"],"picked":"SKIP","floor":42},{"not_picked":["bronze:Flail"],"picked":"SKIP","floor":45},{"not_picked":["bronze:Repair+1"],"picked":"SKIP","floor":48},{"not_picked":["bronze:OilSpill+1"],"picked":"SKIP","floor":49}],"player_experience":74108,"relics_obtained":[{"floor":7,"key":"Frozen Egg 2"},{"floor":11,"key":"InkBottle"},{"floor":24,"key":"Ornamental Fan"},{"floor":38,"key":"Mango"},{"floor":48,"key":"Molten Egg 2"}],"event_choices":[{"damage_healed":0,"gold_gain":0,"player_choice":"Ignored","damage_taken":0,"max_hp_gain":0,"max_hp_loss":0,"event_name":"NoteForYourself","floor":4,"gold_loss":0},{"cards_removed":["bronze:Strike"],"damage_healed":0,"gold_gain":0,"player_choice":"Card Removal","damage_taken":0,"max_hp_gain":0,"max_hp_loss":0,"event_name":"The Cleric","floor":12,"gold_loss":0},{"damage_healed":0,"gold_gain":0,"player_choice":"Read","damage_taken":0,"max_hp_gain":0,"max_hp_loss":0,"event_name":"The Library","floor":29,"gold_loss":0,"cards_obtained":["bronze:ChosenStrike"]},{"damage_healed":0,"gold_gain":0,"player_choice":"Fight","damage_taken":0,"max_hp_gain":0,"max_hp_loss":0,"event_name":"Mysterious Sphere","floor":38,"gold_loss":0}],"is_beta":false,"boss_relics":[{"not_picked":["Coffee Dripper","Pandora\u0027s Box"],"picked":"Empty Cage"},{"not_picked":["SacredBark","Black Star"],"picked":"Busted Crown"}],"items_purged_floors":[9,26],"is_endless":false,"potions_floor_spawned":[3,6,14,15,16,19,21,27,32,38,40,45],"killed_by":"downfall:CharBossMerchant","ascension_level":0}}