{"host":"CK","time":1610850515,"event":{"mods":["2.2 Compatiblity","BaseMod","Bestiary","Block Reminder","Colored Powertips","DeckTracker","Displayed Cursed Tome","Minty Spire (QoL Compilation)","Permanent Neow","Slay-I","Unknown Chances"],"gold_per_floor":[109,209,223,98,98,98,114,139,219,219,249,47,47,82,82,161,161,180,2,2,20,70,70,15,27,50,50,70,70,86,97,97,97,97],"floor_reached":33,"language":"ENG","playtime":2411,"items_purged":["Doubt","Strike_B","Strike_B"],"score":514,"play_id":"0b86d1ff-656e-4ffb-b2a6-ba2062e0d1c1","local_time":"20210116182835","is_ascension_mode":true,"campfire_choices":[{"data":"Zap","floor":6,"key":"SMITH"},{"data":"Lockon","floor":10,"key":"SMITH"},{"data":"Discovery","floor":15,"key":"SMITH"},{"data":"Leap","floor":23,"key":"SMITH"},{"data":"Go for the Eyes","floor":27,"key":"SMITH"},{"data":"Dualcast","floor":29,"key":"SMITH"},{"floor":32,"key":"REST"}],"circlet_count":0,"master_deck":["AscendersBane","Strike_B","Defend_B","Defend_B","Defend_B","Defend_B","Zap+1","Dualcast+1","Cold Snap","Ball Lightning","Lockon+1","Discovery+1","Biased Cognition","Leap+1","Coolheaded","Go for the Eyes+1","Glacier","Self Repair","Ball Lightning"],"relics":["Cracked Core","Turnip","Omamori","Dream Catcher","Cables","Mummified Hand","Calling Bell","Potion Belt","Ornamental Fan","Gambling Chip","Torii","Bag of Preparation"],"acts_visited":["Exordium","TheCity"],"potions_floor_usage":[8,21,33,33,33],"damage_taken":[{"damage":3,"enemies":"2 Louse","floor":1,"turns":2},{"damage":0,"enemies":"Cultist","floor":3,"turns":4},{"damage":3,"enemies":"Small Slimes","floor":7,"turns":2},{"damage":15,"enemies":"3 Sentries","floor":8,"turns":7},{"damage":0,"enemies":"Gremlin Nob","floor":14,"turns":2},{"damage":15,"enemies":"The Guardian","floor":16,"turns":9},{"damage":7,"enemies":"Chosen","floor":18,"turns":3},{"damage":10,"enemies":"3 Byrds","floor":21,"turns":3},{"damage":12,"enemies":"Shelled Parasite and Fungi","floor":25,"turns":6},{"damage":0,"enemies":"3 Cultists","floor":28,"turns":5},{"damage":8,"enemies":"Snecko","floor":30,"turns":3},{"damage":1,"enemies":"Sentry and Sphere","floor":31,"turns":4},{"damage":53,"enemies":"Champ","floor":33,"turns":15}],"seed_played":"-4785696805944318264","potions_obtained":[{"floor":7,"key":"Block Potion"},{"floor":8,"key":"Swift Potion"},{"floor":25,"key":"SteroidPotion"},{"floor":30,"key":"SteroidPotion"},{"floor":31,"key":"GamblersBrew"}],"is_trial":false,"path_per_floor":["M","?","M","$","?","R","M","E","T","R","?","$","?","E","R","B",null,"M","$","?","M","?","R","?","M","T","R","M","R","M","M","R","B"],"character_chosen":"DEFECT","items_purchased":["Ball Lightning","Discovery","Leap"],"campfire_rested":1,"item_purchase_floors":[4,12,19],"current_hp_per_floor":[61,61,61,61,56,56,53,38,38,38,38,38,38,38,38,23,59,52,52,52,42,42,42,42,30,30,30,30,30,22,21,42,0,0],"gold":97,"neow_bonus":"ONE_RARE_RELIC","is_daily":false,"chose_seed":false,"campfire_upgraded":6,"win_rate":0.0,"timestamp":1610850515,"path_taken":["M","?","?","$","?","R","M","E","T","R","?","$","?","E","R","BOSS","M","$","?","M","?","R","?","M","T","R","M","R","M","M","R","BOSS"],"items_purchased_type":["Card","Card","Card"],"build_version":"2020-12-18","purchased_purges":3,"victory":false,"max_hp_per_floor":[71,71,71,71,71,71,71,71,71,71,71,71,71,71,71,71,71,71,71,71,71,71,71,71,71,71,71,71,71,71,71,71,71,71],"card_choices":[{"not_picked":["Gash","Consume"],"picked":"Cold Snap","floor":1},{"not_picked":["Skim","Chaos","Rebound"],"picked":"SKIP","floor":3},{"not_picked":["Rebound","Stack"],"picked":"Lockon","floor":7},{"not_picked":["Coolheaded","Compile Driver","Beam Cell"],"picked":"SKIP","floor":8},{"not_picked":["Lockon","Turbo","Sunder"],"picked":"SKIP","floor":14},{"not_picked":["Rainbow","Amplify"],"picked":"Biased Cognition","floor":16},{"not_picked":["Redo","Sweeping Beam","Chaos"],"picked":"SKIP","floor":18},{"not_picked":["Redo","Steam+1"],"picked":"Coolheaded","floor":21},{"not_picked":["Hologram","Stack+1"],"picked":"Go for the Eyes","floor":25},{"not_picked":["Melter","Go for the Eyes"],"picked":"Glacier","floor":28},{"not_picked":["Defragment","Barrage+1","FTL"],"picked":"SKIP","floor":30},{"not_picked":["Rip and Tear","Coolheaded"],"picked":"Self Repair","floor":31},{"not_picked":["Chill","Beam Cell+1"],"picked":"Ball Lightning","floor":32}],"player_experience":1145937,"relics_obtained":[{"floor":8,"key":"Dream Catcher"},{"floor":9,"key":"Cables"},{"floor":14,"key":"Mummified Hand"},{"floor":17,"key":"Potion Belt"},{"floor":17,"key":"Ornamental Fan"},{"floor":17,"key":"Gambling Chip"},{"floor":26,"key":"Bag of Preparation"}],"event_choices":[{"damage_healed":0,"gold_gain":100,"player_choice":"Gold","damage_taken":0,"max_hp_gain":0,"max_hp_loss":0,"event_name":"Wheel of Change","floor":2,"gold_loss":0},{"damage_healed":0,"gold_gain":0,"player_choice":"Success","damage_taken":5,"relics_obtained":["Omamori"],"max_hp_gain":0,"max_hp_loss":0,"event_name":"Scrap Ooze","floor":5,"gold_loss":0},{"damage_healed":0,"gold_gain":30,"player_choice":"Searched \u00271\u0027 times","damage_taken":0,"max_hp_gain":0,"max_hp_loss":0,"event_name":"Dead Adventurer","floor":11,"gold_loss":0},{"cards_removed":["Strike_B"],"damage_healed":0,"gold_gain":0,"player_choice":"Forget","damage_taken":0,"max_hp_gain":0,"max_hp_loss":0,"event_name":"Living Wall","floor":13,"gold_loss":0},{"damage_healed":0,"gold_gain":0,"player_choice":"Ignored","damage_taken":0,"max_hp_gain":0,"max_hp_loss":0,"event_name":"Vampires","floor":20,"gold_loss":0},{"damage_healed":0,"gold_gain":50,"player_choice":"Stole From Cult","damage_taken":0,"max_hp_gain":0,"max_hp_loss":0,"event_name":"Nest","floor":22,"gold_loss":0},{"damage_healed":0,"gold_gain":0,"player_choice":"Paid Gold","damage_taken":0,"relics_obtained":["Torii"],"max_hp_gain":0,"max_hp_loss":0,"event_name":"WeMeetAgain","floor":24,"gold_loss":55}],"is_beta":true,"boss_relics":[{"not_picked":["Sozu","Nuclear Battery"],"picked":"Calling Bell"}],"items_purged_floors":[4,12,19],"is_endless":false,"potions_floor_spawned":[7,8,25,30,31],"killed_by":"Champ","ascension_level":17}}