{"host":"2pffx5rqbod9ds0c","time":1610916679,"event":{"mods":["BaseMod","Better Altar","Better Match","Better Note","Better Sensory Stone","Better Skull","Better Third Choice","Custom Start","Hubris","Minty Spire (QoL Compilation)","Quick Restart","Relic Stats","Spicy Shops","StSLib","The Marked"],"gold_per_floor":[117,117,136,136,151,177,194,194,276,293,327,327,345,375,375,474,474,488,488,398,411,422,422,454,470,516,544,561,591,607,389,389,494,494,513,513,513,513,513,541,541,574,622,622,649,649,667,667,667,667],"floor_reached":51,"language":"ENG","playtime":5094,"items_purged":["theMarked:Strike"],"score":932,"play_id":"5333f40f-63d0-4b14-8b36-b28be180f51e","local_time":"20210117125119","is_ascension_mode":true,"campfire_choices":[{"data":"Apotheosis","floor":8.0,"key":"SMITH"},{"floor":12.0,"key":"REST"},{"data":"theMarked:SoldierOfQuellstein","floor":15.0,"key":"SMITH"},{"data":"theMarked:Improvise","floor":23.0,"key":"SMITH"},{"floor":32.0,"key":"REST"},{"floor":46.0,"key":"REST"},{"floor":49.0,"key":"REST"}],"circlet_count":0,"master_deck":["theMarked:Strike","theMarked:Strike","theMarked:Defend","theMarked:Defend+1","theMarked:Defend","theMarked:Defend","theMarked:SoldierOfQuellstein+1","theMarked:ResourceFulStrike","theMarked:Improvise+1","Apotheosis+1","theMarked:TakeOffHeels","theMarked:Indomitable","theMarked:TakeOffHeels","theMarked:Improvise","theMarked:Improvise+1","theMarked:SummonStrength","theMarked:MysticalArsenal","theMarked:TakeOffHeels"],"relics":["theMarked:ArtifactOfAir","CaptainsWheel","hubris:PeanutButter","Pear","theMarked:DemonDagger","hubris:TerracottaHorce","Art of War","Vajra","Juzu Bracelet","Lantern","Medical Kit","Fusion Hammer","hubris:Towel","Bag of Marbles","Boot","Akabeko","hubris:ToyBattleship","hubris:Icosahedron"],"acts_visited":["Exordium","TheCity","TheBeyond"],"potions_floor_usage":[],"damage_taken":[{"damage":1.0,"enemies":"Jaw Worm","floor":1.0,"turns":4.0},{"damage":1.0,"enemies":"2 Louse","floor":3.0,"turns":2.0},{"damage":1.0,"enemies":"Cultist","floor":5.0,"turns":3.0},{"damage":22.0,"enemies":"Gremlin Nob","floor":6.0,"turns":4.0},{"damage":4.0,"enemies":"Blue Slaver","floor":7.0,"turns":3.0},{"damage":0.0,"enemies":"Looter","floor":10.0,"turns":3.0},{"damage":0.0,"enemies":"3 Sentries","floor":11.0,"turns":5.0},{"damage":0.0,"enemies":"3 Louse","floor":13.0,"turns":3.0},{"damage":0.0,"enemies":"Lagavulin","floor":14.0,"turns":4.0},{"damage":8.0,"enemies":"Slime Boss","floor":16.0,"turns":10.0},{"damage":0.0,"enemies":"Spheric Guardian","floor":18.0,"turns":3.0},{"damage":4.0,"enemies":"Chosen","floor":21.0,"turns":3.0},{"damage":0.0,"enemies":"Snecko","floor":22.0,"turns":5.0},{"damage":13.0,"enemies":"Slavers","floor":24.0,"turns":7.0},{"damage":6.0,"enemies":"Snake Plant","floor":25.0,"turns":3.0},{"damage":15.0,"enemies":"Book of Stabbing","floor":27.0,"turns":4.0},{"damage":0.0,"enemies":"Chosen and Byrds","floor":28.0,"turns":5.0},{"damage":0.0,"enemies":"Gremlin Leader","floor":29.0,"turns":7.0},{"damage":0.0,"enemies":"Cultist and Chosen","floor":30.0,"turns":4.0},{"damage":39.0,"enemies":"hubris:MusketHawk","floor":33.0,"turns":7.0},{"damage":26.0,"enemies":"3 Darklings","floor":35.0,"turns":5.0},{"damage":7.0,"enemies":"Nemesis","floor":40.0,"turns":7.0},{"damage":0.0,"enemies":"Giant Head","floor":42.0,"turns":5.0},{"damage":0.0,"enemies":"Reptomancer","floor":45.0,"turns":5.0},{"damage":1.0,"enemies":"3 Shapes","floor":47.0,"turns":2.0},{"damage":13,"enemies":"Time Eater","floor":50,"turns":12}],"seed_played":"-4194214721115609542","potions_obtained":[{"floor":1.0,"key":"AttackPotion"},{"floor":3.0,"key":"Fire Potion"},{"floor":5.0,"key":"LiquidBronze"},{"floor":30.0,"key":"Strength Potion"}],"is_trial":false,"path_per_floor":["M","?","M","?","M","E","M","R","T","M","E","R","M","E","R","B",null,"M","?","?","M","M","R","E","M","T","E","M","E","M","$","R","B",null,"M","?","?","?","?","E","?","E","T","$","E","R","M","?","R","B",null],"character_chosen":"THE_DEFAULT","items_purchased":["Medical Kit"],"campfire_rested":4,"item_purchase_floors":[31],"current_hp_per_floor":[69,62,61,61,60,38,34,34,34,34,44,68,68,68,68,60,75,75,75,75,71,71,71,58,52,52,37,37,37,37,37,61,22,66,40,40,40,40,40,33,33,33,33,33,33,55,54,54,76,63],"gold":667,"neow_bonus":"THREE_CARDS","is_daily":false,"chose_seed":false,"campfire_upgraded":3,"win_rate":0.0,"timestamp":1610916679,"path_taken":["M","?","M","?","?","E","M","R","T","M","E","R","M","E","R","BOSS","M","?","?","M","?","R","E","M","T","E","M","E","M","$","R","BOSS","M","?","?","?","?","E","?","E","T","?","E","R","M","?","R","BOSS"],"items_purchased_type":["Relic"],"build_version":"2020-12-22","purchased_purges":1,"victory":true,"max_hp_per_floor":[70,70,70,70,70,70,70,70,70,70,80,80,80,80,80,80,80,80,80,80,80,80,80,80,80,80,80,80,80,80,80,80,80,80,80,76,76,76,76,76,76,76,76,76,76,76,76,76,76,76],"relic_stats":{"counters":[26,125],"Art of War":[2],"Juzu Bracelet":1,"Medical Kit":[2],"Boot":[4],"obtain_stats":[{"theMarked:DemonDagger":14,"Lantern":29,"Pear":11,"Vajra":26,"Juzu Bracelet":27,"hubris:Towel":37,"Medical Kit":31,"Boot":42,"Akabeko":43,"hubris:TerracottaHorce":17,"theMarked:ArtifactOfAir":0,"CaptainsWheel":6,"hubris:Icosahedron":48,"hubris:PeanutButter":9,"Fusion Hammer":34,"Art of War":24,"Bag of Marbles":40,"hubris:ToyBattleship":45},{"theMarked:DemonDagger":9,"Lantern":18,"Pear":7,"Vajra":15,"Juzu Bracelet":16,"hubris:Towel":21,"Medical Kit":19,"Boot":23,"Akabeko":23,"hubris:TerracottaHorce":10,"theMarked:ArtifactOfAir":0,"CaptainsWheel":4,"hubris:Icosahedron":25,"hubris:PeanutButter":5,"Fusion Hammer":20,"Art of War":14,"Bag of Marbles":22,"hubris:ToyBattleship":24},{"theMarked:DemonDagger":31,"Lantern":78,"Pear":24,"Vajra":62,"Juzu Bracelet":66,"hubris:Towel":94,"Medical Kit":82,"Boot":106,"Akabeko":106,"hubris:TerracottaHorce":41,"theMarked:ArtifactOfAir":0,"CaptainsWheel":13,"hubris:Icosahedron":113,"hubris:PeanutButter":16,"Fusion Hammer":89,"Art of War":59,"Bag of Marbles":101,"hubris:ToyBattleship":111}]},"card_choices":[{"not_picked":["theMarked:WastefulAttack","theMarked:TakeCover"],"picked":"theMarked:ResourceFulStrike","floor":0.0},{"not_picked":["theMarked:CreepingChasm","theMarked:TakeCover","theMarked:BanishingStrike"],"picked":"SKIP","floor":1.0},{"not_picked":["theMarked:Aftermath","theMarked:AttractMetal"],"picked":"theMarked:Improvise","floor":3.0},{"not_picked":["Finesse","Transmutation"],"picked":"Apotheosis","floor":4.0},{"not_picked":["theMarked:EmpowerWeapon","theMarked:ChainLightning","theMarked:GodGivenPower"],"picked":"SKIP","floor":5.0},{"not_picked":["theMarked:HeightenedSenses","theMarked:Frustration"],"picked":"theMarked:TakeOffHeels","floor":6.0},{"not_picked":["theMarked:ElectricStrings","theMarked:HeightenedSenses","theMarked:BanishingStrike"],"picked":"SKIP","floor":7.0},{"not_picked":["theMarked:Parkour","theMarked:EmpowerWeapon","theMarked:EnhanceMovement"],"picked":"SKIP","floor":10.0},{"not_picked":["theMarked:TakeCover","theMarked:PowerFlow","theMarked:RepellingDischarge"],"picked":"SKIP","floor":11.0},{"not_picked":["theMarked:Indomitable","theMarked:WardOff","theMarked:Overcharge"],"picked":"SKIP","floor":13.0},{"not_picked":["theMarked:WardOff","theMarked:Overcharge"],"picked":"theMarked:Indomitable","floor":13.0},{"not_picked":["theMarked:ContemptForTheProud","theMarked:EnhanceMovement","theMarked:Polarize"],"picked":"SKIP","floor":14.0},{"not_picked":["theMarked:EternalStudent","theMarked:ChannelForce"],"picked":"theMarked:TakeOffHeels","floor":16.0},{"not_picked":["theMarked:ElectricStrings","theMarked:Static","theMarked:TwofoldDefense+1"],"picked":"SKIP","floor":18.0},{"not_picked":["theMarked:ResourceFulStrike","theMarked:MysticalArsenal+1","theMarked:RogueSparks"],"picked":"SKIP","floor":21.0},{"not_picked":["theMarked:Static","theMarked:Frustration+1","theMarked:TakeCover"],"picked":"SKIP","floor":22.0},{"not_picked":["theMarked:Improvise","theMarked:HeightenedSenses","theMarked:CreepingChasm"],"picked":"SKIP","floor":24.0},{"not_picked":["theMarked:HeightenedSenses","theMarked:CreepingChasm"],"picked":"theMarked:Improvise","floor":24.0},{"not_picked":["theMarked:WastefulDefense","theMarked:Aftermath","theMarked:BanishingWave"],"picked":"SKIP","floor":25.0},{"not_picked":["theMarked:SwordAndMagic","theMarked:BanishingStrike+1","theMarked:Vacuum"],"picked":"SKIP","floor":27.0},{"not_picked":["theMarked:SwordAndMagic","theMarked:Electrocute+1"],"picked":"theMarked:Improvise+1","floor":28.0},{"not_picked":["theMarked:Panic+1","theMarked:BanishingWave","theMarked:ParalyzingBlade"],"picked":"SKIP","floor":29.0},{"not_picked":["theMarked:BanishingStrike","theMarked:Reabsorb+1","theMarked:Overthink+1"],"picked":"SKIP","floor":30.0},{"not_picked":["theMarked:SoldierForm","theMarked:BindingBlade"],"picked":"theMarked:SummonStrength","floor":33.0},{"not_picked":["theMarked:Improvise+1","theMarked:Electrocute","theMarked:TwofoldDefense+1"],"picked":"SKIP","floor":35.0},{"not_picked":["theMarked:Indomitable+1","theMarked:WardOff+1","theMarked:EmpowerWeapon"],"picked":"SKIP","floor":40.0},{"not_picked":["theMarked:MagicAdept","theMarked:ChainLightning","theMarked:WardOff"],"picked":"SKIP","floor":42.0},{"not_picked":["theMarked:WardOff+1","theMarked:Overthink","theMarked:Parkour+1"],"picked":"SKIP","floor":45.0},{"not_picked":["theMarked:KeepCalmAndFightOn","theMarked:ShockingTouch+1","theMarked:Reabsorb"],"picked":"SKIP","floor":47.0}],"player_experience":729731,"relics_obtained":[{"floor":6.0,"key":"CaptainsWheel"},{"floor":9.0,"key":"hubris:PeanutButter"},{"floor":11.0,"key":"Pear"},{"floor":14.0,"key":"theMarked:DemonDagger"},{"floor":24.0,"key":"Art of War"},{"floor":26.0,"key":"Vajra"},{"floor":27.0,"key":"Juzu Bracelet"},{"floor":29.0,"key":"Lantern"},{"floor":40.0,"key":"Bag of Marbles"},{"floor":42.0,"key":"Boot"},{"floor":43.0,"key":"Akabeko"},{"floor":45.0,"key":"hubris:ToyBattleship"}],"event_choices":[{"cards_removed":["theMarked:Strike"],"damage_healed":0.0,"max_hp_gain":0.0,"max_hp_loss":0.0,"gold_gain":0.0,"event_name":"Golden Wing","player_choice":"Card Removal","floor":2.0,"gold_loss":0.0,"damage_taken":7.0},{"damage_healed":0.0,"max_hp_gain":0.0,"max_hp_loss":0.0,"gold_gain":1.0,"event_name":"betterStone:BetterStone","player_choice":"1","floor":4.0,"gold_loss":0.0,"damage_taken":0.0},{"damage_healed":0.0,"max_hp_gain":0.0,"max_hp_loss":0.0,"gold_gain":0.0,"event_name":"N\u0027loth","player_choice":"Ignored","floor":19.0,"gold_loss":0.0,"damage_taken":0.0},{"cards_removed":["theMarked:Strike"],"damage_healed":0.0,"max_hp_gain":0.0,"max_hp_loss":0.0,"gold_gain":0.0,"event_name":"Designer","player_choice":"Upgrade and Remove","floor":20.0,"gold_loss":90.0,"damage_taken":0.0,"cards_upgraded":["theMarked:Defend"]},{"damage_healed":0.0,"max_hp_gain":0.0,"max_hp_loss":4.0,"gold_gain":0.0,"event_name":"Winding Halls","player_choice":"Max HP","floor":36.0,"gold_loss":0.0,"damage_taken":0.0},{"damage_healed":0.0,"max_hp_gain":0.0,"max_hp_loss":0.0,"gold_gain":0.0,"event_name":"Duplicator","player_choice":"Copied","floor":39.0,"gold_loss":0.0,"damage_taken":0.0,"cards_obtained":["theMarked:TakeOffHeels"]},{"damage_healed":0.0,"max_hp_gain":0.0,"max_hp_loss":0.0,"gold_gain":0.0,"event_name":"betterNote:BetterNote","player_choice":"Ignored","floor":41.0,"gold_loss":0.0,"damage_taken":0.0,"cards_obtained":["theMarked:BindingBlade"]}],"is_beta":false,"boss_relics":[{"not_picked":["hubris:CrackedHourglass","Ectoplasm"],"picked":"hubris:TerracottaHorce"},{"not_picked":["hubris:RunicObelisk","Cursed Key"],"picked":"Fusion Hammer"}],"items_purged_floors":[31],"is_endless":false,"potions_floor_spawned":[1,3,5,10,18,21,28,30,33,42,45,47],"ascension_level":1}}