{"host":"u7y9frlpoazak2mn","time":1610854590,"event":{"mods":["2.2 Compatiblity","A Magickal Journey","Alarm Clock","Aspiration","Astrologer","Bard","BaseMod","Beaked The Cultist","Better Altar","Better Match","Better Note","Better Sensory Stone","Better Skull","Better Third Choice","Better-Laid Plans","BetterRewards","Chen","Colored Powertips","Conspire","Curses Come First","Dark Map","Displayed Cursed Tome","Downfall","Energized Spire","Fox Events","Friendly Minions","GifTheSpireLib","Glutton Mod","Halation","Hermit","Hubris","Infinite Spire","Jedi Mod","KinomotoSakuraMod(????)","Mad Scientist","Marisa????????","Mimic Mod","Minty Spire (QoL Compilation)","Prisma Mod","Random Character Button","Rare Cards Sparkle","Relic Stats","Retaliation","Robot Space Explorer","Shade Mod","Somnambulant","Spikes Relics","StS++","StSLib","Stuff the Spire","Td1madao Mod","The Administrix","The Blackbeard","The Blue Laboratory","The Construct","The Cursed","The Disciple","The Druid","The Forsaken","The Hierophant","The Judge","The Juggle","The Marked","The Mystic","The Necromancer","The Runesmith","The Servant 0.9.4","The Valiant","The Witch","TheSwordswoman","TheVacant","Transform Curses","Uncapped","Waifu the Spire","Wandering Minibosses","WarShipGirlsR/????R mod","Yohane!","vexMod"],"gold_per_floor":[112,112,112,124,124,124,124,24,58,92,104,104,117,117,117,216,216,236,196,196,196,210,210,210,210,284,304,304,319,42,75,75,175,175,191,211,211,226,244,244,244,244],"floor_reached":41,"language":"ENG","playtime":2397,"items_purged":["PrismaMod:MiyuCommonAttack","theForsaken:PlagueCurse"],"score":459,"play_id":"3d1a6d08-a66a-493e-b102-9509165f340d","local_time":"20210116223630","is_ascension_mode":false,"campfire_choices":[{"data":"PrismaMod:MiyuUncommonAttack","floor":6,"key":"SMITH"},{"floor":12,"key":"REST"},{"data":"PrismaMod:MiyuUberAOEAttack","floor":15,"key":"SMITH"},{"data":"PrismaMod:MiyuUncommonStrBuff","floor":23,"key":"SMITH"},{"data":"PrismaMod:MiyuUncommonStrBuff","floor":25,"key":"SMITH"},{"floor":32,"key":"REST"},{"floor":40,"key":"REST"}],"circlet_count":0,"master_deck":["PrismaMod:MiyuCommonDefend+1","PrismaMod:MiyuCommonDefend+1","PrismaMod:MiyuCommonDefend+1","PrismaMod:MiyuCommonDefend+1","PrismaMod:MiyuCommonDefend+1","PrismaMod:MiyuCommonAttack+1","PrismaMod:MiyuCommonAttack+1","PrismaMod:MiyuCommonAttack+1","PrismaMod:MiyuCommonAttack+1","PrismaMod:MiyuCheapChannelAttack","PrismaMod:MiyuUncommonAttack+1","PrismaMod:MiyuDefenseAbsorbMinor+1","PrismaMod:MiyuUberAOEAttack+1","PrismaMod:MiyuCheapChannelAttack","PrismaMod:MiyuUncommonStrBuff+1","PrismaMod:MiyuUncommonStrBuff+1","PrismaMod:MiyuCheapAttack1+1","PrismaMod:MiyuCheapChannelAttack","PrismaMod:MiyuChannelAttackEvoke+1","PrismaMod:MiyuCheapChannelAttack","hubris:Rewind","PrismaMod:MiyuUberAOEAttack+1","PrismaMod:MiyuUberAOEAttack+1","PrismaMod:MiyuChannelAttackEvoke+1","PrismaMod:MiyuCommonAOEAttack+1","PrismaMod:MiyuUberAOEAttack+1","PrismaMod:MiyuOrbIncreasePerm+1","jedi:BattleThirst","PrismaMod:MiyuEvokeCheapDefend+1","PrismaMod:MiyuChristmas","PrismaMod:MiyuCheapChannelAttack","PrismaMod:MiyuUberAOEAttack+1"],"relics":["PrismaMod:PrismaSapphire","NeowsBlessing","jedi:firstaidkit","jedi:Pinwheel","Molten Egg 2","energizedSpire:CursedPentagram","jedi:heavyjacket","Ice Cream","vexMod:GhostlyGear","LugNut","Astrolabe","infinitespire:Beetle Shell"],"acts_visited":["Exordium","TheCity","TheBeyond"],"potions_floor_usage":[10,16,16,18,27,27,27,33,33,33,39],"damage_taken":[{"damage":0,"enemies":"Small Slimes","floor":1,"turns":1},{"damage":0,"enemies":"Cultist","floor":4,"turns":1},{"damage":0,"enemies":"2 Louse","floor":9,"turns":2},{"damage":34,"enemies":"Lagavulin","floor":10,"turns":6},{"damage":0,"enemies":"2 Louse","floor":11,"turns":3},{"damage":13,"enemies":"2 Fungi Beasts","floor":13,"turns":4},{"damage":25,"enemies":"The Guardian","floor":16,"turns":11},{"damage":17,"enemies":"3 Byrds","floor":18,"turns":4},{"damage":4,"enemies":"Chosen","floor":22,"turns":3},{"damage":9,"enemies":"Snake Plant","floor":27,"turns":3},{"damage":0,"enemies":"Cultist and Chosen","floor":29,"turns":5},{"damage":28,"enemies":"Slavers","floor":31,"turns":5},{"damage":45,"enemies":"Collector","floor":33,"turns":7},{"damage":11,"enemies":"3 Shapes","floor":35,"turns":4},{"damage":39,"enemies":"3 Darklings","floor":36,"turns":4},{"damage":32,"enemies":"Maw","floor":38,"turns":7},{"damage":12,"enemies":"4 Shapes","floor":39,"turns":2},{"damage":28,"enemies":"Reptomancer","floor":41,"turns":2}],"seed_played":"4348649555533407711","potions_obtained":[{"floor":4,"key":"Explosive Potion"},{"floor":10,"key":"blueLaboratory:AbyssPotion"},{"floor":11,"key":"jedi:tentaclejuice"},{"floor":16,"key":"blueLaboratory:SavagePotion"},{"floor":18,"key":"blueLaboratory:BottleOfVodka"},{"floor":19,"key":"StSpp:ScatteredPotion"},{"floor":19,"key":"jedi:hoardpotion"},{"floor":27,"key":"StSpp:ScatteredPotion"},{"floor":29,"key":"Energy Potion"},{"floor":35,"key":"blueLaboratory:BubblePotion"},{"floor":38,"key":"Dexterity Potion"}],"is_trial":false,"path_per_floor":["M","?","?","M","?","R","?","$","MIM","E","M","R","M","?","R","B",null,"M","?","?","?","M","R","?","R","T","M","AVR","M","$","E","R","B",null,"M","M","?","M","M","R","E"],"character_chosen":"MIYU","items_purchased":["PrismaMod:MiyuUberAOEAttack","PrismaMod:MiyuUberAOEAttack+1","vexMod:GhostlyGear"],"campfire_rested":3,"item_purchase_floors":[8,30,30],"current_hp_per_floor":[75,75,75,75,75,75,75,75,75,48,48,70,61,61,61,39,75,61,61,61,61,59,59,59,59,59,54,54,54,54,33,55,19,75,64,38,38,13,1,23,0,0],"gold":244,"neow_bonus":"THREE_ENEMY_KILL","is_daily":false,"chose_seed":false,"campfire_upgraded":4,"win_rate":0.0,"timestamp":1610854590,"path_taken":["M","?","?","?","?","R","?","$","MIM","E","M","R","M","?","R","BOSS","M","?","?","?","M","R","?","R","T","?","AVR","M","$","E","R","BOSS","M","M","?","M","M","R","E"],"items_purchased_type":["Card","Card","Relic"],"build_version":"2020-12-22","purchased_purges":2,"victory":false,"max_hp_per_floor":[75,75,75,75,75,75,75,75,75,75,75,75,75,75,75,75,75,75,75,75,75,75,75,75,75,75,75,75,75,75,75,75,75,75,75,75,75,75,75,75,75,75],"relic_stats":{"counters":[18,74],"Astrolabe":["PrismaMod:MiyuCommonAOEAttack","PrismaMod:MiyuUberAOEAttack","PrismaMod:MiyuOrbIncreasePerm"],"obtain_stats":[{"Ice Cream":28,"vexMod:GhostlyGear":30,"jedi:heavyjacket":26,"energizedSpire:CursedPentagram":17,"NeowsBlessing":0,"PrismaMod:PrismaSapphire":0,"jedi:firstaidkit":2,"Astrolabe":34,"Molten Egg 2":10,"infinitespire:Beetle Shell":37,"jedi:Pinwheel":5,"LugNut":31},{"Ice Cream":10,"vexMod:GhostlyGear":11,"jedi:heavyjacket":9,"energizedSpire:CursedPentagram":7,"NeowsBlessing":0,"PrismaMod:PrismaSapphire":0,"jedi:firstaidkit":1,"Astrolabe":13,"Molten Egg 2":4,"infinitespire:Beetle Shell":15,"jedi:Pinwheel":2,"LugNut":12},{"Ice Cream":38,"vexMod:GhostlyGear":43,"jedi:heavyjacket":35,"energizedSpire:CursedPentagram":28,"NeowsBlessing":0,"PrismaMod:PrismaSapphire":0,"jedi:firstaidkit":1,"Astrolabe":55,"Molten Egg 2":10,"infinitespire:Beetle Shell":63,"jedi:Pinwheel":2,"LugNut":48}]},"card_choices":[{"not_picked":["PrismaMod:MiyuCheapChannelWeak","PrismaMod:MiyuCheapAttack1"],"picked":"PrismaMod:MiyuCheapChannelVul","floor":1},{"not_picked":["PrismaMod:MiyuOrbIncreasePerm","PrismaMod:MiyuAttackChannelWeak"],"picked":"PrismaMod:MiyuUncommonAttack","floor":4},{"not_picked":[],"picked":"PrismaMod:MiyuDefenseAbsorbMinor","floor":7},{"not_picked":["PrismaMod:MiyuDefenseRemoval","PrismaMod:MiyuDevil"],"picked":"PrismaMod:MiyuCheapChannelAttack","floor":9},{"not_picked":["PrismaMod:MiyuUberAOEAttack+1","PrismaMod:MiyuEvokeBuffStr"],"picked":"PrismaMod:MiyuUncommonStrBuff","floor":10},{"not_picked":["PrismaMod:MiyuCheapChannelRandom","PrismaMod:MiyuUncommonAOEAttack+1"],"picked":"PrismaMod:MiyuUncommonStrBuff","floor":11},{"not_picked":["PrismaMod:MiyuDefenseRemoval","PrismaMod:MiyuCommonAOEAttack+1"],"picked":"PrismaMod:MiyuCheapAttack1+1","floor":13},{"not_picked":["PrismaMod:MiyuEvokeAllDefend","PrismaMod:MiyuCheapDefend2"],"picked":"PrismaMod:MiyuChannelAttackEvoke+1","floor":16},{"not_picked":["PrismaMod:MiyuCarnivalAttack+1","PrismaMod:MiyuCheapChannelVul"],"picked":"PrismaMod:MiyuCheapChannelAttack","floor":18},{"not_picked":["PrismaMod:MiyuCheapAttack2+1","PrismaMod:MiyuAttackChannelWeak+1","PrismaMod:MiyuAttackChannelAttack+1"],"picked":"SKIP","floor":22},{"not_picked":["PrismaMod:MiyuCheapEvoke","PrismaMod:MiyuEvokeCheapDefend"],"picked":"PrismaMod:MiyuMaid","floor":27},{"not_picked":["PrismaMod:MiyuCheapEvoke","PrismaMod:MiyuDefenseRemoval"],"picked":"PrismaMod:MiyuUberAOEAttack+1","floor":29},{"not_picked":["PrismaMod:MiyuAttackChannelWeak+1","PrismaMod:MiyuAttackChannelAttack+1","PrismaMod:MiyuCarnivalAttack+1"],"picked":"SKIP","floor":31},{"not_picked":["PrismaMod:MiyuChannelDefendEvoke","PrismaMod:MiyuDefenseAbsorbMinor"],"picked":"PrismaMod:MiyuChannelAttackEvoke+1","floor":33},{"not_picked":["PrismaMod:MiyuEvokeBuffDex","PrismaMod:MiyuOrbIncreasePerm"],"picked":"PrismaMod:MiyuEvokeCheapDefend+1","floor":35},{"not_picked":["PrismaMod:MiyuEvokeCheapAttack+1","PrismaMod:MiyuCommonAOEAttack+1"],"picked":"PrismaMod:MiyuChristmas","floor":36},{"not_picked":["PrismaMod:MiyuCheapChannelWeak","PrismaMod:MiyuEvokeBuffStr+1"],"picked":"PrismaMod:MiyuCheapChannelAttack","floor":38},{"not_picked":["PrismaMod:MiyuOrbIncreasePerm","PrismaMod:MiyuCheapAttack1+1"],"picked":"PrismaMod:MiyuUberAOEAttack+1","floor":39}],"player_experience":359741,"relics_obtained":[{"floor":5,"key":"jedi:Pinwheel"},{"floor":10,"key":"Molten Egg 2"},{"floor":26,"key":"jedi:heavyjacket"},{"floor":31,"key":"LugNut"}],"event_choices":[{"cards_removed":["StuffTheSpire:CuriosityCurse"],"damage_healed":5,"gold_gain":0,"player_choice":"Offered Special","damage_taken":0,"max_hp_gain":0,"max_hp_loss":0,"event_name":"Bonfire Elementals","floor":3,"gold_loss":0},{"damage_healed":0,"gold_gain":0,"player_choice":"Bought 3 Potions","damage_taken":0,"max_hp_gain":0,"max_hp_loss":0,"event_name":"The Woman in Blue","floor":19,"gold_loss":0},{"damage_healed":0,"gold_gain":0,"player_choice":"Upgraded","damage_taken":0,"max_hp_gain":0,"max_hp_loss":0,"event_name":"Upgrade Shrine","floor":20,"gold_loss":0,"cards_upgraded":["PrismaMod:MiyuDefenseAbsorbMinor"]},{"damage_healed":0,"gold_gain":0,"cards_transformed":["PrismaMod:MiyuCheapChannelVul"],"player_choice":"Transformed","damage_taken":0,"max_hp_gain":0,"max_hp_loss":0,"event_name":"Transmorgrifier","floor":21,"gold_loss":0,"cards_obtained":["PrismaMod:MiyuUncommonAOEAttack"]},{"damage_healed":0,"gold_gain":0,"player_choice":"Simplicity","damage_taken":0,"max_hp_gain":0,"max_hp_loss":9,"event_name":"betterThird:BetterWriting","floor":24,"gold_loss":0}],"is_beta":false,"boss_relics":[{"not_picked":["vexMod:FluxCapacitor","energizedSpire:StickyHand"],"picked":"energizedSpire:CursedPentagram"},{"not_picked":["vexMod:TanglingVine","jedi:paperlyon"],"picked":"Astrolabe"}],"items_purged_floors":[8,30],"is_endless":false,"potions_floor_spawned":[4,10,11,16,18,27,29,35,38],"killed_by":"Reptomancer","ascension_level":0}}