{"host":"z4nt7tdd4gjrinn7","time":1610906237,"event":{"mods":["100% Spire Juice","BaseMod","Minty Spire (QoL Compilation)","StSLib"],"gold_per_floor":[109,120,195,195,195,195,225,225,225,225,73,90,105,124,4,99,99,119,37,49,49,11,11,11,11],"floor_reached":24,"language":"ENG","playtime":1562,"items_purged":[],"score":194,"play_id":"58eb26aa-99bc-49e5-9183-54a814b2e851","local_time":"20210117125717","is_ascension_mode":false,"campfire_choices":[{"floor":6,"key":"REST"},{"floor":8,"key":"REST"},{"floor":10,"key":"REST"},{"floor":15,"key":"REST"},{"floor":23,"key":"REST"}],"circlet_count":0,"master_deck":["Moonworks:Strike","Moonworks:Strike","Moonworks:Strike","Moonworks:Strike","Moonworks:Defend","Moonworks:Defend","Moonworks:Defend","Moonworks:Defend","Moonworks:Ambush","Moonworks:LongDistanceShot","Moonworks:EvilSpyWorkPreparation","Moonworks:CloudOfSeagulls","Moonworks:LulusLuckyEgg","Moonworks:IndiscriminateFireSupport","Moonworks:DeployBits","Moonworks:JonathanRush","Moonworks:IndiscriminateFireSupport","Moonworks:Dash","Moonworks:RedAndBlue","Moonworks:DeployBits","Moonworks:JonathanRush","Moonworks:Encore","Moonworks:ImOnFire+1","Moonworks:SakisCookie+1","Moonworks:RedAndBlue+1","Moonworks:CrystalBarrier","Moonworks:RagingMadness"],"relics":["Moonworks:BrokenBomb","Moonworks:Homemark","Omamori","Kunai","Orrery","Calling Bell","PreservedInsect","Toxic Egg 2","Shovel"],"acts_visited":["Exordium","TheCity"],"potions_floor_usage":[16,16,16,24,24,24,24,24],"damage_taken":[{"damage":0,"enemies":"2 Louse","floor":1,"turns":4},{"damage":8,"enemies":"Jaw Worm","floor":2,"turns":3},{"damage":53,"enemies":"Gremlin Nob","floor":7,"turns":5},{"damage":0,"enemies":"Small Slimes","floor":12,"turns":2},{"damage":0,"enemies":"Exordium Wildlife","floor":13,"turns":2},{"damage":15,"enemies":"Exordium Thugs","floor":14,"turns":3},{"damage":29,"enemies":"The Guardian","floor":16,"turns":11},{"damage":7,"enemies":"2 Thieves","floor":18,"turns":2},{"damage":30,"enemies":"Shell Parasite","floor":20,"turns":6},{"damage":49,"enemies":"Book of Stabbing","floor":24,"turns":5}],"seed_played":"712005759303985729","potions_obtained":[{"floor":0,"key":"LiquidMemories"},{"floor":0,"key":"Fire Potion"},{"floor":0,"key":"Dexterity Potion"},{"floor":7,"key":"SpeedPotion"},{"floor":14,"key":"AttackPotion"},{"floor":16,"key":"EntropicBrew"},{"floor":18,"key":"LiquidMemories"}],"is_trial":false,"path_per_floor":["M","M","?","?","?","R","E","R","T","R","$","M","M","M","R","B",null,"M","$","M","?","$","R","E"],"character_chosen":"THE_STARBREAKER","items_purchased":["Orrery","Moonworks:SakisCookie+1","Moonworks:RedAndBlue+1","Moonworks:RagingMadness"],"campfire_rested":5,"item_purchase_floors":[11,19,19,22],"current_hp_per_floor":[60,52,41,41,41,59,6,24,24,42,42,42,42,27,45,16,60,53,53,26,26,26,44,0,0],"gold":11,"neow_bonus":"THREE_SMALL_POTIONS","is_daily":false,"chose_seed":false,"campfire_upgraded":0,"win_rate":0.0,"timestamp":1610906237,"path_taken":["M","M","?","?","?","R","E","R","T","R","$","?","M","M","R","BOSS","M","$","M","?","$","R","E"],"items_purchased_type":["Relic","Card","Card","Card"],"build_version":"2020-12-22","purchased_purges":0,"victory":false,"max_hp_per_floor":[60,60,60,60,60,60,60,60,60,60,60,60,60,60,60,60,60,60,60,60,60,60,60,60,60],"card_choices":[{"not_picked":["Moonworks:MiracleWalker","Moonworks:SakisCookie"],"picked":"Moonworks:EvilSpyWorkPreparation","floor":1},{"not_picked":["Moonworks:IntelligenceOfficer","Moonworks:Dinner"],"picked":"Moonworks:CloudOfSeagulls","floor":2},{"not_picked":["Moonworks:x16BigRocket","Moonworks:RocketCannon"],"picked":"Moonworks:LulusLuckyEgg","floor":7},{"not_picked":["Moonworks:CastOff","Moonworks:UnluckyCharm"],"picked":"Moonworks:IndiscriminateFireSupport","floor":11},{"not_picked":["Moonworks:BigMagnum","Moonworks:ScrambledEve"],"picked":"Moonworks:DeployBits","floor":11},{"not_picked":["Moonworks:DeployBits","Moonworks:WindyEnchantment"],"picked":"Moonworks:JonathanRush","floor":11},{"not_picked":["Moonworks:CompletionReward","Moonworks:CloudOfSeagulls"],"picked":"Moonworks:IndiscriminateFireSupport","floor":11},{"not_picked":["Moonworks:NicePresent","Moonworks:Heat300Percent"],"picked":"Moonworks:Dash","floor":11},{"not_picked":["Moonworks:CookingTime","Moonworks:Assault"],"picked":"Moonworks:RedAndBlue","floor":12},{"not_picked":["Moonworks:CloudOfSeagulls","Moonworks:NicePresent"],"picked":"Moonworks:DeployBits","floor":13},{"not_picked":["Moonworks:ImOnFire","Moonworks:LulusLuckyEgg"],"picked":"Moonworks:JonathanRush","floor":14},{"not_picked":["Moonworks:WeAreWaruda","Moonworks:LeapThroughSpace"],"picked":"Moonworks:Encore","floor":16},{"not_picked":["Moonworks:BigMagnum+1","Moonworks:Dash+1"],"picked":"Moonworks:ImOnFire+1","floor":18},{"not_picked":["Moonworks:BeyondHell+1","Moonworks:ExtendedPhotonRifle+1"],"picked":"Moonworks:CrystalBarrier","floor":20}],"player_experience":64608,"relics_obtained":[{"floor":7,"key":"Omamori"},{"floor":9,"key":"Kunai"},{"floor":17,"key":"PreservedInsect"},{"floor":17,"key":"Toxic Egg 2"},{"floor":17,"key":"Shovel"}],"event_choices":[{"damage_healed":0,"gold_gain":75,"player_choice":"Gather Gold","damage_taken":11,"max_hp_gain":0,"max_hp_loss":0,"event_name":"World of Goop","floor":3,"gold_loss":0},{"damage_healed":0,"gold_gain":0,"player_choice":"Ignored","damage_taken":0,"max_hp_gain":0,"max_hp_loss":0,"event_name":"Liars Game","floor":4,"gold_loss":0},{"damage_healed":0,"gold_gain":0,"player_choice":"Ignored","damage_taken":0,"max_hp_gain":0,"max_hp_loss":0,"event_name":"Golden Wing","floor":5,"gold_loss":0},{"damage_healed":0,"gold_gain":0,"player_choice":"Ignored","damage_taken":0,"max_hp_gain":0,"max_hp_loss":0,"event_name":"Ghosts","floor":21,"gold_loss":0}],"is_beta":false,"boss_relics":[{"not_picked":["Ectoplasm","Coffee Dripper"],"picked":"Calling Bell"}],"items_purged_floors":[],"is_endless":false,"potions_floor_spawned":[7,14,16,18],"killed_by":"Book of Stabbing","ascension_level":0}}