{"host":"cw25u8qal1h0d7ia","time":1610848978,"event":{"mods":["BaseMod","Downfall","Minty Spire (QoL Compilation)","StSLib"],"gold_per_floor":[99,274,274,274,274,274,345,345,345,379,393,201,51,81,97,193,193,93,110,121,396,407,307,334,362,42,73,73,92,77,177,190,290,290,290,300,315,590,590,590,590,590,690,700,700,380,406,406,421,421],"floor_reached":51,"language":"ENG","playtime":5503,"items_purged":["Regret"],"score":1317,"play_id":"5f370be4-6297-4829-bc7b-049b2b9030c8","local_time":"20210117030258","is_ascension_mode":false,"campfire_choices":[{"data":"bronze:Goto","floor":1,"key":"SMITH"},{"floor":6,"key":"RECALL"},{"data":"Apotheosis","floor":18,"key":"SMITH"},{"floor":23,"key":"REST"},{"floor":28,"key":"REST"},{"data":"bronze:Virus","floor":35,"key":"SMITH"},{"data":"bronze:Constructor","floor":45,"key":"SMITH"}],"circlet_count":0,"master_deck":["bronze:Strike","bronze:Strike","bronze:Strike","bronze:Strike","bronze:Defend","bronze:Defend","bronze:Defend","bronze:Defend","bronze:Replicate","bronze:Goto+1","Defend_P","bronze:Terminator+1","bronze:Constructor+1","Apotheosis+1","bronze:Invalidate","bronze:HardenedForm","bronze:SpaghettiCode","bronze:ClassDefault","bronze:Shell","bronze:Mutator","bronze:Assembly","bronze:FineTuning+1","bronze:Virus+1","bronze:Separator+1","Pain","Shame","bronze:Assembly","expansioncontent:PrepareCrush"],"relics":["bronze:BronzeCore","downfall:HeartsMalice","Blue Candle","WingedGreaves","Lantern","Sozu","downfall:HeartBlessingRed","downfall:HeartBlessingGreen","Bag of Preparation","Letter Opener","Juzu Bracelet","Toolbox","TungstenRod","Runic Pyramid","bronze:BottledCode","Omamori","Calling Bell","MealTicket","Shuriken","Calipers","Nunchaku","OrangePellets","Girya","Happy Flower"],"acts_visited":["Exordium","TheCity","TheBeyond"],"potions_floor_usage":[25,33],"damage_taken":[{"damage":0,"enemies":"Cultist","floor":4,"turns":1},{"damage":0,"enemies":"Small Slimes","floor":8,"turns":1},{"damage":0,"enemies":"Jaw Worm","floor":9,"turns":1},{"damage":26,"enemies":"Gremlin Nob","floor":10,"turns":6},{"damage":3,"enemies":"Red Slaver","floor":11,"turns":5},{"damage":0,"enemies":"downfall:FleeingMerchant","floor":12,"turns":4},{"damage":6,"enemies":"Lagavulin","floor":14,"turns":8},{"damage":13,"enemies":"Exordium Thugs","floor":15,"turns":6},{"damage":6,"enemies":"WA_ARCHETYPE_RETAIN","floor":16,"turns":6},{"damage":2,"enemies":"Spheric Guardian","floor":19,"turns":3},{"damage":4,"enemies":"3 Byrds","floor":20,"turns":5},{"damage":35,"enemies":"Snecko","floor":22,"turns":8},{"damage":26,"enemies":"Gremlin Leader","floor":25,"turns":7},{"damage":4,"enemies":"downfall:FleeingMerchant","floor":26,"turns":4},{"damage":1,"enemies":"Book of Stabbing","floor":27,"turns":4},{"damage":13,"enemies":"Centurion and Healer","floor":29,"turns":5},{"damage":0,"enemies":"downfall:FleeingMerchant","floor":30,"turns":4},{"damage":5,"enemies":"Shelled Parasite and Fungi","floor":32,"turns":4},{"damage":30,"enemies":"SI_MIRROR_ARCHETYPE","floor":33,"turns":6},{"damage":0,"enemies":"3 Darklings","floor":36,"turns":4},{"damage":6,"enemies":"Orb Walker","floor":37,"turns":4},{"damage":8,"enemies":"4 Shapes","floor":44,"turns":5},{"damage":12,"enemies":"downfall:FleeingMerchant","floor":46,"turns":3},{"damage":0,"enemies":"Giant Head","floor":47,"turns":4},{"damage":0,"enemies":"Maw","floor":49,"turns":5},{"damage":0,"enemies":"DF_ARCHETYPE_ORBS","floor":50,"turns":4}],"seed_played":"-1281758968086547760","potions_obtained":[{"floor":10,"key":"bronze:CleanCodePotion"},{"floor":11,"key":"hexamod:SoulburnPotion"},{"floor":14,"key":"AttackPotion"}],"is_trial":false,"path_per_floor":["R","?","?","M","?","R","T","M","M","E","M","$","?","E","M","B",null,"R","M","M","?","M","R","T","E","$","E","R","M","$","?","M","B",null,"R","M","M","?","?","?","T","?","?","M","R","$","E","?","M","B",null],"character_chosen":"THE_AUTOMATON","items_purchased":["Apotheosis","Juzu Bracelet","Toolbox","Nunchaku","OrangePellets","Girya"],"campfire_rested":2,"item_purchase_floors":[12,26,26,46,46,46],"current_hp_per_floor":[70,70,70,70,70,70,70,70,70,44,41,41,80,74,61,55,80,80,78,74,74,39,63,63,37,33,32,56,43,43,43,38,8,80,80,80,74,74,70,63,63,63,68,60,60,63,63,63,63,63],"gold":421,"neow_bonus":"THREE_ENEMY_KILL","is_daily":false,"chose_seed":false,"campfire_upgraded":4,"win_rate":0.0,"timestamp":1610848978,"path_taken":["R","?","?","?","?","R","T","?","M","E","M","$","?","E","M","BOSS","R","M","M","?","?","R","T","E","$","E","R","M","?","?","M","BOSS","R","M","M","?","?","?","T","?","?","M","R","$","E","?","M","BOSS"],"items_purchased_type":["Card","Relic","Relic","Relic","Relic","Relic"],"build_version":"2020-12-22","purchased_purges":1,"victory":true,"max_hp_per_floor":[70,70,70,70,70,70,70,70,70,70,70,70,80,80,80,80,80,80,80,80,80,80,80,80,80,80,80,80,80,80,80,80,80,80,80,80,80,80,70,70,70,70,75,75,75,75,75,75,75,75],"card_choices":[{"not_picked":["bronze:DelayedGuard","bronze:WhirlingStrike"],"picked":"bronze:Terminator","floor":4},{"not_picked":["bronze:Repair","bronze:Deprecate"],"picked":"bronze:Constructor","floor":8},{"not_picked":["bronze:Boost","bronze:DelayedSlice","bronze:BuggyMess"],"picked":"SKIP","floor":9},{"not_picked":["bronze:Constructor","bronze:BitShift","bronze:DigitalCarnage"],"picked":"SKIP","floor":10},{"not_picked":["bronze:BuggyMess","bronze:BronzeArmor","bronze:Iterate"],"picked":"SKIP","floor":11},{"not_picked":["bronze:WildBeam","bronze:Frontload","bronze:CutThrough"],"picked":"SKIP","floor":12},{"not_picked":["bronze:Frontload","bronze:BitShift"],"picked":"bronze:Invalidate","floor":14},{"not_picked":["bronze:GetLatest","bronze:Philosophize"],"picked":"bronze:HardenedForm","floor":15},{"not_picked":["bronze:HyperBeam","bronze:Virus"],"picked":"bronze:SpaghettiCode","floor":16},{"not_picked":["bronze:Constructor","bronze:Shield"],"picked":"bronze:ClassDefault","floor":19},{"not_picked":["bronze:Repulsor","bronze:Deprecate"],"picked":"bronze:Shell","floor":20},{"not_picked":["bronze:ItsAFeature","bronze:Frontload"],"picked":"bronze:Mutator","floor":22},{"not_picked":["bronze:BitShift","bronze:Fortify","bronze:Safeguard"],"picked":"SKIP","floor":25},{"not_picked":["bronze:DelayedSlice","bronze:Safeguard"],"picked":"bronze:Assembly","floor":26},{"not_picked":["bronze:BugBarrage","bronze:Frontload"],"picked":"bronze:FineTuning+1","floor":27},{"not_picked":["bronze:BitShift","bronze:CutThrough","bronze:BugBarrage"],"picked":"SKIP","floor":29},{"not_picked":["bronze:DelayedSlice","bronze:Return","bronze:Repulsor+1"],"picked":"SKIP","floor":30},{"not_picked":["bronze:NullPointer","bronze:Return+1","bronze:Overheat"],"picked":"SKIP","floor":32},{"not_picked":["bronze:ShipIt","bronze:HyperBeam"],"picked":"bronze:Virus","floor":33},{"not_picked":["bronze:Philosophize","bronze:Branch"],"picked":"bronze:Separator","floor":36},{"not_picked":["bronze:Branch+1","bronze:Allocate+1","bronze:OilSpill"],"picked":"SKIP","floor":37},{"not_picked":["bronze:ItsAFeature+1","bronze:Invalidate","bronze:Constructor+1"],"picked":"SKIP","floor":44},{"not_picked":["bronze:ItsAFeature+1","bronze:Invalidate","bronze:Constructor+1"],"picked":"SKIP","floor":44},{"not_picked":["bronze:Overheat","bronze:Separator+1","bronze:Iterate+1"],"picked":"SKIP","floor":46},{"not_picked":["bronze:Backtrace+1","bronze:DarkDash"],"picked":"bronze:Assembly","floor":47},{"not_picked":["expansioncontent:Hexaburn","expansioncontent:Chronoboost"],"picked":"expansioncontent:PrepareCrush","floor":48},{"not_picked":["bronze:Overheat","bronze:WhirlingStrike+1","bronze:Shield+1"],"picked":"SKIP","floor":49}],"player_experience":541172,"relics_obtained":[{"floor":7,"key":"Blue Candle"},{"floor":10,"key":"WingedGreaves"},{"floor":14,"key":"Lantern"},{"floor":24,"key":"Bag of Preparation"},{"floor":25,"key":"Letter Opener"},{"floor":27,"key":"TungstenRod"},{"floor":41,"key":"Omamori"},{"floor":43,"key":"MealTicket"},{"floor":43,"key":"Shuriken"},{"floor":43,"key":"Calipers"},{"floor":47,"key":"Happy Flower"}],"event_choices":[{"cards_removed":["Doubt"],"damage_healed":0,"gold_gain":0,"player_choice":"Took Card","damage_taken":0,"max_hp_gain":0,"max_hp_loss":0,"event_name":"NoteForYourself","floor":3,"gold_loss":0,"cards_obtained":["Defend_P"]}],"is_beta":false,"boss_relics":[{"not_picked":["Pandora\u0027s Box","Calling Bell"],"picked":"Sozu"},{"not_picked":["Black Star","Snecko Eye"],"picked":"Runic Pyramid"}],"items_purged_floors":[46],"is_endless":false,"potions_floor_spawned":[10,11,14,22,32,33,36,44],"ascension_level":0}}