{"host":"08t08ld674si40tv","time":1610863416,"event":{"mods":["AchievementEnabler","BaseMod","Colored Map","Minty Spire (QoL Compilation)","StSLib","SuperFastMode"],"gold_per_floor":[117,167,177,177,192,220,220,253,324,324,334,334,364,375,375,375,375],"floor_reached":16,"language":"KOR","playtime":351,"items_purged":[],"score":240,"play_id":"59a7d251-44f2-4b14-949a-0453ec5baea2","local_time":"20210117150336","is_ascension_mode":true,"campfire_choices":[{"data":"Whirlwind","floor":7.0,"key":"SMITH"},{"data":"Bash","floor":10.0,"key":"SMITH"},{"data":"Second Wind","floor":15.0,"key":"SMITH"}],"circlet_count":0,"master_deck":["AscendersBane","Strike_R","Strike_R","Strike_R","Strike_R","Defend_R","Defend_R+1","Defend_R","Defend_R+1","Bash+1","Whirlwind+1","Second Wind+1","Metallicize","Dropkick","Shockwave"],"relics":["Burning Blood","Oddly Smooth Stone","Oddly Smooth Stone","Bag of Preparation","Gambling Chip","War Paint","Meat on the Bone","Vajra"],"acts_visited":["Exordium"],"potions_floor_usage":[16],"damage_taken":[{"damage":8.0,"enemies":"Small Slimes","floor":1.0,"turns":4.0},{"damage":6.0,"enemies":"Cultist","floor":3.0,"turns":3.0},{"damage":5.0,"enemies":"Jaw Worm","floor":5.0,"turns":4.0},{"damage":35.0,"enemies":"3 Sentries","floor":6.0,"turns":8.0},{"damage":13.0,"enemies":"Lagavulin","floor":8.0,"turns":7.0},{"damage":0.0,"enemies":"Gremlin Gang","floor":11.0,"turns":1.0},{"damage":16.0,"enemies":"Gremlin Nob","floor":13.0,"turns":4.0},{"damage":5.0,"enemies":"Large Slime","floor":14.0,"turns":6.0},{"damage":56,"enemies":"Slime Boss","floor":16,"turns":9}],"seed_played":"6344234966193782851","potions_obtained":[{"floor":4.0,"key":"SteroidPotion"},{"floor":4.0,"key":"DistilledChaos"},{"floor":5.0,"key":"CultistPotion"},{"floor":6.0,"key":"BlessingOfTheForge"},{"floor":11.0,"key":"FearPotion"},{"floor":14.0,"key":"Energy Potion"}],"is_trial":false,"path_per_floor":["M","?","M","?","M","E","R","E","T","R","M","?","E","M","R","B"],"character_chosen":"IRONCLAD","items_purchased":[],"campfire_rested":0,"item_purchase_floors":[],"current_hp_per_floor":[66,66,66,66,67,38,38,31,31,31,49,49,51,52,52,0,0],"gold":375,"neow_bonus":"RANDOM_COMMON_RELIC","is_daily":false,"chose_seed":false,"campfire_upgraded":3,"win_rate":0.0,"timestamp":1610863416,"path_taken":["M","?","?","?","?","E","R","E","T","R","M","?","E","M","R","BOSS"],"items_purchased_type":[],"build_version":"2020-12-22","purchased_purges":0,"victory":false,"max_hp_per_floor":[75,75,75,75,75,75,75,75,75,75,75,75,75,75,75,75,75],"card_choices":[{"not_picked":["True Grit","Havoc"],"picked":"Whirlwind","floor":1.0},{"not_picked":["Searing Blow","Sever Soul","True Grit"],"picked":"SKIP","floor":3.0},{"not_picked":["Second Wind","Dropkick","Dark Embrace"],"picked":"SKIP","floor":5.0},{"not_picked":["Dropkick","Dark Embrace"],"picked":"Second Wind","floor":5.0},{"not_picked":["Wild Strike","Anger","Headbutt"],"picked":"SKIP","floor":6.0},{"not_picked":["Headbutt","True Grit","Heavy Blade"],"picked":"SKIP","floor":8.0},{"not_picked":["Rupture","Exhume"],"picked":"Metallicize","floor":11.0},{"not_picked":["Pummel","Havoc","Dual Wield"],"picked":"SKIP","floor":13.0},{"not_picked":["Intimidate","Iron Wave"],"picked":"Shockwave","floor":14.0}],"player_experience":239262,"relics_obtained":[{"floor":6.0,"key":"Gambling Chip"},{"floor":8.0,"key":"War Paint"},{"floor":9.0,"key":"Meat on the Bone"},{"floor":13.0,"key":"Vajra"}],"event_choices":[{"damage_healed":0.0,"max_hp_gain":0.0,"max_hp_loss":0.0,"gold_gain":50.0,"event_name":"Golden Shrine","player_choice":"Pray","floor":2.0,"gold_loss":0.0,"damage_taken":0.0},{"damage_healed":0.0,"max_hp_gain":0.0,"max_hp_loss":0.0,"gold_gain":0.0,"event_name":"Lab","player_choice":"Got Potions","floor":4.0,"gold_loss":0.0,"damage_taken":0.0},{"damage_healed":0.0,"max_hp_gain":0.0,"max_hp_loss":0.0,"gold_gain":0.0,"cards_transformed":["Strike_R"],"event_name":"Transmorgrifier","player_choice":"Transformed","floor":12.0,"gold_loss":0.0,"damage_taken":0.0,"cards_obtained":["Dropkick"]}],"is_beta":false,"boss_relics":[],"items_purged_floors":[],"is_endless":false,"potions_floor_spawned":[5,6,11,14],"killed_by":"Slime Boss","ascension_level":20}}