{"host":"21h5e52imz35vo8g","time":1610889219,"event":{"mods":["AchievementEnabler","BaseMod","Colored Map","Colored Powertips","Googly Eyes","Minty Spire (QoL Compilation)","Quick Restart","Rare Cards Sparkle","StSLib"],"gold_per_floor":[112,129,54,54,1,1,1,14,14,114,132,152,165,65,65,65,65],"floor_reached":16,"language":"ZHS","playtime":651,"items_purged":["Defend_G","Strike_G"],"score":120,"play_id":"f955353e-30a9-41bd-b0f0-232ee70b15d5","local_time":"20210117211339","is_ascension_mode":true,"campfire_choices":[{"data":"Backflip","floor":6,"key":"SMITH"},{"data":"Acrobatics","floor":15,"key":"SMITH"}],"circlet_count":0,"master_deck":["Strike_G","Strike_G","Strike_G","Strike_G","Defend_G","Defend_G","Defend_G","Defend_G","Survivor","Neutralize","Acrobatics+1","Backflip+1","Dodge and Roll","Flying Knee","Backflip"],"relics":["Ring of the Snake","Tingsha","Gremlin Horn","InkBottle"],"acts_visited":["Exordium"],"potions_floor_usage":[],"damage_taken":[{"damage":0,"enemies":"Small Slimes","floor":1,"turns":4},{"damage":4,"enemies":"2 Louse","floor":2,"turns":3},{"damage":0,"enemies":"Cultist","floor":8,"turns":4},{"damage":13,"enemies":"3 Louse","floor":11,"turns":4},{"damage":0,"enemies":"2 Fungi Beasts","floor":12,"turns":3},{"damage":4,"enemies":"Blue Slaver","floor":13,"turns":4},{"damage":35,"enemies":"Slime Boss","floor":16,"turns":8}],"seed_played":"-7756198220516613021","potions_obtained":[{"floor":11,"key":"FairyPotion"}],"is_trial":false,"path_per_floor":["M","M","$","?","$","R","?","M","T","?","M","M","M","$","R","B"],"character_chosen":"THE_SILENT","items_purchased":["Backflip"],"campfire_rested":0,"item_purchase_floors":[5],"current_hp_per_floor":[63,59,59,59,59,59,59,59,59,59,46,46,42,42,42,7,7],"gold":65,"neow_bonus":"ONE_RARE_RELIC","is_daily":false,"chose_seed":false,"campfire_upgraded":2,"win_rate":0.0,"timestamp":1610889219,"path_taken":["M","M","$","?","$","R","?","M","T","?","?","M","M","$","R","BOSS"],"items_purchased_type":["Card"],"build_version":"2020-12-22","purchased_purges":2,"victory":false,"max_hp_per_floor":[63,63,63,63,63,63,63,63,63,63,63,63,63,63,63,63,63],"card_choices":[{"not_picked":["PiercingWail","Poisoned Stab"],"picked":"Acrobatics","floor":1},{"not_picked":["Poisoned Stab","Bane","Outmaneuver"],"picked":"SKIP","floor":2},{"not_picked":["Infinite Blades","Predator","Slice"],"picked":"SKIP","floor":8},{"not_picked":["Deflect","Dagger Spray"],"picked":"Dodge and Roll","floor":11},{"not_picked":["A Thousand Cuts","Flechettes"],"picked":"Flying Knee","floor":12},{"not_picked":["Poisoned Stab","Dagger Spray"],"picked":"Backflip","floor":13}],"player_experience":331501,"relics_obtained":[{"floor":9,"key":"InkBottle"}],"event_choices":[{"damage_healed":0,"gold_gain":0,"player_choice":"Box","damage_taken":0,"relics_obtained":["Gremlin Horn"],"max_hp_gain":0,"max_hp_loss":0,"event_name":"Big Fish","floor":4,"gold_loss":0,"cards_obtained":["Regret"]},{"cards_removed":["Regret"],"damage_healed":0,"gold_gain":0,"player_choice":"Forget","damage_taken":0,"max_hp_gain":0,"max_hp_loss":0,"event_name":"Living Wall","floor":7,"gold_loss":0},{"damage_healed":0,"gold_gain":100,"player_choice":"Gold","damage_taken":0,"max_hp_gain":0,"max_hp_loss":0,"event_name":"Wheel of Change","floor":10,"gold_loss":0}],"is_beta":false,"boss_relics":[],"items_purged_floors":[3,14],"is_endless":false,"potions_floor_spawned":[11],"killed_by":"Slime Boss","ascension_level":6}}