{"host":"krqozg1tp0zpuvz3","time":1610884434,"event":{"mods":["AchievementEnabler","BaseMod","Better Match","Better Note","Better Sensory Stone","Better Third Choice","BetterRewards","Colored Map","DeckTracker","Keyboard Shortcuts","Minty Spire (QoL Compilation)","Permanent Neow","Relic Stats","Shop Mod","StSLib","SuperFastMode"],"gold_per_floor":[125,57,81,103,114,114,134,134,161,161,174,174,174,196,196,300,350,371,387,387,405,339,339,364,364,364,364,364,289,333,351,351,459,459,473,523,543,443,456,7,27,27,51,51,51,61,72,95,95,95],"floor_reached":51,"language":"KOR","playtime":2580,"items_purged":["Strike_P","Defend_P","Defend_P"],"score":1117,"play_id":"cc11d02d-5ed2-4b6c-bc84-b9e07531ac66","local_time":"20210117205354","is_ascension_mode":true,"campfire_choices":[{"floor":6.0,"key":"REST"},{"data":"Eruption","floor":10.0,"key":"SMITH"},{"data":"Adaptation","floor":13.0,"key":"SMITH"},{"floor":15.0,"key":"REST"},{"data":"Adaptation","floor":23.0,"key":"SMITH"},{"data":"Scrawl","floor":25.0,"key":"SMITH"},{"data":"InnerPeace","floor":28.0,"key":"SMITH"},{"data":"ClearTheMind","floor":32.0,"key":"SMITH"},{"floor":42,"key":"REST"},{"data":"Crescendo","floor":45,"key":"SMITH"},{"floor":49,"key":"REST"}],"circlet_count":0,"master_deck":["AscendersBane","Strike_P","Defend_P","Eruption+1","Vigilance","Adaptation+1","ClearTheMind+1","Adaptation+1","FlurryOfBlows","InnerPeace+1","WheelKick","Crescendo+1","Scrawl+1","Halt+1","DevaForm","Collect","FearNoEvil+1","Crescendo+1","Indignation+1","Judgement","Tantrum+1"],"relics":["PureWater","CeramicFish","Gambling Chip","TeardropLocket","Ancient Tea Set","Tiny House","Blue Candle","Pen Nib","Busted Crown","MerchantsRug","Incense Burner","MealTicket"],"acts_visited":["Exordium","TheCity","TheBeyond"],"potions_floor_usage":[39,50,50,50],"damage_taken":[{"damage":16.0,"enemies":"Small Slimes","floor":1.0,"turns":4.0},{"damage":2.0,"enemies":"Jaw Worm","floor":3.0,"turns":5.0},{"damage":0.0,"enemies":"Cultist","floor":4.0,"turns":3.0},{"damage":11.0,"enemies":"3 Louse","floor":5.0,"turns":2.0},{"damage":4.0,"enemies":"2 Fungi Beasts","floor":7.0,"turns":3.0},{"damage":0.0,"enemies":"Lots of Slimes","floor":11.0,"turns":4.0},{"damage":1.0,"enemies":"Looter","floor":14.0,"turns":2.0},{"damage":0.0,"enemies":"Slime Boss","floor":16.0,"turns":5.0},{"damage":0.0,"enemies":"3 Byrds","floor":18.0,"turns":3.0},{"damage":0.0,"enemies":"2 Thieves","floor":19.0,"turns":3.0},{"damage":0.0,"enemies":"Snake Plant","floor":24.0,"turns":3.0},{"damage":0.0,"enemies":"Gremlin Leader","floor":30.0,"turns":2.0},{"damage":0.0,"enemies":"Cultist and Chosen","floor":31.0,"turns":2.0},{"damage":12.0,"enemies":"Automaton","floor":33.0,"turns":5.0},{"damage":1,"enemies":"3 Darklings","floor":35,"turns":1},{"damage":3,"enemies":"Mind Bloom Boss Battle","floor":36,"turns":4},{"damage":0,"enemies":"Orb Walker","floor":37,"turns":2},{"damage":1,"enemies":"Spire Growth","floor":39,"turns":2},{"damage":28,"enemies":"Writhing Mass","floor":41,"turns":4},{"damage":1,"enemies":"4 Shapes","floor":46,"turns":2},{"damage":1,"enemies":"Spire Growth","floor":47,"turns":2},{"damage":1,"enemies":"Jaw Worm Horde","floor":48,"turns":1},{"damage":34,"enemies":"Donu and Deca","floor":50,"turns":3}],"seed_played":"-4051035985998726533","potions_obtained":[{"floor":3.0,"key":"AttackPotion"},{"floor":7.0,"key":"CultistPotion"},{"floor":16.0,"key":"Fruit Juice"},{"floor":17.0,"key":"EntropicBrew"},{"floor":18.0,"key":"StancePotion"},{"floor":24.0,"key":"Fire Potion"},{"floor":36,"key":"FairyPotion"},{"floor":37,"key":"Fire Potion"},{"floor":39,"key":"EntropicBrew"}],"is_trial":false,"path_per_floor":["M","$","M","M","M","R","M","?","T","R","M","?","R","M","R","B",null,"M","M","?","?","?","R","M","R","T","?","R","?","E","M","R","B",null,"M","?","M","$","M","$","M","R","T","?","R","M","M","M","R","B",null],"character_chosen":"WATCHER","items_purchased":["CeramicFish","Adaptation","TeardropLocket","Strange Spoon","Adaptation","MerchantsRug","Incense Burner"],"campfire_rested":4,"item_purchase_floors":[0,0,0,0,2,40,40],"current_hp_per_floor":[17,17,15,15,4,25,21,45,45,45,45,45,45,44,65,65,80,80,80,64,64,64,64,64,64,64,64,64,64,64,64,64,52,78,77,74,74,74,73,73,45,71,71,71,71,70,69,68,84,50],"gold":95,"neow_bonus":"","is_daily":false,"chose_seed":false,"campfire_upgraded":7,"win_rate":0.0,"timestamp":1610884434,"path_taken":["M","$","M","M","M","R","M","?","T","R","M","?","R","?","R","BOSS","M","M","?","?","?","R","M","R","T","?","R","?","E","M","R","BOSS","M","?","M","$","M","$","M","R","T","?","R","M","M","?","R","BOSS"],"items_purchased_type":["Relic","Card","Relic","Relic","Card","Relic","Relic"],"build_version":"2020-12-22","purchased_purges":3,"victory":true,"max_hp_per_floor":[72,72,72,72,72,72,72,72,72,72,72,72,72,72,72,72,82,82,82,87,87,87,87,87,87,87,87,87,87,87,87,87,87,87,87,87,87,87,87,87,87,87,87,84,84,84,84,84,84,84],"relic_stats":{"Busted Crown":16,"counters":[23,67],"CeramicFish":153,"Gambling Chip":[50],"Blue Candle":[10],"MealTicket":0,"Pen Nib":[17],"obtain_stats":[{"MerchantsRug":40,"Tiny House":17,"CeramicFish":0,"Blue Candle":26,"Dead Branch":36,"Pen Nib":30,"Incense Burner":40,"TeardropLocket":0,"Ancient Tea Set":9,"Strange Spoon":0,"Busted Crown":34,"Gambling Chip":0,"MealTicket":43,"PureWater":0},{"MerchantsRug":18,"Tiny House":8,"CeramicFish":0,"Blue Candle":11,"Dead Branch":16,"Pen Nib":12,"Incense Burner":18,"TeardropLocket":0,"Ancient Tea Set":5,"Strange Spoon":0,"Busted Crown":14,"Gambling Chip":0,"MealTicket":19,"PureWater":0},{"MerchantsRug":55,"Tiny House":28,"CeramicFish":0,"Blue Candle":37,"Dead Branch":51,"Pen Nib":39,"Incense Burner":55,"TeardropLocket":0,"Ancient Tea Set":17,"Strange Spoon":0,"Busted Crown":46,"Gambling Chip":0,"MealTicket":59,"PureWater":0}]},"card_choices":[{"not_picked":["SandsOfTime","Consecrate"],"picked":"ClearTheMind","floor":1.0},{"not_picked":["WaveOfTheHand","Vengeance"],"picked":"FlurryOfBlows","floor":3.0},{"not_picked":["PathToVictory","FlyingSleeves"],"picked":"InnerPeace","floor":4.0},{"not_picked":["Protect","ThirdEye","Nirvana"],"picked":"SKIP","floor":5.0},{"not_picked":["FlyingSleeves","Crescendo"],"picked":"WheelKick","floor":7.0},{"not_picked":["BowlingBash","EmptyBody","Evaluate"],"picked":"SKIP","floor":11.0},{"not_picked":["Indignation","FlurryOfBlows"],"picked":"Crescendo","floor":14.0},{"not_picked":["ConjureBlade","Vault"],"picked":"Scrawl","floor":16.0},{"not_picked":["Weave","Fasting2"],"picked":"Halt+1","floor":18.0},{"not_picked":["Crescendo","FlyingSleeves+1","SashWhip"],"picked":"SKIP","floor":19.0},{"not_picked":["Fasting2+1","ForeignInfluence+1"],"picked":"FearNoEvil+1","floor":22.0},{"not_picked":["Evaluate","BowlingBash"],"picked":"Crescendo+1","floor":24.0},{"not_picked":["Prostrate+1","FollowUp+1"],"picked":"Indignation+1","floor":30.0},{"not_picked":["WindmillStrike","Omniscience","FollowUp"],"picked":"SKIP","floor":31.0},{"not_picked":["Blasphemy","Scrawl"],"picked":"Judgement","floor":33.0},{"not_picked":["ThirdEye"],"picked":"SKIP","floor":35},{"not_picked":["Crescendo+1"],"picked":"SKIP","floor":37},{"not_picked":["Prostrate+1"],"picked":"SKIP","floor":39},{"not_picked":["Crescendo+1"],"picked":"SKIP","floor":41},{"not_picked":["Indignation+1"],"picked":"SKIP","floor":46},{"not_picked":["Evaluate"],"picked":"SKIP","floor":47},{"not_picked":[],"picked":"Tantrum+1","floor":48}],"player_experience":330442,"relics_obtained":[{"floor":9.0,"key":"Ancient Tea Set"},{"floor":26.0,"key":"Blue Candle"},{"floor":30.0,"key":"Pen Nib"},{"floor":36,"key":"Dead Branch"},{"floor":43,"key":"MealTicket"}],"event_choices":[{"damage_healed":24.0,"max_hp_gain":0.0,"max_hp_loss":0.0,"gold_gain":0.0,"event_name":"Big Fish","player_choice":"Banana","floor":8.0,"gold_loss":0.0,"damage_taken":0.0},{"damage_healed":0.0,"max_hp_gain":0.0,"max_hp_loss":0.0,"gold_gain":0.0,"event_name":"Dead Adventurer","player_choice":"Searched \u00271\u0027 times","floor":12.0,"gold_loss":0.0,"damage_taken":0.0},{"damage_healed":0.0,"max_hp_gain":5.0,"max_hp_loss":0.0,"gold_gain":0.0,"event_name":"Forgotten Altar","player_choice":"Shed Blood","floor":20.0,"gold_loss":0.0,"damage_taken":21.0},{"damage_healed":0.0,"max_hp_gain":0.0,"max_hp_loss":0.0,"gold_gain":0.0,"cards_transformed":["Strike_P","Strike_P"],"event_name":"Drug Dealer","player_choice":"Became Test Subject","floor":21.0,"gold_loss":0.0,"damage_taken":0.0,"cards_obtained":["DevaForm","Collect"]},{"damage_healed":0.0,"max_hp_gain":0.0,"max_hp_loss":0.0,"gold_gain":0.0,"event_name":"betterMatch:BetterMatch","player_choice":"2","floor":22.0,"gold_loss":0.0,"damage_taken":0.0,"cards_obtained":["betterMatch:UncommonCard"]},{"damage_healed":0.0,"max_hp_gain":0.0,"max_hp_loss":0.0,"gold_gain":0.0,"event_name":"Cursed Tome","player_choice":"Ignored","floor":27.0,"gold_loss":0.0,"damage_taken":0.0},{"cards_removed":["Defend_P"],"damage_healed":0.0,"max_hp_gain":0.0,"max_hp_loss":0.0,"gold_gain":0.0,"event_name":"Beggar","player_choice":"Gave Gold","floor":29.0,"gold_loss":75.0,"damage_taken":0.0},{"damage_healed":0,"gold_gain":0,"player_choice":"Fight","damage_taken":0,"max_hp_gain":0,"max_hp_loss":0,"event_name":"MindBloom","floor":36,"gold_loss":0},{"cards_removed":["Parasite"],"damage_healed":0,"gold_gain":0,"player_choice":"Removed Curses","damage_taken":0,"max_hp_gain":0,"max_hp_loss":0,"event_name":"Fountain of Cleansing","floor":44,"gold_loss":0}],"is_beta":false,"boss_relics":[{"not_picked":["Fusion Hammer","Velvet Choker"],"picked":"Tiny House"},{"not_picked":["HolyWater","Astrolabe"],"picked":"Busted Crown"}],"items_purged_floors":[0,38,40],"is_endless":false,"potions_floor_spawned":[3,7,16,18,24,30,36,37,39,41,47],"ascension_level":10}}