{"host":"xobdcpbm4ckypiai","time":1610870529,"event":{"mods":["BaseMod","Minty Spire (QoL Compilation)","StSLib","The Bug Knight"],"gold_per_floor":[118,118,118,43,56,56,90,60,60,87,87,97,109,119,119,216,216,234,234,38,63,81,81,81,58,81,116,116,130,130,156,156,257,257,276,276,326,326,114,114,72,72,72,98,125,4,23,43,43,43],"floor_reached":51,"language":"ZHS","playtime":2967,"items_purged":["HollowMod:NailStrikeStart","HollowMod:NailStrikeStart","HollowMod:QuickDashStart"],"score":717,"play_id":"ad58eb26-1787-473c-9aa5-7f1582113253","local_time":"20210117160209","is_ascension_mode":false,"campfire_choices":[{"data":"HollowMod:FocusHealStart","floor":6.0,"key":"SMITH"},{"data":"HollowMod:CycloneSlash","floor":11.0,"key":"SMITH"},{"data":"HollowMod:VengefulSpirit","floor":15.0,"key":"SMITH"},{"data":"HollowMod:PogoStrike","floor":28.0,"key":"SMITH"},{"data":"HollowMod:DungDefenderAura","floor":30.0,"key":"SMITH"},{"data":"HollowMod:Weaversong","floor":32.0,"key":"SMITH"},{"data":"HollowMod:QuickDashStart","floor":40.0,"key":"SMITH"},{"data":"Discovery","floor":42,"key":"SMITH"},{"data":"HollowMod:ElderbugsWisdom","floor":49,"key":"SMITH"}],"circlet_count":0,"master_deck":["HollowMod:NailStrikeStart","HollowMod:NailStrikeStart","HollowMod:QuickDashStart+1","HollowMod:FocusHealStart+1","HollowMod:PogoStrike+1","HollowMod:VengefulSpirit+1","HollowMod:CycloneSlash+1","HollowMod:SlysStrikes+1","HollowMod:ChannelNail+1","Discovery+1","HollowMod:HeavyBlow+1","HollowMod:DungDefenderAura+1","HollowMod:Weaversong+1","Discovery+1","HollowMod:ElderbugsWisdom+1","HollowMod:HeavyBlow+1"],"relics":["HollowMod:VesselMask","NeowsBlessing","Oddly Smooth Stone","Bird Faced Urn","HollowMod:StagPassRelic","Velvet Choker","HollowMod:MillibellesNoteRelic","MutagenicStrength","Dream Catcher","Ornamental Fan","Kunai","Coffee Dripper","Calipers","Membership Card","The Courier","Blood Vial","Regal Pillow","Dead Branch"],"acts_visited":["Exordium","TheCity","TheBeyond"],"potions_floor_usage":[44,50],"damage_taken":[{"damage":0.0,"enemies":"Jaw Worm","floor":1.0,"turns":1.0},{"damage":0.0,"enemies":"2 Louse","floor":5.0,"turns":1.0},{"damage":0.0,"enemies":"HollowMod:MossKnight","floor":7.0,"turns":1.0},{"damage":14.0,"enemies":"Gremlin Nob","floor":10.0,"turns":3.0},{"damage":0.0,"enemies":"Cultist","floor":12.0,"turns":3.0},{"damage":8.0,"enemies":"Looter","floor":13.0,"turns":3.0},{"damage":3.0,"enemies":"Lots of Slimes","floor":14.0,"turns":2.0},{"damage":57.0,"enemies":"HollowMod:FalseKnight","floor":16.0,"turns":7.0},{"damage":12.0,"enemies":"Spheric Guardian","floor":18.0,"turns":4.0},{"damage":0.0,"enemies":"3 Byrds","floor":22.0,"turns":3.0},{"damage":15.0,"enemies":"HollowMod:Nosk","floor":27.0,"turns":7.0},{"damage":4.0,"enemies":"Centurion and Healer","floor":29.0,"turns":4.0},{"damage":13.0,"enemies":"Gremlin Leader","floor":31.0,"turns":5.0},{"damage":40.0,"enemies":"Champ","floor":33.0,"turns":10.0},{"damage":1.0,"enemies":"3 Shapes","floor":35.0,"turns":4.0},{"damage":2.0,"enemies":"Mind Bloom Boss Battle","floor":37.0,"turns":7.0},{"damage":22,"enemies":"Nemesis","floor":44,"turns":7},{"damage":30,"enemies":"3 Darklings","floor":47,"turns":4},{"damage":6,"enemies":"Writhing Mass","floor":48,"turns":5},{"damage":46,"enemies":"Awakened One","floor":50,"turns":15}],"seed_played":"5976308722359751463","potions_obtained":[{"floor":7.0,"key":"Fire Potion"},{"floor":8.0,"key":"CultistPotion"},{"floor":8.0,"key":"SneckoOil"},{"floor":10.0,"key":"BlessingOfTheForge"},{"floor":13.0,"key":"ColorlessPotion"},{"floor":16.0,"key":"Energy Potion"},{"floor":18.0,"key":"DuplicationPotion"},{"floor":22.0,"key":"Strength Potion"},{"floor":33.0,"key":"Regen Potion"},{"floor":44,"key":"GamblersBrew"}],"is_trial":false,"path_per_floor":["M","?","?","$","M","R","E","?","T","E","R","M","M","M","R","B",null,"M","?","$","T","M","?","?","$","T","E","R","M","R","E","R","B",null,"M","?","?","?","$","R","$","R","T","E","T","$","M","M","R","B",null],"character_chosen":"THE_BUGKNIGHT","items_purchased":["Discovery","HollowMod:HeavyBlow","Membership Card","Discovery","Dead Branch"],"campfire_rested":0,"item_purchase_floors":[20,25,39,41,46],"current_hp_per_floor":[75,75,75,75,75,75,75,75,75,67,67,73,71,74,74,17,75,69,69,69,69,75,75,75,75,75,72,72,75,75,62,62,41,75,74,74,73,73,73,73,73,73,73,75,75,75,51,61,61,43],"gold":43,"neow_bonus":"THREE_ENEMY_KILL","is_daily":false,"chose_seed":false,"campfire_upgraded":9,"win_rate":0.0,"timestamp":1610870529,"path_taken":["M","?","?","$","?","R","E","?","T","E","R","M","M","?","R","BOSS","M","?","$","?","M","?","?","$","T","E","R","M","R","E","R","BOSS","M","?","?","?","$","R","?","R","T","E","?","$","M","M","R","BOSS"],"items_purchased_type":["Card","Card","Relic","Card","Relic"],"build_version":"2020-12-22","purchased_purges":3,"victory":true,"max_hp_per_floor":[75,75,75,75,75,75,75,75,75,75,75,75,75,75,75,75,75,75,75,75,75,75,75,75,75,75,75,75,75,75,75,75,75,75,75,75,75,75,75,75,75,75,75,75,75,75,75,75,75,75],"card_choices":[{"not_picked":["HollowMod:SoulStrike","HollowMod:Grubsong","HollowMod:ChannelNail"],"picked":"SKIP","floor":1.0},{"not_picked":["HollowMod:ShadowDash","HollowMod:MawleksShell"],"picked":"HollowMod:VengefulSpirit","floor":5.0},{"not_picked":["HollowMod:DreamGate","HollowMod:LifebloodCocoon"],"picked":"HollowMod:CycloneSlash","floor":7.0},{"not_picked":["HollowMod:InfectedAttack","HollowMod:MothsMistake","HollowMod:SiblingsSouls"],"picked":"SKIP","floor":10.0},{"not_picked":["HollowMod:VengefulSpirit","HollowMod:CycloneSlash","HollowMod:SiblingsSouls"],"picked":"SKIP","floor":12.0},{"not_picked":["HollowMod:InfectedAttack","HollowMod:LifebloodCocoon","HollowMod:DashSlash"],"picked":"SKIP","floor":13.0},{"not_picked":["HollowMod:CycloneSlash","HollowMod:GreatSlash","HollowMod:SharpenedShadows"],"picked":"SKIP","floor":14.0},{"not_picked":["HollowMod:ElderbugsWisdom","HollowMod:SoulMaster"],"picked":"HollowMod:SlysStrikes","floor":16.0},{"not_picked":["HollowMod:CrystalDash","HollowMod:SiblingsSouls"],"picked":"HollowMod:ChannelNail+1","floor":18.0},{"not_picked":["HollowMod:SoulStrike","HollowMod:HowlingWraiths","HollowMod:MothsMistake"],"picked":"SKIP","floor":22.0},{"not_picked":["HollowMod:ShadowDash","HollowMod:InfectedAttack+1","HollowMod:VengefulVoid+1"],"picked":"SKIP","floor":27.0},{"not_picked":["HollowMod:CloakDash","HollowMod:InfectionAssault+1"],"picked":"HollowMod:DungDefenderAura","floor":29.0},{"not_picked":["HollowMod:CloakDash","HollowMod:DoubleDash"],"picked":"HollowMod:Weaversong","floor":31.0},{"not_picked":["HollowMod:BlackTendrils+1","HollowMod:FallenFury+1","HollowMod:VengefulVoid+1"],"picked":"SKIP","floor":35.0},{"not_picked":["HollowMod:SharpenedNail","HollowMod:RecoilStrike+1"],"picked":"HollowMod:ElderbugsWisdom","floor":44},{"not_picked":["HollowMod:SiblingsSouls","HollowMod:CornifersMapStart"],"picked":"HollowMod:HeavyBlow+1","floor":47},{"not_picked":["HollowMod:HeavyBlow","HollowMod:HowlingWraiths","HollowMod:NewJinnsSoul"],"picked":"SKIP","floor":48}],"player_experience":52386,"relics_obtained":[{"floor":7.0,"key":"Oddly Smooth Stone"},{"floor":9.0,"key":"Bird Faced Urn"},{"floor":10.0,"key":"HollowMod:StagPassRelic"},{"floor":21.0,"key":"HollowMod:MillibellesNoteRelic"},{"floor":26.0,"key":"Dream Catcher"},{"floor":27.0,"key":"Ornamental Fan"},{"floor":31.0,"key":"Kunai"},{"floor":37.0,"key":"Calipers"},{"floor":43,"key":"The Courier"},{"floor":44,"key":"Blood Vial"},{"floor":45,"key":"Regal Pillow"}],"event_choices":[{"damage_healed":0.0,"max_hp_gain":0.0,"max_hp_loss":0.0,"gold_gain":0.0,"event_name":"NoteForYourself","player_choice":"Ignored","floor":3.0,"gold_loss":0.0,"damage_taken":0.0},{"damage_healed":0.0,"max_hp_gain":0.0,"max_hp_loss":0.0,"gold_gain":0.0,"event_name":"The Woman in Blue","player_choice":"Bought 2 Potions","floor":8.0,"gold_loss":0.0,"damage_taken":0.0},{"damage_healed":0.0,"max_hp_gain":0.0,"max_hp_loss":0.0,"gold_gain":0.0,"event_name":"Accursed Blacksmith","player_choice":"Forge","floor":19.0,"gold_loss":0.0,"damage_taken":0.0,"cards_upgraded":["HollowMod:SlysStrikes"]},{"damage_healed":0.0,"max_hp_gain":0.0,"max_hp_loss":0.0,"gold_gain":0.0,"event_name":"Drug Dealer","player_choice":"Inject Mutagens","floor":23.0,"gold_loss":0.0,"damage_taken":0.0,"relics_obtained":["MutagenicStrength"]},{"damage_healed":0.0,"max_hp_gain":0.0,"max_hp_loss":0.0,"gold_gain":0.0,"event_name":"Ghosts","player_choice":"Ignored","floor":24.0,"gold_loss":0.0,"damage_taken":0.0},{"damage_healed":0.0,"max_hp_gain":0.0,"max_hp_loss":0.0,"gold_gain":0.0,"event_name":"Tomb of Lord Red Mask","player_choice":"Ignored","floor":36.0,"gold_loss":0.0,"damage_taken":0.0},{"damage_healed":0.0,"max_hp_gain":0.0,"max_hp_loss":0.0,"gold_gain":0.0,"event_name":"MindBloom","player_choice":"Fight","floor":37.0,"gold_loss":0.0,"damage_taken":0.0},{"cards_removed":["HollowMod:QuickDashStart"],"damage_healed":0.0,"max_hp_gain":0.0,"max_hp_loss":0.0,"gold_gain":0.0,"event_name":"Falling","player_choice":"Removed Skill","floor":38.0,"gold_loss":0.0,"damage_taken":0.0}],"is_beta":false,"boss_relics":[{"not_picked":["Runic Pyramid","Ectoplasm"],"picked":"Velvet Choker"},{"not_picked":["Calling Bell","Sozu"],"picked":"Coffee Dripper"}],"items_purged_floors":[4,20,39],"is_endless":false,"potions_floor_spawned":[7,10,13,16,18,22,33,37,44],"ascension_level":0}}