{"host":"k8gerrcpv9xe1nxe","time":1610895095,"event":{"mods":["2.2 Compatiblity","AchievementEnabler","BaseMod","Bestiary","Minty Spire (QoL Compilation)","Relic Stats","StSLib"],"gold_per_floor":[99,99,99,99,99,99,99,99,99,99,99,99,99,99,99,99,99,99,99,24,24,24,24,24,24,24,24,24,24,24,24,24,24,24,24,24,24,24,24,24,24,24,24,24,24,24,24,24,24,24,24,24,24,24,24,24],"floor_reached":55,"language":"ENG","playtime":2194,"items_purged":[],"score":1189,"play_id":"f5a26180-940a-43d8-8738-c53eb770544c","local_time":"20210117095135","is_ascension_mode":true,"campfire_choices":[{"data":"Whirlwind","floor":10,"key":"SMITH"},{"data":"Spot Weakness","floor":12,"key":"SMITH"},{"data":"Heavy Blade","floor":15,"key":"SMITH"},{"data":"Flame Barrier","floor":24,"key":"SMITH"},{"data":"1","floor":32,"key":"LIFT"},{"data":"2","floor":41,"key":"LIFT"},{"floor":49,"key":"RECALL"},{"data":"3","floor":52,"key":"LIFT"}],"circlet_count":0,"master_deck":["Bash","Battle Trance","Spot Weakness+1","Heavy Blade+1","Whirlwind+1","Clothesline","Flame Barrier+1","Offering+1","Shrug It Off","Rage","Double Tap","Flame Barrier","Sword Boomerang+1","Armaments+1","Fiend Fire","Dark Embrace","Immolate","Wild Strike","Impervious","Dropkick+1","Corruption","Burning Pact+1","Burning Pact+1","Ghostly Armor+1"],"relics":["Ectoplasm","Potion Belt","PreservedInsect","Smiling Mask","Runic Pyramid","Toy Ornithopter","War Paint","White Beast Statue","MealTicket","Red Mask","Girya","The Courier","Pandora\u0027s Box","Toxic Egg 2","Champion Belt","FossilizedHelix","Thread and Needle","Meat on the Bone","MawBank","Happy Flower"],"acts_visited":["Exordium","TheCity","TheBeyond","TheEnding"],"potions_floor_usage":[27,28,29,31,33,33,40,40,40,42,50,50,54,54,54,55,55,55],"damage_taken":[{"damage":5,"enemies":"2 Louse","floor":1,"turns":3},{"damage":3,"enemies":"Small Slimes","floor":2,"turns":3},{"damage":2,"enemies":"Jaw Worm","floor":3,"turns":3},{"damage":6,"enemies":"Blue Slaver","floor":5,"turns":3},{"damage":20,"enemies":"Lagavulin","floor":6,"turns":6},{"damage":10,"enemies":"Large Slime","floor":7,"turns":4},{"damage":0,"enemies":"2 Fungi Beasts","floor":11,"turns":2},{"damage":1,"enemies":"3 Louse","floor":13,"turns":2},{"damage":5,"enemies":"3 Sentries","floor":14,"turns":2},{"damage":18,"enemies":"The Guardian","floor":16,"turns":8},{"damage":0,"enemies":"Chosen","floor":18,"turns":4},{"damage":10,"enemies":"Shell Parasite","floor":19,"turns":5},{"damage":22,"enemies":"Gremlin Leader","floor":23,"turns":4},{"damage":6,"enemies":"Book of Stabbing","floor":27,"turns":3},{"damage":2,"enemies":"Masked Bandits","floor":28,"turns":3},{"damage":6,"enemies":"Shelled Parasite and Fungi","floor":29,"turns":5},{"damage":0,"enemies":"Colosseum Slavers","floor":30,"turns":2},{"damage":0,"enemies":"Colosseum Nobs","floor":30,"turns":2},{"damage":6,"enemies":"Chosen and Byrds","floor":31,"turns":4},{"damage":20,"enemies":"Automaton","floor":33,"turns":8},{"damage":23,"enemies":"3 Shapes","floor":35,"turns":2},{"damage":0,"enemies":"Mind Bloom Boss Battle","floor":39,"turns":3},{"damage":26,"enemies":"Nemesis","floor":40,"turns":5},{"damage":0,"enemies":"Giant Head","floor":42,"turns":5},{"damage":0,"enemies":"Nemesis","floor":44,"turns":3},{"damage":0,"enemies":"Giant Head","floor":46,"turns":4},{"damage":0,"enemies":"Orb Walker","floor":47,"turns":3},{"damage":89,"enemies":"Donu and Deca","floor":50,"turns":9},{"damage":32,"enemies":"Shield and Spear","floor":54,"turns":6},{"damage":79,"enemies":"The Heart","floor":55,"turns":3}],"seed_played":"-4756470257638451711","potions_obtained":[{"floor":3,"key":"Strength Potion"},{"floor":5,"key":"Swift Potion"},{"floor":11,"key":"SpeedPotion"},{"floor":16,"key":"Block Potion"},{"floor":18,"key":"GamblersBrew"},{"floor":27,"key":"SkillPotion"},{"floor":28,"key":"EssenceOfSteel"},{"floor":29,"key":"BloodPotion"},{"floor":31,"key":"Block Potion"},{"floor":33,"key":"EntropicBrew"},{"floor":35,"key":"SneckoOil"},{"floor":39,"key":"EssenceOfSteel"},{"floor":40,"key":"EssenceOfSteel"},{"floor":42,"key":"BloodPotion"},{"floor":44,"key":"Weak Potion"},{"floor":46,"key":"AttackPotion"},{"floor":54,"key":"Explosive Potion"}],"is_trial":false,"path_per_floor":["M","M","M","?","M","E","M","?","T","R","M","R","M","E","R","B",null,"M","M","?","?","?","E","R","$","T","E","?","M","?","M","R","B",null,"M","?","T","$","?","E","R","E","T","E","$","E","M","?","R","B",null,"R","$","E","B"],"character_chosen":"IRONCLAD","items_purchased":[],"campfire_rested":0,"item_purchase_floors":[],"current_hp_per_floor":[67,64,62,55,49,29,19,45,45,45,45,45,44,39,39,21,65,65,55,55,55,55,33,33,33,33,32,35,34,34,49,49,39,70,47,47,47,62,62,51,51,56,56,56,71,71,71,71,71,20,65,65,80,48,0,0],"gold":24,"neow_bonus":"BOSS_RELIC","is_daily":false,"chose_seed":false,"campfire_upgraded":4,"win_rate":0.0,"timestamp":1610895095,"path_taken":["M","M","M","?","M","E","M","?","T","R","M","R","M","E","R","BOSS","M","M","?","?","?","E","R","?","T","E","?","M","?","M","R","BOSS","M","?","?","$","?","E","R","E","T","E","$","E","M","?","R","BOSS","R","$","E","BOSS"],"items_purchased_type":[],"build_version":"2020-12-22","purchased_purges":0,"victory":false,"max_hp_per_floor":[80,80,80,80,80,80,80,80,80,80,80,80,80,80,80,80,80,80,80,80,80,80,80,80,80,80,80,80,80,80,80,80,80,80,80,80,80,80,80,80,80,80,80,80,80,80,80,80,80,80,80,80,80,80,80,80],"relic_stats":{"Happy Flower":[1],"counters":[30,119],"PreservedInsect":564,"War Paint":["Defend_R","Offering"],"Smiling Mask":0,"MawBank":0,"MealTicket":45,"Pandora\u0027s Box":["Dark Embrace","Immolate","Wild Strike","Impervious","Fire Breathing"],"Ectoplasm":966,"Champion Belt":[8],"obtain_stats":[{"Potion Belt":6,"Girya":30,"Happy Flower":54,"Thread and Needle":42,"PreservedInsect":9,"The Courier":30,"War Paint":23,"Smiling Mask":14,"MawBank":46,"Burning Blood":0,"White Beast Statue":26,"MealTicket":27,"Pandora\u0027s Box":34,"Ectoplasm":0,"Red Mask":28,"Champion Belt":39,"Toxic Egg 2":37,"Toy Ornithopter":22,"FossilizedHelix":40,"Runic Pyramid":17,"Meat on the Bone":44},{"Potion Belt":5,"Girya":18,"Happy Flower":29,"Thread and Needle":24,"PreservedInsect":6,"The Courier":18,"War Paint":13,"Smiling Mask":9,"MawBank":26,"Burning Blood":0,"White Beast Statue":13,"MealTicket":14,"Pandora\u0027s Box":20,"Ectoplasm":0,"Red Mask":15,"Champion Belt":22,"Toxic Egg 2":21,"Toy Ornithopter":12,"FossilizedHelix":23,"Runic Pyramid":10,"Meat on the Bone":25},{"Potion Belt":18,"Girya":64,"Happy Flower":116,"Thread and Needle":91,"PreservedInsect":22,"The Courier":64,"War Paint":49,"Smiling Mask":28,"MawBank":98,"Burning Blood":0,"White Beast Statue":49,"MealTicket":52,"Pandora\u0027s Box":76,"Ectoplasm":0,"Red Mask":55,"Champion Belt":81,"Toxic Egg 2":78,"Toy Ornithopter":45,"FossilizedHelix":86,"Runic Pyramid":36,"Meat on the Bone":94}],"Toy Ornithopter":75,"Meat on the Bone":12},"card_choices":[{"not_picked":["Pommel Strike","Disarm"],"picked":"Battle Trance","floor":1},{"not_picked":["Headbutt","Intimidate"],"picked":"Spot Weakness","floor":2},{"not_picked":["Rupture","Sentinel","Armaments"],"picked":"SKIP","floor":3},{"not_picked":["Infernal Blade","Burning Pact"],"picked":"Heavy Blade","floor":5},{"not_picked":["Warcry","Sever Soul"],"picked":"Whirlwind","floor":6},{"not_picked":["Twin Strike","Thunderclap","Havoc"],"picked":"SKIP","floor":7},{"not_picked":["Wild Strike","Anger"],"picked":"Clothesline","floor":11},{"not_picked":["Clothesline","Flex","Heavy Blade"],"picked":"SKIP","floor":13},{"not_picked":["Demon Form","Pommel Strike"],"picked":"Flame Barrier","floor":14},{"not_picked":["Limit Break","Immolate"],"picked":"Offering","floor":16},{"not_picked":["Fire Breathing","Rupture"],"picked":"Shrug It Off","floor":18},{"not_picked":["Reckless Charge+1","Cleave","Fire Breathing"],"picked":"SKIP","floor":19},{"not_picked":["Evolve+1","Juggernaut"],"picked":"Flame Barrier","floor":23},{"not_picked":["Uppercut","Dark Embrace","Armaments"],"picked":"SKIP","floor":27},{"not_picked":["Pommel Strike","Ghostly Armor"],"picked":"Sword Boomerang+1","floor":29},{"not_picked":["Heavy Blade","Anger"],"picked":"Armaments+1","floor":31},{"not_picked":["Juggernaut","Exhume"],"picked":"Fiend Fire","floor":33},{"not_picked":["Body Slam","Whirlwind+1","Sword Boomerang+1"],"picked":"SKIP","floor":35},{"not_picked":["Armaments+1","Clash+1"],"picked":"Dropkick+1","floor":39},{"not_picked":["Wild Strike","Cleave","Bloodletting+1"],"picked":"SKIP","floor":40},{"not_picked":["Dropkick+1","Wild Strike+1"],"picked":"Corruption","floor":42},{"not_picked":["Flex+1","Wild Strike+1"],"picked":"Burning Pact+1","floor":44},{"not_picked":["Havoc+1","Wild Strike+1"],"picked":"Burning Pact+1","floor":46},{"not_picked":["Sword Boomerang+1","Clothesline","Cleave+1"],"picked":"SKIP","floor":47},{"not_picked":["Evolve","Cleave"],"picked":"Ghostly Armor+1","floor":54}],"player_experience":132357,"relics_obtained":[{"floor":6,"key":"Potion Belt"},{"floor":9,"key":"PreservedInsect"},{"floor":14,"key":"Smiling Mask"},{"floor":23,"key":"War Paint"},{"floor":26,"key":"White Beast Statue"},{"floor":27,"key":"MealTicket"},{"floor":28,"key":"Red Mask"},{"floor":30,"key":"Girya"},{"floor":30,"key":"The Courier"},{"floor":37,"key":"Toxic Egg 2"},{"floor":39,"key":"Champion Belt"},{"floor":40,"key":"FossilizedHelix"},{"floor":42,"key":"Thread and Needle"},{"floor":44,"key":"Meat on the Bone"},{"floor":46,"key":"MawBank"},{"floor":54,"key":"Happy Flower"}],"event_choices":[{"cards_removed":["Strike_R"],"damage_healed":0,"gold_gain":0,"player_choice":"Card Removal","damage_taken":7,"max_hp_gain":0,"max_hp_loss":0,"event_name":"Golden Wing","floor":4,"gold_loss":0},{"damage_healed":26,"gold_gain":0,"player_choice":"Banana","damage_taken":0,"max_hp_gain":0,"max_hp_loss":0,"event_name":"Big Fish","floor":8,"gold_loss":0},{"cards_removed":["Strike_R"],"damage_healed":0,"gold_gain":0,"player_choice":"Gave Gold","damage_taken":0,"max_hp_gain":0,"max_hp_loss":0,"event_name":"Beggar","floor":20,"gold_loss":75},{"damage_healed":0,"gold_gain":0,"cards_transformed":["Strike_R","Strike_R"],"player_choice":"Became Test Subject","damage_taken":0,"max_hp_gain":0,"max_hp_loss":0,"event_name":"Drug Dealer","floor":21,"gold_loss":0,"cards_obtained":["Rage","Double Tap"]},{"damage_healed":0,"gold_gain":0,"player_choice":"Opened","damage_taken":0,"relics_obtained":["Toy Ornithopter"],"max_hp_gain":0,"max_hp_loss":0,"event_name":"The Mausoleum","floor":22,"gold_loss":0},{"damage_healed":0,"gold_gain":0,"player_choice":"Fought Bandits","damage_taken":0,"max_hp_gain":0,"max_hp_loss":0,"event_name":"Masked Bandits","floor":28,"gold_loss":0},{"damage_healed":0,"gold_gain":0,"player_choice":"Fight","damage_taken":0,"max_hp_gain":0,"max_hp_loss":0,"event_name":"Colosseum","floor":30,"gold_loss":0},{"damage_healed":0,"gold_gain":0,"player_choice":"Fought Nobs","damage_taken":0,"max_hp_gain":0,"max_hp_loss":0,"event_name":"Colosseum","floor":30,"gold_loss":0},{"cards_removed":["Fire Breathing"],"damage_healed":0,"gold_gain":0,"player_choice":"Removed Power","damage_taken":0,"max_hp_gain":0,"max_hp_loss":0,"event_name":"Falling","floor":36,"gold_loss":0},{"damage_healed":0,"gold_gain":0,"player_choice":"Fight","damage_taken":0,"max_hp_gain":0,"max_hp_loss":0,"event_name":"MindBloom","floor":39,"gold_loss":0},{"damage_healed":0,"gold_gain":0,"player_choice":"Ignored","damage_taken":0,"max_hp_gain":0,"max_hp_loss":0,"event_name":"Tomb of Lord Red Mask","floor":48,"gold_loss":0}],"is_beta":false,"boss_relics":[{"not_picked":["Astrolabe","Sozu"],"picked":"Runic Pyramid"},{"not_picked":["Runic Dome","Black Star"],"picked":"Pandora\u0027s Box"}],"items_purged_floors":[],"is_endless":false,"potions_floor_spawned":[3,5,11,16,18,27,28,29,30,30,31,33,35,39,40,42,44,46,47,54],"killed_by":"The Heart","ascension_level":7}}