{"host":"lb27wy21808d043q","time":1610919226,"event":{"mods":["AchievementEnabler","BaseMod","BetterRewards","Clockwork Mod","Colored Map","Conspire","Curses Come First","Halation","Highlight Path","Hubris","Infinite Spire","Marisa????????","Minty Spire (QoL Compilation)","Replay The Spire","StSLib","The Bug Knight","The Servant 0.9.4","Yuri Mod"],"gold_per_floor":[110,120,120,120,140,140,151,151,151,183,183,195,195,225,225,330,330,342,360,360,372,372,372,372,445,445,486,511,527,559,559,559,566,566],"floor_reached":33,"language":"ENG","playtime":2119,"items_purged":[],"score":327,"play_id":"2459afbd-753d-48aa-9a71-d510ba8598f5","local_time":"20210117223346","is_ascension_mode":false,"campfire_choices":[{"data":"HollowMod:FocusHealStart","floor":6,"key":"SMITH"},{"data":"HollowMod:PureNailStrike","floor":11,"key":"SMITH"},{"data":"HollowMod:Weaversong","floor":15,"key":"SMITH"},{"floor":23,"key":"REST"},{"data":"HollowMod:PureNailStrike+1","floor":32,"key":"SMITH"}],"circlet_count":0,"master_deck":["HollowMod:QuickDashStart","HollowMod:QuickDashStart","HollowMod:FocusHealStart+1","HollowMod:PogoStrike","HollowMod:SoulEater+1","HollowMod:CloakDash","HollowMod:CycloneSlash","HollowMod:RecoilStrike","HollowMod:PureNailStrike+2","HollowMod:BaldurShell","HollowMod:DoubleDash","HollowMod:Weaversong+1","HollowMod:theNailsmith","HollowMod:PerfectDash","HollowMod:SoulVessel","HollowMod:DesolateDive","infinitespire:Collect","Bite","Bite","Bite","Bite","Bite","HollowMod:SoulShaman+1"],"relics":["HollowMod:VesselMask","NeowsBlessing","hubris:BottledRain","Calipers","conspire:InfiniteJournal","Busted Crown","Replay:Lucky Slots","Meat on the Bone","infinitespire:CheckeredPen","Molten Egg 2"],"acts_visited":["Exordium","TheCity"],"potions_floor_usage":[10,14,14,18,19,21,30,30],"damage_taken":[{"damage":0,"enemies":"Cultist","floor":1,"turns":1},{"damage":0,"enemies":"Jaw Worm","floor":2,"turns":1},{"damage":0,"enemies":"2 Louse","floor":5,"turns":1},{"damage":11,"enemies":"Gremlin Gang","floor":7,"turns":5},{"damage":18,"enemies":"Lagavulin","floor":10,"turns":3},{"damage":0,"enemies":"Large Slime","floor":12,"turns":3},{"damage":5,"enemies":"Gremlin Nob","floor":14,"turns":4},{"damage":36,"enemies":"The Guardian","floor":16,"turns":10},{"damage":0,"enemies":"3 Byrds","floor":18,"turns":4},{"damage":14,"enemies":"Shell Parasite","floor":19,"turns":2},{"damage":44,"enemies":"Shelled Parasite and Fungi","floor":21,"turns":6},{"damage":0,"enemies":"Gremlin Leader","floor":27,"turns":6},{"damage":5,"enemies":"Chosen and Byrds","floor":28,"turns":4},{"damage":0,"enemies":"Snecko","floor":29,"turns":3},{"damage":10,"enemies":"Sentry and Sphere","floor":30,"turns":3},{"damage":91,"enemies":"Automaton","floor":33,"turns":6}],"seed_played":"-1184275608115794649","potions_obtained":[{"floor":1,"key":"BlessingOfTheForge"},{"floor":7,"key":"infinitespire:BlackPotion"},{"floor":12,"key":"Fruit Juice"},{"floor":14,"key":"Death Potion"},{"floor":16,"key":"EssenceOfSteel"},{"floor":19,"key":"Toxic Potion"},{"floor":21,"key":"GamblersBrew"},{"floor":28,"key":"ColorlessPotion"}],"is_trial":false,"path_per_floor":["M","M","?","?","M","R","M","?","T","E","R","M","?","E","R","B",null,"M","M","?","M","AVR","R","?","T","T","E","M","M","M","?","R","B"],"character_chosen":"THE_BUGKNIGHT","items_purchased":[],"campfire_rested":1,"item_purchase_floors":[],"current_hp_per_floor":[75,75,75,75,75,75,74,67,67,55,55,61,61,67,67,43,80,80,66,51,13,13,38,38,38,38,59,59,59,52,52,52,0,0],"gold":566,"neow_bonus":"THREE_ENEMY_KILL","is_daily":false,"chose_seed":false,"campfire_upgraded":4,"win_rate":0.0,"timestamp":1610919226,"path_taken":["M","M","?","?","M","R","?","?","T","E","R","M","?","E","R","BOSS","M","?","?","M","AVR","R","?","?","T","E","M","?","M","?","R","BOSS"],"items_purchased_type":[],"build_version":"2020-12-22","purchased_purges":0,"victory":false,"max_hp_per_floor":[75,75,75,75,75,75,75,75,75,75,75,75,75,80,80,80,80,80,80,85,85,85,85,59,59,59,59,59,59,59,59,59,59,59],"card_choices":[{"not_picked":["HollowMod:FallenFury","HollowMod:DreamGate"],"picked":"HollowMod:SoulEater","floor":1},{"not_picked":["HollowMod:GoodIntentions","HollowMod:GrimmsGift"],"picked":"HollowMod:CloakDash","floor":2},{"not_picked":["HollowMod:DreamGate","HollowMod:BlackTendrils"],"picked":"HollowMod:RecoilStrike","floor":5},{"not_picked":["HollowMod:InfectedCysts","HollowMod:SiblingsSouls"],"picked":"HollowMod:PureNailStrike","floor":7},{"not_picked":["HollowMod:SiblingsSouls","HollowMod:CycloneSlash"],"picked":"HollowMod:BaldurShell","floor":10},{"not_picked":["HollowMod:InfectedAttack","HollowMod:DescendingDark"],"picked":"HollowMod:DoubleDash","floor":12},{"not_picked":["HollowMod:GoodIntentions","HollowMod:GrimmsGift"],"picked":"HollowMod:Weaversong","floor":14},{"not_picked":["HollowMod:NewInfectedGuardian","HollowMod:ElderbugsWisdom"],"picked":"HollowMod:theNailsmith","floor":16},{"not_picked":[],"picked":"HollowMod:PerfectDash","floor":18},{"not_picked":[],"picked":"HollowMod:SoulVessel","floor":19},{"not_picked":[],"picked":"HollowMod:DesolateDive","floor":21},{"not_picked":["HollowMod:NewInfectedGuardian"],"picked":"SKIP","floor":27},{"not_picked":[],"picked":"HollowMod:SoulShaman+1","floor":28},{"not_picked":["HollowMod:DoubleDash"],"picked":"SKIP","floor":29},{"not_picked":["HollowMod:SharpenedNail+1"],"picked":"SKIP","floor":30}],"player_experience":19030,"relics_obtained":[{"floor":9,"key":"hubris:BottledRain"},{"floor":10,"key":"Calipers"},{"floor":14,"key":"conspire:InfiniteJournal"},{"floor":25,"key":"Meat on the Bone"},{"floor":26,"key":"infinitespire:CheckeredPen"},{"floor":27,"key":"Molten Egg 2"}],"event_choices":[{"damage_healed":0,"gold_gain":0,"player_choice":"Upgraded","damage_taken":0,"max_hp_gain":0,"max_hp_loss":0,"event_name":"Upgrade Shrine","floor":4,"gold_loss":0,"cards_upgraded":["HollowMod:SoulEater"]},{"cards_removed":["HollowMod:QuickDashStart"],"damage_healed":0,"gold_gain":0,"player_choice":"Card Removal","damage_taken":7,"max_hp_gain":0,"max_hp_loss":0,"event_name":"Golden Wing","floor":8,"gold_loss":0},{"cards_removed":["HollowMod:QuickDashStart"],"damage_healed":0,"gold_gain":0,"player_choice":"Purged","damage_taken":0,"max_hp_gain":0,"max_hp_loss":0,"event_name":"Purifier","floor":13,"gold_loss":0},{"damage_healed":0,"gold_gain":0,"player_choice":"Shed Blood","damage_taken":20,"max_hp_gain":5,"max_hp_loss":0,"event_name":"Forgotten Altar","floor":20,"gold_loss":0},{"damage_healed":0,"gold_gain":0,"player_choice":"Became a vampire","damage_taken":0,"max_hp_gain":0,"max_hp_loss":26,"event_name":"Vampires","floor":24,"gold_loss":0,"cards_obtained":["Bite","Bite","Bite","Bite","Bite"]},{"damage_healed":0,"gold_gain":0,"player_choice":"Leave","damage_taken":0,"max_hp_gain":0,"max_hp_loss":0,"event_name":"conspire:Investor","floor":31,"gold_loss":0}],"is_beta":false,"boss_relics":[{"not_picked":["conspire:SeveredTorchhead","Replay:Ancient Bell"],"picked":"Busted Crown"}],"items_purged_floors":[],"is_endless":false,"potions_floor_spawned":[1,7,12,14,16,19,21,28],"killed_by":"Automaton","ascension_level":0}}