{"host":"cw25u8qal1h0d7ia","time":1610902315,"event":{"mods":["BaseMod","Downfall","Minty Spire (QoL Compilation)","StSLib"],"gold_per_floor":[99,116,116,130,130,159,159,170,185,210,210,240,240,275,291,390,390,390,415,432,532,555,555,564,608,625,525,541,391,431,431,444,549,549,549,569,594,594,594,594],"floor_reached":38,"language":"ENG","playtime":3485,"items_purged":[],"score":513,"play_id":"91b15434-9a13-458f-95cf-494504e4c777","local_time":"20210117175155","is_ascension_mode":true,"campfire_choices":[{"data":"Slimebound:Split","floor":1,"key":"SMITH"},{"floor":11,"key":"REST"},{"floor":13,"key":"REST"},{"data":"Slimebound:LeadByExample","floor":18,"key":"SMITH"},{"floor":23,"key":"REST"},{"floor":27,"key":"REST"},{"data":"Slimebound:Grow","floor":35,"key":"SMITH"}],"circlet_count":0,"master_deck":["Slimebound:Strike_Slimebound","Slimebound:Strike_Slimebound","Slimebound:Strike_Slimebound","Slimebound:Tackle","Slimebound:Defend_Slimebound","Slimebound:Defend_Slimebound","Slimebound:Defend_Slimebound+1","Slimebound:Defend_Slimebound","Slimebound:Split+1","Slimebound:CorrosiveSpit","Slimebound:OozeBath","Slimebound:RollThrough+1","Slimebound:Grow+1","Slimebound:CheckThePlaybook+1","Slimebound:LeadByExample+1","Slimebound:SpikyOuterGoop","Slimebound:Recollect+1","Slimebound:LeechEnergy","Slimebound:BestDefense","Slimebound:RallyTheTroops","Slimebound:SpikyOuterGoop+1"],"relics":["Slimebound:AbsorbEndCombat","Ancient Tea Set","Incense Burner","Bag of Marbles","Slimebound:MaxSlimesRelic","War Paint","CeramicFish","Cursed Key","Du-Vu Doll","Ornamental Fan","Juzu Bracelet","Blood Vial","downfall:HeartBlessingGreen","PreservedInsect","Black Star"],"acts_visited":["Exordium","TheCity","TheBeyond"],"potions_floor_usage":[6,9,10,25,36,37],"damage_taken":[{"damage":0,"enemies":"Small Slimes","floor":2,"turns":3},{"damage":7,"enemies":"2 Louse","floor":4,"turns":2},{"damage":10,"enemies":"Gremlin Nob","floor":6,"turns":3},{"damage":0,"enemies":"Cultist","floor":8,"turns":3},{"damage":13,"enemies":"Blue Slaver","floor":9,"turns":3},{"damage":14,"enemies":"3 Sentries","floor":10,"turns":6},{"damage":6,"enemies":"Gremlin Nob","floor":12,"turns":1},{"damage":9,"enemies":"3 Sentries","floor":14,"turns":4},{"damage":2,"enemies":"Exordium Thugs","floor":15,"turns":2},{"damage":28,"enemies":"DF_ARCHETYPE_STREAMLINE","floor":16,"turns":8},{"damage":12,"enemies":"3 Byrds","floor":19,"turns":3},{"damage":3,"enemies":"Snecko","floor":20,"turns":2},{"damage":15,"enemies":"Colosseum Nobs","floor":21,"turns":4},{"damage":26,"enemies":"Centurion and Healer","floor":22,"turns":5},{"damage":20,"enemies":"Book of Stabbing","floor":25,"turns":6},{"damage":0,"enemies":"Snake Plant","floor":26,"turns":1},{"damage":8,"enemies":"Snecko","floor":28,"turns":5},{"damage":26,"enemies":"Slavers","floor":30,"turns":6},{"damage":3,"enemies":"Cultist and Chosen","floor":32,"turns":4},{"damage":9,"enemies":"WA_ARCHETYPE_CALM","floor":33,"turns":8},{"damage":16,"enemies":"3 Darklings","floor":36,"turns":3},{"damage":9,"enemies":"3 Shapes","floor":37,"turns":4},{"damage":108,"enemies":"2 Orb Walkers","floor":38,"turns":4}],"seed_played":"453865042295553424","potions_obtained":[{"floor":2,"key":"SkillPotion"},{"floor":4,"key":"champ:CounterPotion"},{"floor":9,"key":"Block Potion"},{"floor":15,"key":"sneckomod:MuddlingPotion"},{"floor":19,"key":"Weak Potion"},{"floor":26,"key":"FairyPotion"},{"floor":30,"key":"FairyPotion"},{"floor":33,"key":"GamblersBrew"},{"floor":36,"key":"hexamod:SoulburnPotion"}],"is_trial":false,"path_per_floor":["R","M","?","M","?","E","T","M","M","E","R","E","R","E","M","B",null,"R","M","M","?","M","R","T","E","M","R","M","?","E","?","M","B",null,"R","M","M","?"],"character_chosen":"SLIMEBOUND","items_purchased":[],"campfire_rested":4,"item_purchase_floors":[],"current_hp_per_floor":[47,49,46,41,41,33,33,34,24,13,32,26,45,39,38,19,65,65,55,55,42,18,37,37,21,23,42,39,75,51,51,54,61,75,75,60,55,0,0,0],"gold":594,"neow_bonus":"THREE_RARE_CARDS","is_daily":false,"chose_seed":false,"campfire_upgraded":3,"win_rate":0.0,"timestamp":1610902315,"path_taken":["R","M","?","M","?","E","T","?","M","E","R","E","R","E","M","BOSS","R","M","M","?","M","R","T","E","M","R","M","?","E","?","M","BOSS","R","M","M","?"],"items_purchased_type":[],"build_version":"2020-12-22","purchased_purges":0,"victory":false,"max_hp_per_floor":[65,65,65,65,65,65,65,65,65,65,65,65,65,65,65,65,65,65,65,65,65,65,65,65,65,65,65,65,75,75,75,75,75,75,75,75,75,75,75,75],"card_choices":[{"not_picked":["Slimebound:FirmFortitude","Slimebound:LeechLife"],"picked":"Slimebound:OozeBath","floor":0},{"not_picked":["Slimebound:Chomp","Slimebound:SplitLeeching"],"picked":"Slimebound:RollThrough","floor":2},{"not_picked":["Slimebound:Schlurp","Slimebound:FlameTackle","Slimebound:HauntingLick"],"picked":"SKIP","floor":4},{"not_picked":["Slimebound:Prepare","Slimebound:LeechingTouch"],"picked":"Slimebound:Grow","floor":6},{"not_picked":["Slimebound:SplitBruiser","Slimebound:RollThrough","Slimebound:Prepare"],"picked":"SKIP","floor":8},{"not_picked":["Slimebound:AcidTongue","Slimebound:ItLooksTasty","Slimebound:SplitMire"],"picked":"SKIP","floor":9},{"not_picked":["Slimebound:SamplingLick","Slimebound:DivideAndConquer"],"picked":"Slimebound:CheckThePlaybook","floor":10},{"not_picked":["Slimebound:SplitAcid","Slimebound:MegaLick"],"picked":"Slimebound:LeadByExample","floor":12},{"not_picked":["Slimebound:HungryTackle","Slimebound:DouseInSlime","Slimebound:RainOfGoop"],"picked":"SKIP","floor":14},{"not_picked":["Slimebound:SlimeSpikes","Slimebound:ItLooksTasty","Slimebound:Schlurp"],"picked":"SKIP","floor":15},{"not_picked":["Slimebound:SplitLeeching","Slimebound:GoopTackle"],"picked":"Slimebound:SpikyOuterGoop","floor":19},{"not_picked":["Slimebound:ComboTackle","Slimebound:PressTheAttack","Slimebound:DisruptingSlam"],"picked":"SKIP","floor":20},{"not_picked":["Slimebound:LeechingTouch+1","Slimebound:RollThrough"],"picked":"Slimebound:Recollect+1","floor":22},{"not_picked":["Slimebound:SlimeSpikes+1","Slimebound:ItLooksTasty"],"picked":"Slimebound:LeechEnergy","floor":25},{"not_picked":["Slimebound:FormOfPuddle","Slimebound:LeechingTouch","Slimebound:DouseInSlime"],"picked":"SKIP","floor":26},{"not_picked":["Slimebound:SamplingLick","Slimebound:LivingWall","Slimebound:SlimeBrawl"],"picked":"SKIP","floor":28},{"not_picked":["Slimebound:ForwardTackle","Slimebound:SlimeSlap"],"picked":"Slimebound:BestDefense","floor":30},{"not_picked":["Slimebound:LeechingTouch+1","Slimebound:ItLooksTasty","Slimebound:SplitMire"],"picked":"SKIP","floor":32},{"not_picked":["Slimebound:SelfFormingGoo","Slimebound:FirmFortitude"],"picked":"Slimebound:RallyTheTroops","floor":33},{"not_picked":["Slimebound:SplitBruiser+1","Slimebound:Schlurp+1","Slimebound:Chomp+1"],"picked":"SKIP","floor":36},{"not_picked":["Slimebound:LeechingTouch+1","Slimebound:Recollect"],"picked":"Slimebound:SpikyOuterGoop+1","floor":37}],"player_experience":560302,"relics_obtained":[{"floor":6,"key":"Incense Burner"},{"floor":7,"key":"Bag of Marbles"},{"floor":10,"key":"Slimebound:MaxSlimesRelic"},{"floor":12,"key":"War Paint"},{"floor":14,"key":"CeramicFish"},{"floor":21,"key":"Du-Vu Doll"},{"floor":21,"key":"Ornamental Fan"},{"floor":24,"key":"Juzu Bracelet"},{"floor":25,"key":"Blood Vial"},{"floor":30,"key":"PreservedInsect"}],"event_choices":[{"damage_healed":0,"gold_gain":0,"player_choice":"Success","damage_taken":3,"relics_obtained":["Ancient Tea Set"],"max_hp_gain":0,"max_hp_loss":0,"event_name":"Scrap Ooze","floor":3,"gold_loss":0},{"damage_healed":0,"gold_gain":0,"player_choice":"Fight","damage_taken":0,"max_hp_gain":0,"max_hp_loss":0,"event_name":"Mysterious Sphere","floor":38,"gold_loss":0}],"is_beta":false,"boss_relics":[{"not_picked":["SacredBark","Pandora\u0027s Box"],"picked":"Cursed Key"},{"not_picked":["Snecko Eye","Busted Crown"],"picked":"Black Star"}],"items_purged_floors":[],"is_endless":false,"potions_floor_spawned":[2,4,9,15,19,26,30,32,33,36],"killed_by":"2 Orb Walkers","ascension_level":3}}