{"host":"j5hffomgnp4uzigj","time":1610851965,"event":{"mods":["BaseMod","Minty Spire (QoL Compilation)","UnlockEverythingMod"],"gold_per_floor":[111,124,144,144,144,176,187,201,201,52,52,66,86,111,111,211,211,230,250,75,174,174,201,215,247,270,289,289,303,316,328,328,427,427,443,460,460,460,471,471,471],"floor_reached":40,"language":"ZHS","playtime":2901,"items_purged":["Strike_R","Strike_R"],"score":444,"play_id":"11666642-dfc4-473d-9c09-254e6f8fad19","local_time":"20210117105245","is_ascension_mode":false,"campfire_choices":[{"data":"Armaments","floor":11,"key":"SMITH"},{"data":"True Grit","floor":15,"key":"SMITH"},{"data":"Dark Embrace","floor":28,"key":"SMITH"},{"floor":32,"key":"REST"}],"circlet_count":0,"master_deck":["Strike_R","Strike_R","Defend_R","Defend_R","Defend_R","Bash+1","Body Slam+1","Shrug It Off","True Grit+1","Armaments+1","Seeing Red","Dark Embrace+1","Juggernaut","Power Through","Dark Embrace","Blind+1","Parasite"],"relics":["Burning Blood","NeowsBlessing","Whetstone","Happy Flower","InkBottle","Bag of Marbles","Busted Crown","Dream Catcher","Toxic Egg 2","Empty Cage"],"acts_visited":["Exordium","TheCity","TheBeyond"],"potions_floor_usage":[6,14,16,16,19,27,33],"damage_taken":[{"damage":0,"enemies":"Cultist","floor":1,"turns":1},{"damage":0,"enemies":"2 Louse","floor":2,"turns":1},{"damage":0,"enemies":"Jaw Worm","floor":3,"turns":1},{"damage":16,"enemies":"3 Sentries","floor":6,"turns":9},{"damage":15,"enemies":"2 Fungi Beasts","floor":7,"turns":5},{"damage":0,"enemies":"Blue Slaver","floor":8,"turns":3},{"damage":5,"enemies":"3 Louse","floor":12,"turns":5},{"damage":2,"enemies":"Looter","floor":13,"turns":3},{"damage":13,"enemies":"Gremlin Nob","floor":14,"turns":4},{"damage":42,"enemies":"Slime Boss","floor":16,"turns":21},{"damage":5,"enemies":"Chosen","floor":18,"turns":5},{"damage":12,"enemies":"2 Thieves","floor":19,"turns":4},{"damage":11,"enemies":"Book of Stabbing","floor":23,"turns":6},{"damage":2,"enemies":"Shelled Parasite and Fungi","floor":24,"turns":7},{"damage":5,"enemies":"Slavers","floor":25,"turns":7},{"damage":16,"enemies":"Snake Plant","floor":27,"turns":4},{"damage":28,"enemies":"Centurion and Healer","floor":29,"turns":10},{"damage":14,"enemies":"Sentry and Sphere","floor":30,"turns":6},{"damage":15,"enemies":"Snecko","floor":31,"turns":5},{"damage":62,"enemies":"Champ","floor":33,"turns":14},{"damage":0,"enemies":"Orb Walker","floor":35,"turns":4},{"damage":1,"enemies":"3 Darklings","floor":36,"turns":11},{"damage":27,"enemies":"Writhing Mass","floor":39,"turns":11},{"damage":69,"enemies":"Reptomancer","floor":40,"turns":2}],"seed_played":"1066341618376859844","potions_obtained":[{"floor":2,"key":"Explosive Potion"},{"floor":5,"key":"SneckoOil"},{"floor":5,"key":"EssenceOfSteel"},{"floor":5,"key":"Dexterity Potion"},{"floor":8,"key":"FearPotion"},{"floor":16,"key":"DistilledChaos"},{"floor":23,"key":"ColorlessPotion"},{"floor":25,"key":"FairyPotion"},{"floor":30,"key":"Weak Potion"},{"floor":31,"key":"Fire Potion"},{"floor":39,"key":"SteroidPotion"}],"is_trial":false,"path_per_floor":["M","M","M","T","?","E","M","M","T","$","R","M","M","E","R","B",null,"M","M","$","?","?","E","M","E","T","M","R","M","M","M","R","B",null,"M","M","?","?","M","E"],"character_chosen":"IRONCLAD","items_purchased":["Dark Embrace","Power Through"],"campfire_rested":1,"item_purchase_floors":[10,20],"current_hp_per_floor":[80,80,80,80,80,70,61,67,67,67,67,68,72,65,65,29,80,80,74,74,74,74,69,73,74,74,64,64,42,34,25,49,30,80,80,80,76,76,55,0,0],"gold":471,"neow_bonus":"THREE_ENEMY_KILL","is_daily":false,"chose_seed":false,"campfire_upgraded":3,"win_rate":0.0,"timestamp":1610851965,"path_taken":["M","?","M","?","?","E","M","M","T","$","R","M","M","E","R","BOSS","M","M","?","?","?","E","M","E","T","M","R","M","M","M","R","BOSS","M","M","?","?","M","E"],"items_purchased_type":["Card","Card"],"build_version":"2020-12-22","purchased_purges":2,"victory":false,"max_hp_per_floor":[80,80,80,80,80,80,80,80,80,80,80,80,80,80,80,80,80,80,80,80,80,80,80,80,80,80,80,80,80,80,80,80,80,80,80,80,76,76,76,76,76],"card_choices":[{"not_picked":["Metallicize","Headbutt"],"picked":"Body Slam","floor":1},{"not_picked":["Thunderclap","Spot Weakness"],"picked":"Shrug It Off","floor":2},{"not_picked":["Pummel","Sever Soul"],"picked":"True Grit","floor":3},{"not_picked":["Sword Boomerang","Havoc","Iron Wave"],"picked":"SKIP","floor":6},{"not_picked":["Pommel Strike","Carnage"],"picked":"Armaments","floor":7},{"not_picked":["Inflame","Pommel Strike"],"picked":"Seeing Red","floor":8},{"not_picked":["Heavy Blade","Headbutt","Corruption"],"picked":"SKIP","floor":12},{"not_picked":["Wild Strike","Sword Boomerang","Headbutt"],"picked":"SKIP","floor":13},{"not_picked":["Ghostly Armor","Sword Boomerang","Armaments"],"picked":"SKIP","floor":14},{"not_picked":["Impervious","Double Tap"],"picked":"Juggernaut","floor":16},{"not_picked":["Ghostly Armor+1"],"picked":"SKIP","floor":18},{"not_picked":["Rage+1"],"picked":"SKIP","floor":19},{"not_picked":["Searing Blow"],"picked":"SKIP","floor":23},{"not_picked":["Perfected Strike"],"picked":"SKIP","floor":24},{"not_picked":["Ghostly Armor+1"],"picked":"SKIP","floor":25},{"not_picked":["Ghostly Armor+1"],"picked":"SKIP","floor":25},{"not_picked":["Havoc+1"],"picked":"SKIP","floor":27},{"not_picked":["Heavy Blade"],"picked":"SKIP","floor":29},{"not_picked":["Heavy Blade"],"picked":"SKIP","floor":30},{"not_picked":["Warcry+1"],"picked":"SKIP","floor":31},{"not_picked":[],"picked":"Dark Embrace","floor":32},{"not_picked":["Sever Soul+1"],"picked":"SKIP","floor":35},{"not_picked":["True Grit+1"],"picked":"SKIP","floor":36},{"not_picked":[],"picked":"Blind+1","floor":38},{"not_picked":["Wild Strike+1"],"picked":"SKIP","floor":39}],"player_experience":1667,"relics_obtained":[{"floor":4,"key":"Whetstone"},{"floor":6,"key":"Happy Flower"},{"floor":9,"key":"InkBottle"},{"floor":14,"key":"Bag of Marbles"},{"floor":23,"key":"Dream Catcher"},{"floor":25,"key":"Toxic Egg 2"}],"event_choices":[{"damage_healed":0,"gold_gain":0,"player_choice":"Got Potions","damage_taken":0,"max_hp_gain":0,"max_hp_loss":0,"event_name":"Lab","floor":5,"gold_loss":0},{"damage_healed":0,"gold_gain":99,"player_choice":"Stole From Cult","damage_taken":0,"max_hp_gain":0,"max_hp_loss":0,"event_name":"Nest","floor":21,"gold_loss":0},{"damage_healed":0,"gold_gain":0,"cards_transformed":["Strike_R","Defend_R"],"player_choice":"Became Test Subject","damage_taken":0,"max_hp_gain":0,"max_hp_loss":0,"event_name":"Drug Dealer","floor":22,"gold_loss":0,"cards_obtained":["Searing Blow","Flex"]},{"damage_healed":0,"gold_gain":0,"player_choice":"Max HP","damage_taken":0,"max_hp_gain":0,"max_hp_loss":4,"event_name":"Winding Halls","floor":37,"gold_loss":0},{"damage_healed":0,"gold_gain":0,"player_choice":"Memory 1","damage_taken":0,"max_hp_gain":0,"max_hp_loss":0,"event_name":"SensoryStone","floor":38,"gold_loss":0}],"is_beta":false,"boss_relics":[{"not_picked":["Runic Cube","Snecko Eye"],"picked":"Busted Crown"},{"not_picked":["Black Blood","Philosopher\u0027s Stone"],"picked":"Empty Cage"}],"items_purged_floors":[10,20],"is_endless":false,"potions_floor_spawned":[2,8,12,16,23,25,30,31,39],"killed_by":"Reptomancer","ascension_level":0}}