{"host":"vrsxkkch9ccrec7k","time":1610915877,"event":{"mods":["Act Like it!","BaseMod","Bestiary","Better Sensory Stone","Better Third Choice","Better Vampires","Downfall","Minty Spire (QoL Compilation)","Permanent Neow","Relic Stats","Spicy Shops","StSLib"],"gold_per_floor":[0,15,28,178,178,207,207,242,242,1,1,1,30,15,31,31,31,31],"floor_reached":16,"language":"ENG","playtime":1490,"items_purged":["champ:Strike","champ:Strike"],"score":143,"play_id":"84dbcc70-714f-457e-8e7c-14466634a4c0","local_time":"20210117153757","is_ascension_mode":true,"campfire_choices":[{"data":"champ:Improvising","floor":1,"key":"SMITH"},{"floor":9,"key":"REST"},{"data":"champ:Taunt","floor":12,"key":"SMITH"}],"circlet_count":0,"master_deck":["champ:Strike","champ:Strike","champ:Defend","champ:Defend","champ:Defend","champ:Defend","champ:Execute","champ:Taunt+1","champ:Improvising+1","champ:FlashCut","champ:Circumvent","downfall:Icky","Master of Strategy","champ:ShieldSigil","champ:ShieldSlam","champ:ArenaPreparation","champ:IronFortress+1","champ:TornadoPunch","champ:Duel","champ:BringItOn"],"relics":["champ:ChampionCrown","Frozen Egg 2","Eternal Feather","Blue Candle","Odd Mushroom"],"acts_visited":["Exordium"],"potions_floor_usage":[16,16,16],"damage_taken":[{"damage":21,"enemies":"Jaw Worm","floor":2,"turns":5},{"damage":8,"enemies":"2 Louse","floor":3,"turns":3},{"damage":46,"enemies":"Lagavulin","floor":6,"turns":9},{"damage":39,"enemies":"Gremlin Nob","floor":8,"turns":5},{"damage":10,"enemies":"downfall:FleeingMerchant","floor":10,"turns":4},{"damage":31,"enemies":"The Mushroom Lair","floor":13,"turns":5},{"damage":25,"enemies":"downfall:FleeingMerchant","floor":14,"turns":4},{"damage":0,"enemies":"Small Slimes","floor":15,"turns":3},{"damage":126,"enemies":"SI_SHIV_ARCHETYPE","floor":16,"turns":10}],"seed_played":"5789396252522612083","potions_obtained":[{"floor":3,"key":"Energy Potion"},{"floor":8,"key":"Strength Potion"},{"floor":15,"key":"Explosive Potion"}],"is_trial":false,"path_per_floor":["R","M","M","?","?","E","T","E","R","$","?","R","?","$","M","B"],"character_chosen":"THE_CHAMP","items_purchased":["champ:IronFortress+1"],"campfire_rested":1,"item_purchase_floors":[10],"current_hp_per_floor":[81,70,62,62,62,46,46,17,53,53,53,62,61,61,61,0,0,0],"gold":31,"neow_bonus":"THREE_RARE_CARDS","is_daily":false,"chose_seed":false,"campfire_upgraded":2,"win_rate":0.0,"timestamp":1610915877,"path_taken":["R","M","M","?","?","E","T","E","R","$","?","R","?","?","M","BOSS"],"items_purchased_type":["Card"],"build_version":"2020-12-22","purchased_purges":2,"victory":false,"max_hp_per_floor":[90,90,90,90,90,90,90,90,90,90,90,90,90,90,90,90,90,90],"relic_stats":{"counters":[9,48],"Blue Candle":[1],"Eternal Feather":18,"obtain_stats":[{"Blue Candle":8,"champ:ChampionCrown":0,"Eternal Feather":7,"Frozen Egg 2":6,"Odd Mushroom":13},{"Blue Candle":4,"champ:ChampionCrown":0,"Eternal Feather":3,"Frozen Egg 2":3,"Odd Mushroom":6},{"Blue Candle":22,"champ:ChampionCrown":0,"Eternal Feather":17,"Frozen Egg 2":17,"Odd Mushroom":31}]},"card_choices":[{"not_picked":["champ:DancingMaster","champ:HeavySlash"],"picked":"champ:Improvising","floor":0},{"not_picked":["champ:Parry","champ:BerserkerStyle"],"picked":"champ:FlashCut","floor":2},{"not_picked":["champ:StanceDance","champ:CrownThrow"],"picked":"champ:Circumvent","floor":3},{"not_picked":["Blind","Mayhem"],"picked":"Master of Strategy","floor":5},{"not_picked":["champ:Endure","champ:CalledShot"],"picked":"champ:ShieldSigil","floor":6},{"not_picked":["champ:ShieldSigil","champ:PerfectedStrike"],"picked":"champ:ShieldSlam","floor":8},{"not_picked":["champ:Backstep","champ:EnGarde"],"picked":"champ:ArenaPreparation","floor":10},{"not_picked":["champ:Haymaker","champ:RecklessLeap"],"picked":"champ:TornadoPunch","floor":13},{"not_picked":["champ:ArenaPreparation","champ:CalledShot"],"picked":"champ:Duel","floor":14},{"not_picked":["champ:DefensiveShout","champ:ShieldSigil"],"picked":"champ:BringItOn","floor":15}],"player_experience":1577118,"relics_obtained":[{"floor":6,"key":"Frozen Egg 2"},{"floor":7,"key":"Eternal Feather"},{"floor":8,"key":"Blue Candle"},{"floor":13,"key":"Odd Mushroom"}],"event_choices":[{"damage_healed":0,"gold_gain":1,"player_choice":"1","damage_taken":0,"max_hp_gain":0,"max_hp_loss":0,"event_name":"betterStone:BetterStone","floor":5,"gold_loss":0},{"damage_healed":0,"gold_gain":0,"player_choice":"Fought Mushrooms","damage_taken":0,"max_hp_gain":0,"max_hp_loss":0,"event_name":"Mushrooms","floor":13,"gold_loss":0}],"is_beta":false,"boss_relics":[],"items_purged_floors":[10,10],"is_endless":false,"potions_floor_spawned":[3,8,15],"killed_by":"SI_SHIV_ARCHETYPE","ascension_level":7}}