{"host":"c5slkkw8hp42e20v","time":1610859606,"event":{"mods":["AchievementEnabler","BaseMod","Better Note","BetterRewards","Colored Powertips","DeckTracker","Friendly Minions","GifTheSpireLib","Hermit","Highlight Path","Minty Spire (QoL Compilation)","Quick Restart","Rare Cards Sparkle","Replay The Spire","Spicy Shops","StSLib","The Animator","The Hierophant","The Poker Player","????"],"gold_per_floor":[119,119,119,132,150,181,194,194,194,194,217,250,319,354,3,124,124,143,166,166,190,190,44,75,75,75,0,18,32,75,94,94,213,213,232,232,250,270,293,332,12,56,80,80,100,119,119,145,17,17,17,17,17,53,53,53],"floor_reached":55,"language":"ENG","playtime":4575,"items_purged":["Pain"],"score":939,"play_id":"554dd632-7852-42eb-8a26-7cd436d7908c","local_time":"20210116230006","is_ascension_mode":false,"campfire_choices":[{"floor":8,"key":"REST"},{"floor":25,"key":"REST"},{"floor":32,"key":"REST"},{"floor":44,"key":"RECALL"},{"data":"Bullet Time","floor":52,"key":"SMITH"}],"circlet_count":0,"master_deck":["Strike_G","Strike_G","Strike_G","Strike_G","Strike_G","Defend_G+1","Defend_G","Defend_G","Defend_G+1","Defend_G+2","Neutralize","Infinite Blades","Blade Dance","All Out Attack","Flying Knee","Bouncing Flask","Tools of the Trade","Noxious Fumes","Quick Slash","Toxin Wave","Flying Knee","Corpse Explosion","Sucker Punch","Replay:Bag of Tricks","CurseOfTheBell","Terror","Well Laid Plans+1","Bane","Finisher","Underhanded Strike","Draining Mist","Atom Bomb","Heel Hook+1","Tools of the Trade+1","Footwork+1","Writhe","Deadly Poison+1","Masterful Stab+1","Dagger Throw+1","Poisoned Stab","Well Laid Plans+1","Envenom+1","Fluid Movement+1","Bullet Time+1","Dramatic Entrance","Prepared","Die Die Die+1"],"relics":["Ring of the Snake","PreservedInsect","Golden Idol","Matryoshka","Ninja Scroll","Iron Hammer","Bag of Marbles","InkBottle","Frozen Egg 2","Vampiric Spirits","Calling Bell","Nunchaku","Mummified Hand","Dead Branch","Nloth\u0027s Gift","Toolbox","War Paint","Happy Flower","WingedGreaves","Simple Rune","WristBlade","Mango","Membership Card","Replay:Wax Seal","Boot","Sling","Garlic","Toy Ornithopter","Lantern","Golden Egg"],"acts_visited":["Exordium","TheCity","TheBeyond","TheEnding"],"potions_floor_usage":[50,50],"damage_taken":[{"damage":0,"enemies":"Small Slimes","floor":1,"turns":3},{"damage":6,"enemies":"Cultist","floor":4,"turns":3},{"damage":0,"enemies":"2 Louse","floor":5,"turns":1},{"damage":23,"enemies":"3 Sentries","floor":6,"turns":8},{"damage":7,"enemies":"Blue Slaver","floor":7,"turns":3},{"damage":7,"enemies":"Looter","floor":11,"turns":2},{"damage":13,"enemies":"Lagavulin","floor":12,"turns":4},{"damage":0,"enemies":"Lagavulin Event","floor":13,"turns":2},{"damage":0,"enemies":"Gremlin Nob","floor":14,"turns":2},{"damage":4,"enemies":"Slime Boss","floor":16,"turns":6},{"damage":0,"enemies":"3 Byrds","floor":18,"turns":3},{"damage":0,"enemies":"Spheric Guardian","floor":19,"turns":2},{"damage":28,"enemies":"Cultist and Chosen","floor":21,"turns":5},{"damage":9,"enemies":"Replay:Snechameleon","floor":24,"turns":2},{"damage":10,"enemies":"Sentry and Sphere","floor":28,"turns":3},{"damage":18,"enemies":"Shelled Parasite and Fungi","floor":29,"turns":3},{"damage":8,"enemies":"Slavers","floor":30,"turns":3},{"damage":6,"enemies":"Snake Plant","floor":31,"turns":3},{"damage":43,"enemies":"Automaton","floor":33,"turns":7},{"damage":15,"enemies":"Orb Walker","floor":35,"turns":2},{"damage":18,"enemies":"3 Shapes","floor":37,"turns":3},{"damage":0,"enemies":"Sphere and 2 Shapes","floor":38,"turns":1},{"damage":21,"enemies":"3 Darklings","floor":39,"turns":3},{"damage":22,"enemies":"R_Hoarder","floor":40,"turns":3},{"damage":0,"enemies":"Nemesis","floor":42,"turns":1},{"damage":51,"enemies":"4 Shapes","floor":45,"turns":2},{"damage":0,"enemies":"Sphere and 2 Shapes","floor":46,"turns":2},{"damage":26,"enemies":"Replay:Hell Engine","floor":50,"turns":7},{"damage":0,"enemies":"Shield and Spear","floor":54,"turns":1},{"damage":88,"enemies":"The Heart","floor":55,"turns":5}],"seed_played":"2914021664275408106","potions_obtained":[{"floor":3,"key":"AttackPotion"},{"floor":3,"key":"DuplicationPotion"},{"floor":3,"key":"Strength Potion"},{"floor":7,"key":"Regen Potion"},{"floor":13,"key":"Milkshake"},{"floor":54,"key":"Languid Potion"}],"is_trial":false,"path_per_floor":["M","?","?","M","M","E","M","R","T","?","M","E","?","E","R","B",null,"M","M","?","M","?","R","E","R","T","$","M","M","E","M","R","B",null,"M","?","M","M","M","E","$","E","T","R","M","M","?","T","R","B",null,"R","$","E","B"],"character_chosen":"THE_SILENT","items_purchased":["Infinite Blades","Blade Dance","PreservedInsect","Vampiric Spirits","Sucker Punch","Toolbox","Membership Card","Replay:Wax Seal","Boot","Sling","Well Laid Plans+1","Lantern","Dramatic Entrance","Prepared"],"campfire_rested":3,"item_purchase_floors":[0,0,0,15,15,23,41,41,41,41,41,49,49,49],"current_hp_per_floor":[70,70,70,64,64,41,34,55,55,55,48,35,35,35,35,42,70,70,70,70,48,48,48,52,70,70,70,60,52,47,46,67,27,70,55,70,58,70,49,57,57,84,84,84,36,50,50,50,50,61,84,84,84,84,0,0],"gold":53,"neow_bonus":"","is_daily":false,"chose_seed":false,"campfire_upgraded":1,"win_rate":0.0,"timestamp":1610859606,"path_taken":["M","?","?","M","M","E","?","R","T","?","M","E","?","E","R","BOSS","M","M","?","M","?","R","E","R","T","$","M","M","E","M","R","BOSS","M","?","M","M","M","E","$","E","T","R","M","M","?","?","R","BOSS","R","$","E","BOSS"],"items_purchased_type":["Card","Card","Relic","Relic","Card","Relic","Relic","Relic","Relic","Relic","Card","Relic","Card","Card"],"build_version":"2020-12-22","purchased_purges":1,"victory":false,"max_hp_per_floor":[70,70,70,70,70,70,70,70,70,70,70,70,70,70,70,70,70,70,70,70,70,70,70,70,70,70,70,70,70,70,70,70,70,70,70,70,70,70,70,84,84,84,84,84,84,84,84,84,84,84,84,84,84,84,84,84],"card_choices":[{"not_picked":["Outmaneuver","Choke"],"picked":"All Out Attack","floor":1},{"not_picked":["Sucker Punch","Backflip"],"picked":"Flying Knee","floor":4},{"not_picked":["PiercingWail","Acrobatics"],"picked":"Bouncing Flask","floor":5},{"not_picked":["Acrobatics","Bane"],"picked":"Tools of the Trade","floor":6},{"not_picked":["Blade Dance","Bane"],"picked":"Noxious Fumes","floor":7},{"not_picked":["Dagger Throw","Riddle With Holes"],"picked":"Quick Slash","floor":11},{"not_picked":["Eviscerate","Slice"],"picked":"Toxin Wave","floor":12},{"not_picked":["PiercingWail","Poisoned Stab"],"picked":"Flying Knee","floor":13},{"not_picked":["Calculated Gamble","Flying Knee"],"picked":"Corpse Explosion","floor":14},{"not_picked":["Doppelganger","Wraith Form v2+1"],"picked":"Replay:Bag of Tricks","floor":16},{"not_picked":["Quick Slash","Acrobatics"],"picked":"Terror","floor":18},{"not_picked":["Backflip","Bane"],"picked":"Well Laid Plans+1","floor":19},{"not_picked":["Deflect","PiercingWail+1"],"picked":"Bane","floor":21},{"not_picked":["Bane","Blade Dance"],"picked":"Finisher","floor":24},{"not_picked":["Dagger Spray","Hidden Blade"],"picked":"Underhanded Strike","floor":28},{"not_picked":["Quick Slash","Bane"],"picked":"Draining Mist","floor":29},{"not_picked":["ReplayTheSpireMod:Shiv Toss","All Out Attack"],"picked":"Atom Bomb","floor":30},{"not_picked":["ReplayTheSpireMod:Exploit Weakness","Outmaneuver"],"picked":"Heel Hook+1","floor":31},{"not_picked":["Night Terror","Corpse Explosion"],"picked":"Tools of the Trade+1","floor":33},{"not_picked":["Toxin Wave+1","Dash+1"],"picked":"Footwork+1","floor":35},{"not_picked":["Backstab","Dagger Throw"],"picked":"Deadly Poison+1","floor":37},{"not_picked":["Backflip","Reflex"],"picked":"Masterful Stab+1","floor":38},{"not_picked":["Backflip","Slice"],"picked":"Dagger Throw+1","floor":39},{"not_picked":["Reflex","Venomology"],"picked":"Poisoned Stab","floor":40},{"not_picked":["Dagger Spray","Phantasmal Killer"],"picked":"Envenom+1","floor":42},{"not_picked":["Flying Knee","Quick Slash+1"],"picked":"Fluid Movement+1","floor":45},{"not_picked":["Wraith Form v2+1","Endless Agony+1"],"picked":"Bullet Time","floor":46},{"not_picked":["All Out Attack","Poison Darts"],"picked":"Die Die Die","floor":54}],"player_experience":55326,"relics_obtained":[{"floor":6,"key":"Matryoshka"},{"floor":9,"key":"Ninja Scroll"},{"floor":9,"key":"Iron Hammer"},{"floor":12,"key":"Bag of Marbles"},{"floor":14,"key":"Frozen Egg 2"},{"floor":17,"key":"Nunchaku"},{"floor":17,"key":"Mummified Hand"},{"floor":17,"key":"Dead Branch"},{"floor":24,"key":"War Paint"},{"floor":26,"key":"Happy Flower"},{"floor":26,"key":"WingedGreaves"},{"floor":30,"key":"Simple Rune"},{"floor":40,"key":"Mango"},{"floor":42,"key":"Garlic"},{"floor":48,"key":"Toy Ornithopter"},{"floor":54,"key":"Golden Egg"}],"event_choices":[{"damage_healed":0,"gold_gain":0,"player_choice":"Take Wound","damage_taken":0,"relics_obtained":["Golden Idol"],"max_hp_gain":0,"max_hp_loss":0,"event_name":"Golden Idol","floor":2,"gold_loss":0,"cards_obtained":["Injury"]},{"damage_healed":0,"gold_gain":0,"player_choice":"Got Potions","damage_taken":0,"max_hp_gain":0,"max_hp_loss":0,"event_name":"Lab","floor":3,"gold_loss":0},{"cards_removed":["Injury"],"damage_healed":0,"gold_gain":0,"player_choice":"Forget","damage_taken":0,"max_hp_gain":0,"max_hp_loss":0,"event_name":"Living Wall","floor":10,"gold_loss":0},{"damage_healed":0,"gold_gain":0,"player_choice":"Searched \u00272\u0027 times","damage_taken":0,"relics_obtained":["InkBottle"],"max_hp_gain":0,"max_hp_loss":0,"event_name":"Dead Adventurer","floor":13,"gold_loss":0},{"damage_healed":0,"gold_gain":0,"player_choice":"Rummage","damage_taken":0,"relics_obtained":["WarpedTongs"],"max_hp_gain":0,"max_hp_loss":0,"event_name":"Accursed Blacksmith","floor":20,"gold_loss":0,"cards_obtained":["Pain"]},{"damage_healed":0,"gold_gain":0,"player_choice":"Traded Relic","damage_taken":0,"relics_obtained":["Nloth\u0027s Gift"],"max_hp_gain":0,"max_hp_loss":0,"event_name":"N\u0027loth","floor":22,"relics_lost":["WarpedTongs"],"gold_loss":0},{"damage_healed":18,"gold_gain":0,"player_choice":"Writhe","damage_taken":0,"max_hp_gain":0,"max_hp_loss":0,"event_name":"Winding Halls","floor":36,"gold_loss":0,"cards_obtained":["Writhe"]},{"cards_removed":["Survivor"],"damage_healed":0,"gold_gain":0,"player_choice":"Removed Skill","damage_taken":0,"max_hp_gain":0,"max_hp_loss":0,"event_name":"Falling","floor":47,"gold_loss":0}],"is_beta":false,"boss_relics":[{"not_picked":["Replay:Ancient Bell","Philosopher\u0027s Stone"],"picked":"Calling Bell"},{"not_picked":["ReplayTheSpireMod:DimensionalGlitch","Replay:Bronze Core"],"picked":"WristBlade"}],"items_purged_floors":[27],"is_endless":false,"potions_floor_spawned":[7,11,13,16,19,28,30,37,42,46,54],"killed_by":"The Heart","ascension_level":0}}