{"host":"uv231blk40vjdojr","time":1610894620,"event":{"mods":["AchievementEnabler","BaseMod","Bestiary","Minty Spire (QoL Compilation)","Relic Stats"],"gold_per_floor":[360,360,4,15,26,26,53,53,53,65,65,95,115,150,162,253,265,291,303,2,2,16,16,48,48,48,60,60,60,60],"floor_reached":29,"language":"ENG","playtime":1453,"items_purged":[],"score":522,"play_id":"e0e927c5-21ac-4756-b28f-5ad683d55089","local_time":"20210117154340","is_ascension_mode":true,"campfire_choices":[{"data":"Beam Cell","floor":6.0,"key":"SMITH"},{"floor":8.0,"key":"REST"},{"floor":15.0,"key":"REST"},{"data":"Defragment","floor":23.0,"key":"SMITH"},{"floor":25,"key":"REST"},{"floor":28,"key":"REST"}],"circlet_count":0,"master_deck":["AscendersBane","Strike_B","Strike_B","Defend_B","Defend_B","Defend_B","Defend_B","Zap+1","Dualcast","Beam Cell+1","Cold Snap","Rebound","Coolheaded","Darkness","Undo","Multi-Cast","Seek","Conserve Battery","Turbo+1","Undo+1","Defragment+1","Coolheaded+1","Coolheaded+1","Clumsy","Reinforced Body+1"],"relics":["Cracked Core","HandDrill","Oddly Smooth Stone","StrikeDummy","Regal Pillow","Vajra","MawBank","Cursed Key","Toxic Egg 2","Pen Nib","Bottled Flame"],"acts_visited":["Exordium","TheCity"],"potions_floor_usage":[24,27,29],"damage_taken":[{"damage":4.0,"enemies":"Jaw Worm","floor":1.0,"turns":4.0},{"damage":0.0,"enemies":"Cultist","floor":4.0,"turns":3.0},{"damage":0.0,"enemies":"Small Slimes","floor":5.0,"turns":2.0},{"damage":35.0,"enemies":"Lagavulin","floor":7.0,"turns":6.0},{"damage":8.0,"enemies":"Exordium Wildlife","floor":10.0,"turns":4.0},{"damage":11.0,"enemies":"Gremlin Nob","floor":12.0,"turns":3.0},{"damage":17.0,"enemies":"3 Louse","floor":13.0,"turns":3.0},{"damage":14.0,"enemies":"Lagavulin","floor":14.0,"turns":6.0},{"damage":24.0,"enemies":"The Guardian","floor":16.0,"turns":12.0},{"damage":0.0,"enemies":"Spheric Guardian","floor":18.0,"turns":3.0},{"damage":0.0,"enemies":"Chosen","floor":22.0,"turns":7.0},{"damage":40,"enemies":"Slavers","floor":24,"turns":5},{"damage":17,"enemies":"Centurion and Healer","floor":27,"turns":7},{"damage":79,"enemies":"Gremlin Leader","floor":29,"turns":10}],"seed_played":"2697505820716369130","potions_obtained":[{"floor":4.0,"key":"EssenceOfDarkness"},{"floor":5.0,"key":"PowerPotion"},{"floor":12.0,"key":"Regen Potion"},{"floor":14.0,"key":"DuplicationPotion"},{"floor":27,"key":"Fruit Juice"}],"is_trial":false,"path_per_floor":["M","?","$","M","M","R","E","R","T","M","$","E","M","E","R","B",null,"M","?","$","?","M","R","E","R","T","M","R","E"],"character_chosen":"DEFECT","items_purchased":["HandDrill","Oddly Smooth Stone","Cold Snap","Toxic Egg 2","Turbo+1"],"campfire_rested":4,"item_purchase_floors":[3,3,3,20,20],"current_hp_per_floor":[60,60,60,60,60,60,25,44,44,36,36,25,8,9,43,19,53,53,53,53,53,53,53,13,47,47,35,69,0,0],"gold":60,"neow_bonus":"TWO_FIFTY_GOLD","is_daily":false,"chose_seed":false,"campfire_upgraded":2,"win_rate":0.0,"timestamp":1610894620,"path_taken":["M","?","$","M","M","R","E","R","T","M","$","E","?","E","R","BOSS","M","?","$","?","M","R","E","R","T","?","R","E"],"items_purchased_type":["Relic","Relic","Card","Relic","Card"],"build_version":"2020-12-22","purchased_purges":0,"victory":false,"max_hp_per_floor":[64,64,64,64,64,64,64,64,64,64,64,64,64,64,64,64,64,64,64,64,64,64,64,64,64,64,69,69,69,69],"relic_stats":{"Regal Pillow":44,"counters":[14,75],"Pen Nib":[1],"HandDrill":[20],"MawBank":72,"Cursed Key":1,"obtain_stats":[{"Regal Pillow":9,"Bottled Flame":26,"Oddly Smooth Stone":3,"Vajra":12,"Pen Nib":24,"HandDrill":3,"Toxic Egg 2":20,"Cracked Core":0,"StrikeDummy":7,"MawBank":14,"Cursed Key":17},{"Regal Pillow":4,"Bottled Flame":12,"Oddly Smooth Stone":1,"Vajra":6,"Pen Nib":12,"HandDrill":1,"Toxic Egg 2":10,"Cracked Core":0,"StrikeDummy":4,"MawBank":8,"Cursed Key":9},{"Regal Pillow":15,"Bottled Flame":58,"Oddly Smooth Stone":4,"Vajra":22,"Pen Nib":58,"HandDrill":4,"Toxic Egg 2":46,"Cracked Core":0,"StrikeDummy":15,"MawBank":31,"Cursed Key":43}]},"card_choices":[{"not_picked":["Turbo","Heatsinks"],"picked":"Beam Cell","floor":1.0},{"not_picked":["Chill","Streamline"],"picked":"Rebound","floor":4.0},{"not_picked":["Beam Cell","Streamline"],"picked":"Coolheaded","floor":5.0},{"not_picked":["Compile Driver","Conserve Battery"],"picked":"Darkness","floor":7.0},{"not_picked":["Turbo","Rebound","Self Repair"],"picked":"SKIP","floor":10.0},{"not_picked":["Ball Lightning","Hologram","Rebound"],"picked":"SKIP","floor":12.0},{"not_picked":["Chaos","Genetic Algorithm"],"picked":"Undo","floor":13.0},{"not_picked":["FTL","Cold Snap"],"picked":"Multi-Cast","floor":14.0},{"not_picked":["All For One","Rainbow"],"picked":"Seek","floor":16.0},{"not_picked":["Stack+1","Lockon","Sweeping Beam"],"picked":"SKIP","floor":18.0},{"not_picked":["Skim+1","Aggregate+1"],"picked":"Coolheaded+1","floor":22.0},{"not_picked":["Compile Driver","Cold Snap+1"],"picked":"Coolheaded+1","floor":24},{"not_picked":["Gash","Stack+1"],"picked":"Reinforced Body+1","floor":27}],"player_experience":696394,"relics_obtained":[{"floor":7.0,"key":"StrikeDummy"},{"floor":9.0,"key":"Regal Pillow"},{"floor":12.0,"key":"Vajra"},{"floor":14.0,"key":"MawBank"},{"floor":24,"key":"Pen Nib"},{"floor":26,"key":"Bottled Flame"}],"event_choices":[{"damage_healed":0.0,"max_hp_gain":0.0,"max_hp_loss":0.0,"gold_gain":0.0,"event_name":"Upgrade Shrine","player_choice":"Upgraded","floor":2.0,"gold_loss":0.0,"damage_taken":0.0,"cards_upgraded":["Zap"]},{"damage_healed":0.0,"max_hp_gain":0.0,"max_hp_loss":0.0,"gold_gain":0.0,"event_name":"The Library","player_choice":"Read","floor":19.0,"gold_loss":0.0,"damage_taken":0.0,"cards_obtained":["Conserve Battery"]},{"damage_healed":0.0,"max_hp_gain":0.0,"max_hp_loss":0.0,"gold_gain":0.0,"cards_transformed":["Strike_B","Strike_B"],"event_name":"Drug Dealer","player_choice":"Became Test Subject","floor":21.0,"gold_loss":0.0,"damage_taken":0.0,"cards_obtained":["Undo","Defragment"]}],"is_beta":false,"boss_relics":[{"not_picked":["Sozu","Tiny House"],"picked":"Cursed Key"}],"items_purged_floors":[],"is_endless":false,"potions_floor_spawned":[4,5,10,12,14,22,27],"killed_by":"Gremlin Leader","ascension_level":20}}