{"host":"7sraw4slf3fv6bnj","time":1610849340,"event":{"mods":["BaseMod","Downfall","Jorbs\u0027s Wanderer Trilogy","Marisa????????","Minty Spire (QoL Compilation)","Shop Mod","StSLib","The Cursed"],"gold_per_floor":[114,289,303,303,303,303,334,345,345,357,377,389,400,432,432,532,532,551,568,568,568,568,594,594,619,619,636,636,646,681,696,696,801,801,819,819,1818,1818,1156,1181,1201,1201,1270,1302,987,1001,578,593,593,593,593,593,294,327,327],"floor_reached":56,"language":"SPA","playtime":27876,"items_purged":["Normality","Normality","Wraith","TheCursedMod:CircleOfWindfury+1"],"score":1602,"play_id":"95dad547-6196-427f-9548-1db99a6725ab","local_time":"20210116220859","is_ascension_mode":false,"campfire_choices":[{"data":"TheCursedMod:StunningStrike","floor":6,"key":"SMITH"},{"data":"TheCursedMod:CursedSpellbook","floor":15,"key":"SMITH"},{"data":"TheCursedMod:CursedSpellbook","floor":28,"key":"SMITH"},{"data":"TheCursedMod:CircleOfWindfury","floor":32,"key":"SMITH"},{"data":"TheCursedMod:TacticalStrike","floor":42,"key":"SMITH"},{"floor":49,"key":"RECALL"},{"data":"TheCursedMod:CircleOfWindfury","floor":52,"key":"SMITH"}],"circlet_count":0,"master_deck":["TheCursedMod:Strike_TheCursed+1","TheCursedMod:SpitefulStrike+1","TheCursedMod:TacticalStrike+1","TheCursedMod:VitalStrike+1","TheCursedMod:FuryStrike","TheCursedMod:FuryStrike","TheCursedMod:CursedSpellbook+1","TheCursedMod:StunningStrike+1","TheCursedMod:ManaBullet","Doubt","TheCursedMod:SpitefulStrike","TheCursedMod:WearCloak","TheCursedMod:RavingStaff","TheCursedMod:CursedSpellbook+1","TheCursedMod:SpitefulStrike","TheCursedMod:SpitefulStrike","TheCursedMod:CircleOfAbyss","TheCursedMod:FuryStrike","TheCursedMod:ReleasedKnowledge+1","TheCursedMod:DemonSword","Regret","TheCursedMod:SpitefulStrike+1","TheCursedMod:StunningStrike","TheCursedMod:CircleOfWindfury+1","Dramatic Entrance","TheCursedMod:CircleOfWindfury+1","stsjorbsmod:Procrastination","Transmutation","TheCursedMod:SurpriseAttack","Master of Strategy","Finesse"],"relics":["TheCursedMod:FourLeafCloverCharm","Gremlin Horn","Oddly Smooth Stone","Meat on the Bone","Art of War","Cursed Key","Enchiridion","Eternal Feather","MutagenicStrength","TheCursedMod:CrystalBall","White Beast Statue","Black Star","MerchantsRug","Bottled Lightning","InkBottle","Shuriken","Sundial","Potion Belt","Bag of Marbles","Membership Card","ClockworkSouvenir","Bronze Scales","Blood Vial","Bag of Preparation","Whetstone","Sling","Lantern","Kunai"],"acts_visited":["Exordium","TheCity","TheBeyond","TheEnding"],"potions_floor_usage":[16,33,39,41,55,55,55],"damage_taken":[{"damage":0.0,"enemies":"Small Slimes","floor":1.0,"turns":2.0},{"damage":0,"enemies":"2 Louse","floor":3,"turns":1},{"damage":0,"enemies":"3 Sentries","floor":7,"turns":2},{"damage":0,"enemies":"Cultist","floor":8,"turns":1},{"damage":0,"enemies":"Lots of Slimes","floor":10,"turns":1},{"damage":0,"enemies":"Large Slime","floor":11,"turns":1},{"damage":0,"enemies":"Blue Slaver","floor":12,"turns":2},{"damage":0,"enemies":"3 Louse","floor":13,"turns":2},{"damage":0,"enemies":"Gremlin Nob","floor":14,"turns":1},{"damage":0,"enemies":"Hexaghost","floor":16,"turns":3},{"damage":0,"enemies":"Spheric Guardian","floor":18,"turns":1},{"damage":0,"enemies":"3 Byrds","floor":19,"turns":2},{"damage":0,"enemies":"Book of Stabbing","floor":23,"turns":2},{"damage":27,"enemies":"Slavers","floor":25,"turns":2},{"damage":0,"enemies":"Centurion and Healer","floor":27,"turns":3},{"damage":0,"enemies":"Shelled Parasite and Fungi","floor":29,"turns":2},{"damage":4,"enemies":"Gremlin Leader","floor":30,"turns":4},{"damage":10,"enemies":"Sentry and Sphere","floor":31,"turns":3},{"damage":43,"enemies":"Champ","floor":33,"turns":5},{"damage":0,"enemies":"Orb Walker","floor":35,"turns":2},{"damage":0,"enemies":"Giant Head","floor":40,"turns":6},{"damage":25,"enemies":"3 Shapes","floor":41,"turns":3},{"damage":2,"enemies":"Nemesis","floor":44,"turns":3},{"damage":0,"enemies":"3 Darklings","floor":46,"turns":1},{"damage":16,"enemies":"Transient","floor":48,"turns":5},{"damage":0,"enemies":"Donu and Deca","floor":50,"turns":2},{"damage":0,"enemies":"Shield and Spear","floor":54,"turns":1},{"damage":54,"enemies":"The Heart","floor":55,"turns":5}],"seed_played":"8669376571376404910","potions_obtained":[{"floor":3,"key":"FearPotion"},{"floor":5,"key":"ColorlessPotion"},{"floor":5,"key":"AttackPotion"},{"floor":16,"key":"Swift Potion"},{"floor":33,"key":"Fire Potion"},{"floor":40,"key":"AttackPotion"},{"floor":41,"key":"AttackPotion"},{"floor":44,"key":"SpeedPotion"}],"is_trial":false,"path_per_floor":["M","?","M","?","?","R","E","M","T","M","M","M","M","E","R","B",null,"M","M","?","?","?","E","?","E","T","M","R","M","E","M","R","B",null,"M","?","?","?","$","E","M","R","T","E","$","M","$","M","R","B",null,"R","$","E","B",null],"character_chosen":"THE_CURSED","items_purchased":["MerchantsRug","Bottled Lightning","Fruit Juice","Dramatic Entrance","Membership Card","Energy Potion","BlessingOfTheForge","Transmutation","ClockworkSouvenir","Master of Strategy","Finesse","Bronze Scales","Blood Vial","Bag of Preparation","Whetstone","Sling"],"campfire_rested":0,"item_purchase_floors":[39,39,39,39,45,45,45,45,47,47,47,47,47,53,53,53],"current_hp_per_floor":[82,82,82,64,64,64,64,64,64,64,64,64,64,64,64,64,82,82,82,66,66,66,66,66,51,51,51,63,63,59,49,61,30,82,82,82,82,82,87,87,62,77,77,75,75,75,75,61,79,81,87,87,87,87,45],"gold":327,"neow_bonus":"TEN_PERCENT_HP_BONUS","is_daily":false,"chose_seed":false,"campfire_upgraded":6,"win_rate":0.0,"timestamp":1610849339,"path_taken":["M","?","M","?","?","R","E","M","T","M","?","?","M","E","R","BOSS","M","M","?","?","?","E","?","E","T","M","R","M","E","M","R","BOSS","M","?","?","?","$","E","M","R","T","E","?","?","$","M","R","BOSS","R","$","E","BOSS"],"items_purchased_type":["Relic","Relic","Potion","Card","Relic","Potion","Potion","Card","Relic","Card","Card","Relic","Relic","Relic","Relic","Relic"],"build_version":"2020-11-30","purchased_purges":4,"victory":true,"max_hp_per_floor":[82,82,82,82,82,82,82,82,82,82,82,82,82,82,82,82,82,82,82,82,82,82,82,82,82,82,82,82,82,82,82,82,82,82,82,82,82,82,87,87,87,87,87,87,87,87,87,87,87,87,87,87,87,87,87],"card_choices":[{"not_picked":["TheCursedMod:SmokeScreen","TheCursedMod:VitalStrike"],"picked":"TheCursedMod:ManaBullet","floor":1.0},{"not_picked":["TheCursedMod:TacticalStrike","TheCursedMod:SoulCrush"],"picked":"TheCursedMod:SpitefulStrike","floor":3},{"not_picked":["TheCursedMod:Torture","TheCursedMod:CursedShiv"],"picked":"TheCursedMod:WearCloak","floor":7},{"not_picked":["TheCursedMod:CircleOfFocus","TheCursedMod:HellfireBreathing"],"picked":"TheCursedMod:RavingStaff","floor":8},{"not_picked":["TheCursedMod:Neurasthenia","TheCursedMod:CursedAmulet"],"picked":"TheCursedMod:CursedSpellbook","floor":10},{"not_picked":["TheCursedMod:Obscuration","TheCursedMod:VitalStrike","TheCursedMod:PrepareRite"],"picked":"SKIP","floor":11},{"not_picked":["TheCursedMod:CircleOfAmplification","TheCursedMod:CursedShiv"],"picked":"TheCursedMod:SpitefulStrike","floor":12},{"not_picked":["TheCursedMod:CircleOfAmplification","TheCursedMod:Stretching","TheCursedMod:ManaBullet"],"picked":"SKIP","floor":13},{"not_picked":["TheCursedMod:TroublousMinions","TheCursedMod:Stigma"],"picked":"TheCursedMod:SpitefulStrike","floor":14},{"not_picked":["TheCursedMod:ForbiddenAlchemy","TheCursedMod:ManaCirculation"],"picked":"TheCursedMod:CircleOfAbyss","floor":16},{"not_picked":["TheCursedMod:Stretching","TheCursedMod:CircleOfCorruption","TheCursedMod:Stigma"],"picked":"SKIP","floor":18},{"not_picked":["TheCursedMod:CursedAmulet","TheCursedMod:Grudge"],"picked":"TheCursedMod:FuryStrike","floor":19},{"not_picked":["TheCursedMod:CircleOfCorruption","TheCursedMod:SmokeScreen"],"picked":"TheCursedMod:ReleasedKnowledge+1","floor":23},{"not_picked":["TheCursedMod:StingEye","TheCursedMod:Obscuration"],"picked":"TheCursedMod:DemonSword","floor":25},{"not_picked":["TheCursedMod:CircleOfBlood","TheCursedMod:SpreadPlague","TheCursedMod:Stigma"],"picked":"SKIP","floor":27},{"not_picked":["TheCursedMod:PrepareRite","TheCursedMod:Grudge+1"],"picked":"TheCursedMod:SpitefulStrike+1","floor":29},{"not_picked":["TheCursedMod:FleshFromBone+1","TheCursedMod:SaltUponWound","TheCursedMod:CursedBlade"],"picked":"SKIP","floor":30},{"not_picked":["TheCursedMod:CircleOfFlame","TheCursedMod:EmpowerCircles+1","TheCursedMod:CursedShiv"],"picked":"SKIP","floor":31},{"not_picked":["TheCursedMod:NeowsMight","TheCursedMod:AntiAging"],"picked":"TheCursedMod:StunningStrike","floor":33},{"not_picked":["TheCursedMod:CircleOfFlame","TheCursedMod:WearCloak"],"picked":"TheCursedMod:CircleOfWindfury+1","floor":35},{"not_picked":["TheCursedMod:Stretching+1","TheCursedMod:DemonicPact","TheCursedMod:WearCloak"],"picked":"SKIP","floor":40},{"not_picked":["TheCursedMod:FleshFromBone+1","TheCursedMod:SpitefulPlan"],"picked":"TheCursedMod:CircleOfWindfury","floor":41},{"not_picked":["TheCursedMod:FleshFromBone","TheCursedMod:Hemoplague","TheCursedMod:HellsGateOpen"],"picked":"SKIP","floor":44},{"not_picked":["TheCursedMod:PrepareRite+1","TheCursedMod:CircleOfAmplification+1"],"picked":"TheCursedMod:SurpriseAttack","floor":46},{"not_picked":["TheCursedMod:StingEye","TheCursedMod:CursedBlade+1","TheCursedMod:CursedAmulet+1"],"picked":"SKIP","floor":48},{"not_picked":["TheCursedMod:CursedMace+1","TheCursedMod:Hemoplague+1","TheCursedMod:CursedBlade+1"],"picked":"SKIP","floor":54}],"player_experience":103996,"relics_obtained":[{"floor":7,"key":"Oddly Smooth Stone"},{"floor":9,"key":"Meat on the Bone"},{"floor":14,"key":"Art of War"},{"floor":20,"key":"Enchiridion"},{"floor":23,"key":"Eternal Feather"},{"floor":25,"key":"TheCursedMod:CrystalBall"},{"floor":30,"key":"White Beast Statue"},{"floor":40,"key":"InkBottle"},{"floor":40,"key":"Shuriken"},{"floor":43,"key":"Sundial"},{"floor":44,"key":"Potion Belt"},{"floor":44,"key":"Bag of Marbles"},{"floor":54,"key":"Lantern"},{"floor":54,"key":"Kunai"}],"event_choices":[{"damage_healed":0,"gold_gain":175,"player_choice":"AGREE","damage_taken":0,"max_hp_gain":0,"max_hp_loss":0,"event_name":"Liars Game","floor":2,"gold_loss":0,"cards_obtained":["Doubt"]},{"damage_healed":0,"gold_gain":0,"player_choice":"Success","damage_taken":18,"relics_obtained":["Gremlin Horn"],"max_hp_gain":0,"max_hp_loss":0,"event_name":"Scrap Ooze","floor":4,"gold_loss":0},{"damage_healed":0,"gold_gain":0,"player_choice":"Got Potions","damage_taken":0,"max_hp_gain":0,"max_hp_loss":0,"event_name":"Lab","floor":5,"gold_loss":0},{"damage_healed":0,"gold_gain":0,"player_choice":"Obtained Book","damage_taken":16,"max_hp_gain":0,"max_hp_loss":0,"event_name":"Cursed Tome","floor":20,"gold_loss":0},{"damage_healed":0,"gold_gain":0,"player_choice":"Ignored","damage_taken":0,"max_hp_gain":0,"max_hp_loss":0,"event_name":"Beggar","floor":21,"gold_loss":0},{"damage_healed":0,"gold_gain":0,"player_choice":"Simplicity","damage_taken":0,"max_hp_gain":0,"max_hp_loss":0,"event_name":"Back to Basics","floor":22,"gold_loss":0,"cards_upgraded":["TheCursedMod:Strike_TheCursed"]},{"damage_healed":0,"gold_gain":0,"player_choice":"Inject Mutagens","damage_taken":0,"relics_obtained":["MutagenicStrength"],"max_hp_gain":0,"max_hp_loss":0,"event_name":"Drug Dealer","floor":24,"gold_loss":0},{"damage_healed":0,"gold_gain":0,"player_choice":"Ignored","damage_taken":0,"max_hp_gain":0,"max_hp_loss":0,"event_name":"OrinTheCat","floor":36,"gold_loss":0},{"damage_healed":0,"gold_gain":999,"player_choice":"Gold","damage_taken":0,"max_hp_gain":0,"max_hp_loss":0,"event_name":"MindBloom","floor":37,"gold_loss":0,"cards_obtained":["Normality","Normality"]},{"cards_removed":["TheCursedMod:CleanUpWorkshop"],"damage_healed":0,"gold_gain":0,"player_choice":"Removed Skill","damage_taken":0,"max_hp_gain":0,"max_hp_loss":0,"event_name":"Falling","floor":38,"gold_loss":0}],"is_beta":false,"boss_relics":[{"not_picked":["Empty Cage","SlaversCollar"],"picked":"Cursed Key"},{"not_picked":["Snecko Eye","SacredBark"],"picked":"Black Star"}],"items_purged_floors":[39,45,47,53],"is_endless":false,"potions_floor_spawned":[3,12,14,16,18,23,27,31,33,35,40,41,44,46,48,54],"ascension_level":0}}