{"host":"Diee","time":1610894333,"event":{"mods":["Act Like it!","BaseMod","Gensokyo","Minty Spire (QoL Compilation)","Replay The Spire","StSLib"],"gold_per_floor":[118,143,156,81,93,120,144,144,144,144,155,184,184,218,218,313,313,332,332,332,53,67,396,396,422,494,522,541,556,195,223,223,223,223],"floor_reached":33,"language":"ZHS","playtime":2006,"items_purged":["Strike_R","Defend_R"],"score":415,"play_id":"e6a5e879-06c0-4634-89bf-7b4bc7fce50b","local_time":"20210117223853","is_ascension_mode":true,"campfire_choices":[{"data":"Cleave","floor":8.0,"key":"SMITH"},{"data":"Flex","floor":10.0,"key":"SMITH"},{"data":"Bash","floor":13.0,"key":"SMITH"},{"floor":15.0,"key":"DIG"},{"floor":24.0,"key":"REST"},{"floor":32.0,"key":"RECALL"}],"circlet_count":0,"master_deck":["Strike_R","Strike_R","Strike_R","Strike_R","Defend_R","Defend_R","Defend_R","Bash+1","Cleave+1","Pommel Strike","Offering","Clash","Flex+1","Clash+1","Warcry","Twin Strike+1","Whirlwind+1","Dual Wield+1"],"relics":["Burning Blood","NeowsBlessing","Replay:Bottled Steam","Divine Protection","Bird Faced Urn","Pantograph","Replay:Wax Seal","Shuriken","FossilizedHelix","Fusion Hammer","Gensokyo:RedStar","Prayer Wheel","ClockworkSouvenir","Centennial Puzzle","Dead Branch","Shovel","Golden Egg","Anchor","Replay:WaspNest","Molten Egg 2"],"acts_visited":["Gensokyo:Gensokyo","Gensokyo:Gensokyoer"],"potions_floor_usage":[33,33,33],"damage_taken":[{"damage":0.0,"enemies":"Gensokyo:Python","floor":1.0,"turns":1.0},{"damage":0.0,"enemies":"Gensokyo:Aya","floor":2.0,"turns":1.0},{"damage":0.0,"enemies":"Gensokyo:3_Fairies","floor":3.0,"turns":1.0},{"damage":10.0,"enemies":"Gensokyo:2_Rabbits","floor":5.0,"turns":5.0},{"damage":21.0,"enemies":"Gensokyo:Cirno","floor":6.0,"turns":5.0},{"damage":0.0,"enemies":"Gensokyo:VengefulSpirit","floor":11.0,"turns":3.0},{"damage":18.0,"enemies":"Gensokyo:Mamizou","floor":12.0,"turns":8.0},{"damage":17.0,"enemies":"Gensokyo:Cirno","floor":14.0,"turns":4.0},{"damage":32.0,"enemies":"Gensokyo:Kokoro","floor":16.0,"turns":7.0},{"damage":4.0,"enemies":"Gensokyo:3_Dogs","floor":18.0,"turns":4.0},{"damage":9.0,"enemies":"Gensokyo:Chomper","floor":22.0,"turns":5.0},{"damage":29.0,"enemies":"Gensokyo:Tenshi","floor":23.0,"turns":4.0},{"damage":21.0,"enemies":"Gensokyo:Koishi","floor":25.0,"turns":5.0},{"damage":6.0,"enemies":"Gensokyo:Reisen","floor":27.0,"turns":4.0},{"damage":6.0,"enemies":"Gensokyo:Wraith","floor":28.0,"turns":4.0},{"damage":0.0,"enemies":"Gensokyo:Monolith_and_Dog","floor":29.0,"turns":2.0},{"damage":7.0,"enemies":"Gensokyo:Koishi","floor":31.0,"turns":3.0},{"damage":44,"enemies":"Gensokyo:Kaguya","floor":33,"turns":3}],"seed_played":"450223455830941331","potions_obtained":[{"floor":3.0,"key":"BlessingOfTheForge"},{"floor":6.0,"key":"Block Potion"},{"floor":12.0,"key":"BloodPotion"},{"floor":16.0,"key":"Strength Potion"},{"floor":22.0,"key":"Strength Potion"}],"is_trial":false,"path_per_floor":["M","?","M","$","M","E","?","R","T","R","M","E","R","E","R","B",null,"M","?","?","COS","M","E","R","E","T","E","M","M","$","E","R","B"],"character_chosen":"IRONCLAD","items_purchased":["Replay:WaspNest"],"campfire_rested":1,"item_purchase_floors":[30],"current_hp_per_floor":[80,80,80,80,76,61,41,41,41,41,47,35,35,24,24,23,80,80,80,74,74,71,48,70,55,55,59,59,65,65,64,64,0,0],"gold":223,"neow_bonus":"THREE_ENEMY_KILL","is_daily":false,"chose_seed":false,"campfire_upgraded":3,"win_rate":0.0,"timestamp":1610894333,"path_taken":["M","?","M","?","M","E","?","R","T","R","M","E","R","E","R","BOSS","M","?","?","COS","M","E","R","E","T","E","M","M","$","E","R","BOSS"],"items_purchased_type":["Relic"],"build_version":"2020-12-18","purchased_purges":2,"victory":false,"max_hp_per_floor":[80,80,80,80,80,80,80,80,80,80,80,80,80,80,80,80,80,80,80,74,74,74,74,74,74,74,74,74,74,74,74,74,37,37],"card_choices":[{"not_picked":["Wild Strike","Spot Weakness","Anger"],"picked":"SKIP","floor":1.0},{"not_picked":["Anger","Havoc"],"picked":"Cleave","floor":2.0},{"not_picked":["True Grit","Reckless Charge"],"picked":"Pommel Strike","floor":3.0},{"not_picked":["Reckless Charge","ReplayTheSpireMod:Stacked"],"picked":"Offering","floor":5.0},{"not_picked":["Rupture","Iron Wave"],"picked":"Clash","floor":6.0},{"not_picked":["Thunderclap","Cleave"],"picked":"Flex","floor":7.0},{"not_picked":["Dropkick","Shrug It Off","Thunderclap"],"picked":"SKIP","floor":11.0},{"not_picked":["Perfected Strike","Shrug It Off","Headbutt"],"picked":"SKIP","floor":12.0},{"not_picked":["Twin Strike","Demonic Infusion","Heavy Blade"],"picked":"SKIP","floor":14.0},{"not_picked":["Run Through","Flex","Body Slam"],"picked":"SKIP","floor":18.0},{"not_picked":["True Grit+1","Perfected Strike+1"],"picked":"Clash+1","floor":22.0},{"not_picked":["Abandon","Wild Strike","Flex"],"picked":"SKIP","floor":22.0},{"not_picked":["Disarm+1","Rage","Life Link"],"picked":"SKIP","floor":22.0},{"not_picked":["ReplayTheSpireMod:Strike From Hell","Shrug It Off","Wild Strike"],"picked":"SKIP","floor":23.0},{"not_picked":["Headbutt","Reckless Charge"],"picked":"Warcry","floor":25.0},{"not_picked":["Immolate","Demon Form","Berserk"],"picked":"SKIP","floor":25.0},{"not_picked":["Replay:Undeath\u0027s Touch","Anger"],"picked":"Twin Strike+1","floor":27.0},{"not_picked":["Dark Embrace","Havoc+1"],"picked":"Whirlwind+1","floor":28.0},{"not_picked":["Barricade","Run Through","Flex"],"picked":"SKIP","floor":28.0},{"not_picked":["Shrug It Off+1","Run Through"],"picked":"Dual Wield+1","floor":29.0},{"not_picked":["Thunderclap","Fire Breathing","Warcry"],"picked":"SKIP","floor":29.0},{"not_picked":["Clothesline+1","Immolate+1","Cleave+1"],"picked":"SKIP","floor":31.0}],"player_experience":104060,"relics_obtained":[{"floor":2.0,"key":"Replay:Bottled Steam"},{"floor":6.0,"key":"Divine Protection"},{"floor":7.0,"key":"Bird Faced Urn"},{"floor":9.0,"key":"Pantograph"},{"floor":12.0,"key":"Replay:Wax Seal"},{"floor":14.0,"key":"Shuriken"},{"floor":15.0,"key":"FossilizedHelix"},{"floor":23.0,"key":"Dead Branch"},{"floor":25.0,"key":"Shovel"},{"floor":26.0,"key":"Golden Egg"},{"floor":27.0,"key":"Anchor"},{"floor":31.0,"key":"Molten Egg 2"}],"event_choices":[],"is_beta":true,"boss_relics":[{"not_picked":["Snecko Eye","Runic Cube"],"picked":"Fusion Hammer"}],"items_purged_floors":[4,30],"is_endless":false,"potions_floor_spawned":[3,6,12,16,22,25,27,31],"killed_by":"Gensokyo:Kaguya","ascension_level":1}}