{"host":"sum4dy402bbv9y4o","time":1610905993,"event":{"mods":["Aspiration","BaseMod","Conspire","Highlight Path","Minty Spire (QoL Compilation)","StSLib"],"gold_per_floor":[117,42,42,57,57,83,94,124,124,159,175,21,37,51,51,124,124,138,138,81,81,81,81],"floor_reached":22,"language":"ENG","playtime":599,"items_purged":["Thunderclap","Strike_R"],"score":408,"play_id":"b8c4547b-a4d3-44b9-bee8-39a8f8d8e08c","local_time":"20210117205313","is_ascension_mode":true,"campfire_choices":[{"floor":15,"key":"REST"}],"circlet_count":0,"master_deck":["AscendersBane","Strike_R","Defend_R","Defend_R","Defend_R","Bash","Spot Weakness","Quick Slash","Quick Slash","Catalyst","Cleave+1","Anger","FollowUp","BowlingBash"],"relics":["Burning Blood","White Beast Statue","Singing Bowl","conspire:Flyswatter","Omamori","aspiration:WatcherSkillbook"],"acts_visited":["Exordium","TheCity"],"potions_floor_usage":[8,8,10,11,14,16,16,22],"damage_taken":[{"damage":3,"enemies":"2 Louse","floor":1,"turns":4},{"damage":4,"enemies":"Small Slimes","floor":4,"turns":4},{"damage":40,"enemies":"Lagavulin","floor":6,"turns":5},{"damage":1,"enemies":"Cultist","floor":7,"turns":3},{"damage":19,"enemies":"3 Sentries","floor":8,"turns":3},{"damage":30,"enemies":"Lagavulin","floor":10,"turns":5},{"damage":0,"enemies":"2 Fungi Beasts","floor":11,"turns":2},{"damage":0,"enemies":"Exordium Wildlife","floor":13,"turns":2},{"damage":7,"enemies":"Large Slime","floor":14,"turns":3},{"damage":44,"enemies":"The Guardian","floor":16,"turns":10},{"damage":64,"enemies":"3 Byrds","floor":18,"turns":7},{"damage":16,"enemies":"Shell Parasite","floor":22,"turns":1}],"seed_played":"7977091123427104642","potions_obtained":[{"floor":6,"key":"CultistPotion"},{"floor":7,"key":"SneckoOil"},{"floor":8,"key":"Strength Potion"},{"floor":10,"key":"Fire Potion"},{"floor":11,"key":"Ancient Potion"},{"floor":13,"key":"DuplicationPotion"},{"floor":14,"key":"Fire Potion"},{"floor":16,"key":"Strength Potion"},{"floor":18,"key":"Explosive Potion"}],"is_trial":false,"path_per_floor":["M","$","?","M","?","E","M","E","T","E","M","$","M","M","R","B",null,"M","?","$","?","M"],"character_chosen":"IRONCLAD","items_purchased":["PowerPotion","BowlingBash"],"campfire_rested":1,"item_purchase_floors":[12,20],"current_hp_per_floor":[71,71,71,73,73,39,44,33,33,11,19,19,27,28,53,17,70,12,12,12,12,0,0],"gold":81,"neow_bonus":"TRANSFORM_CARD","is_daily":false,"chose_seed":false,"campfire_upgraded":0,"win_rate":0.0,"timestamp":1610905993,"path_taken":["M","$","?","M","?","E","M","E","T","E","?","$","M","M","R","BOSS","M","?","$","?","M"],"items_purchased_type":["Potion","Card"],"build_version":"2020-12-22","purchased_purges":2,"victory":false,"max_hp_per_floor":[75,75,75,75,75,75,75,77,77,79,81,81,83,85,85,87,87,87,87,87,87,87,87],"card_choices":[{"not_picked":["Twin Strike","Havoc"],"picked":"Spot Weakness","floor":1},{"not_picked":["Havoc","Perfected Strike"],"picked":"Cleave","floor":4},{"not_picked":["Havoc","Warcry","Thunderclap"],"picked":"SKIP","floor":6},{"not_picked":["Entrench","Flame Barrier"],"picked":"Anger","floor":7},{"not_picked":["conspire:Charge","Anger","Heavy Blade"],"picked":"Singing Bowl","floor":8},{"not_picked":["Armaments","Cleave","Warcry"],"picked":"Singing Bowl","floor":10},{"not_picked":["Uppercut","Clash","Iron Wave"],"picked":"Singing Bowl","floor":11},{"not_picked":["True Grit","Body Slam","Seeing Red"],"picked":"Singing Bowl","floor":13},{"not_picked":["Sword Boomerang","Fire Breathing","Clothesline"],"picked":"Singing Bowl","floor":14},{"not_picked":["Fiend Fire","Bludgeon","conspire:Purge"],"picked":"Singing Bowl","floor":16},{"not_picked":["Anger","Conclude","InnerPeace"],"picked":"FollowUp","floor":18}],"player_experience":2952241,"relics_obtained":[{"floor":6,"key":"White Beast Statue"},{"floor":8,"key":"Singing Bowl"},{"floor":9,"key":"conspire:Flyswatter"},{"floor":10,"key":"Omamori"}],"event_choices":[{"damage_healed":0,"gold_gain":0,"player_choice":"Forge","damage_taken":0,"max_hp_gain":0,"max_hp_loss":0,"event_name":"Accursed Blacksmith","floor":5,"gold_loss":0,"cards_upgraded":["Cleave"]},{"damage_healed":0,"gold_gain":0,"player_choice":"Ignored","damage_taken":0,"max_hp_gain":0,"max_hp_loss":0,"event_name":"Cursed Tome","floor":19,"gold_loss":0},{"damage_healed":0,"gold_gain":0,"player_choice":"Smashed Altar","damage_taken":0,"max_hp_gain":0,"max_hp_loss":0,"event_name":"Forgotten Altar","floor":21,"gold_loss":0,"cards_obtained":["Decay"]}],"is_beta":false,"boss_relics":[{"not_picked":["Coffee Dripper","conspire:RoyalGoblet"],"picked":"aspiration:WatcherSkillbook"}],"items_purged_floors":[2,12],"is_endless":false,"potions_floor_spawned":[6,7,8,10,11,13,14,16,18],"killed_by":"Shell Parasite","ascension_level":20}}