{"host":"r2kogfp0vqm1y5g3","time":1610920707,"event":{"mods":["AchievementEnabler","BaseMod","Downfall","Marisa????????","Minty Spire (QoL Compilation)","Quick Restart","StSLib","The Animator","The Cursed"],"gold_per_floor":[114,127,158,158,174,174,174,174,174,209,227,227,227],"floor_reached":12,"language":"ENG","playtime":1255,"items_purged":[],"score":84,"play_id":"66f59beb-44d3-4a4d-8564-fdcd2f09fc78","local_time":"20210117225827","is_ascension_mode":true,"campfire_choices":[{"floor":6,"key":"RECALL"},{"data":"animator:EmiyaShirou","floor":8,"key":"SMITH"}],"circlet_count":0,"master_deck":["animator:Strike_NoGameNoLife","animator:Defend_NoGameNoLife","animator:Strike","animator:Strike","animator:Strike","animator:Defend","animator:Defend","animator:Defend","animator:DolaSchwi","animator:DolaCouronne+1","animator:Aisha","animator:EmiyaShirou+1","animator:KyokoSakura","animator:YachiyoNanami","animator:Evileye","animator:Entoma"],"relics":["animator:LivingPicture","animator:TheMissingPiece","animator:PurgingStone","NeowsBlessing","Nunchaku"],"acts_visited":["Exordium"],"potions_floor_usage":[12],"damage_taken":[{"damage":0.0,"enemies":"Cultist","floor":1.0,"turns":1.0},{"damage":0.0,"enemies":"Jaw Worm","floor":2.0,"turns":1.0},{"damage":0.0,"enemies":"2 Louse","floor":3.0,"turns":1.0},{"damage":2,"enemies":"Blue Slaver","floor":5,"turns":4},{"damage":15,"enemies":"Lagavulin","floor":10,"turns":7},{"damage":18,"enemies":"3 Louse","floor":11,"turns":5},{"damage":35,"enemies":"Gremlin Nob","floor":12,"turns":5}],"seed_played":"6980008379987232504","potions_obtained":[{"floor":1.0,"key":"Weak Potion"},{"floor":5,"key":"Energy Potion"},{"floor":11,"key":"Weak Potion"}],"is_trial":false,"path_per_floor":["M","M","M","$","M","R","?","R","T","E","M","E"],"character_chosen":"THE_ANIMATOR","items_purchased":[],"campfire_rested":0,"item_purchase_floors":[],"current_hp_per_floor":[66,66,66,66,65,65,65,65,65,50,32,0,0],"gold":227,"neow_bonus":"THREE_ENEMY_KILL","is_daily":false,"chose_seed":false,"campfire_upgraded":1,"win_rate":0.0,"timestamp":1610920707,"path_taken":["M","M","?","$","?","R","?","R","T","E","M","E"],"items_purchased_type":[],"build_version":"2020-12-22","purchased_purges":0,"victory":false,"max_hp_per_floor":[66,66,66,66,67,67,67,67,67,67,67,67,67],"card_choices":[{"not_picked":["animator:YunYun","animator:AcuraAkari"],"picked":"animator:Aisha","floor":1.0},{"not_picked":["animator:Berserker","animator:Kazuma"],"picked":"animator:EmiyaShirou","floor":2.0},{"not_picked":["animator:Shalltear","animator:Kuribayashi"],"picked":"animator:KyokoSakura","floor":3},{"not_picked":["animator:SuzuneAmano","animator:IrohaTamaki"],"picked":"animator:YachiyoNanami","floor":5},{"not_picked":["animator:Arpeggio","animator:Lu"],"picked":"animator:Evileye","floor":10},{"not_picked":["animator:Evileye","animator:MamiTomoe"],"picked":"animator:Entoma","floor":11}],"player_experience":58052,"relics_obtained":[{"floor":10,"key":"Nunchaku"}],"event_choices":[{"damage_healed":0,"gold_gain":0,"player_choice":"Forge","damage_taken":0,"max_hp_gain":0,"max_hp_loss":0,"event_name":"Accursed Blacksmith","floor":7,"gold_loss":0,"cards_upgraded":["animator:DolaCouronne"]}],"is_beta":false,"boss_relics":[],"items_purged_floors":[],"is_endless":false,"potions_floor_spawned":[1,5,11],"killed_by":"Gremlin Nob","ascension_level":1}}