{"host":"4rvakrj1idbgia3f","time":1610862134,"event":{"mods":["BaseMod","Colored Map","Colored Powertips","DeckTracker","Highlight Path","Minty Spire (QoL Compilation)","Random Character Button","StSLib"],"gold_per_floor":[109,126,276,22,22,22,97,97,97,97,122,122,151,163,163,240,240,255,270,320,370,383,383,398,398,398],"floor_reached":25,"language":"JPN","playtime":859,"items_purged":["Doubt"],"score":418,"play_id":"b8693e23-4f7c-4802-8c79-06d273e83385","local_time":"20210117144214","is_ascension_mode":true,"campfire_choices":[{"data":"Apotheosis","floor":6,"key":"SMITH"},{"floor":10,"key":"REST"},{"data":"Zap","floor":12,"key":"SMITH"},{"data":"Darkness","floor":15,"key":"SMITH"},{"data":"Defragment","floor":23,"key":"SMITH"}],"circlet_count":0,"master_deck":["AscendersBane","Strike_B","Defend_B+1","Defend_B","Defend_B","Zap+1","Dualcast","Ball Lightning","Compile Driver","Apotheosis+1","Darkness+1","Chill+1","Ball Lightning","Biased Cognition","Fission+1","Redo+1","Multi-Cast+1","Glacier","Defragment+1","Capacitor"],"relics":["Cracked Core","SsserpentHead","Gremlin Horn","Omamori","War Paint","Astrolabe","InkBottle"],"acts_visited":["Exordium","TheCity"],"potions_floor_usage":[13,13,24],"damage_taken":[{"damage":4,"enemies":"2 Louse","floor":1,"turns":2},{"damage":8,"enemies":"Small Slimes","floor":2,"turns":3},{"damage":16,"enemies":"Lagavulin","floor":11,"turns":5},{"damage":20,"enemies":"3 Sentries","floor":13,"turns":5},{"damage":0,"enemies":"Cultist","floor":14,"turns":4},{"damage":15,"enemies":"Hexaghost","floor":16,"turns":7},{"damage":25,"enemies":"Shell Parasite","floor":18,"turns":4},{"damage":5,"enemies":"Spheric Guardian","floor":19,"turns":5},{"damage":8,"enemies":"3 Cultists","floor":22,"turns":6},{"damage":5,"enemies":"Snake Plant","floor":24,"turns":3},{"damage":28,"enemies":"Shelled Parasite and Fungi","floor":25,"turns":2}],"seed_played":"4474433790797673003","potions_obtained":[{"floor":2,"key":"Dexterity Potion"},{"floor":11,"key":"FocusPotion"},{"floor":16,"key":"Dexterity Potion"},{"floor":22,"key":"Swift Potion"},{"floor":24,"key":"Swift Potion"}],"is_trial":false,"path_per_floor":["M","M","?","$","?","R","?","?","T","R","E","R","E","M","R","B",null,"M","M","T","?","M","R","M","M"],"character_chosen":"DEFECT","items_purchased":["Apotheosis"],"campfire_rested":1,"item_purchase_floors":[4],"current_hp_per_floor":[56,48,48,48,48,48,37,37,37,62,46,46,26,26,26,11,67,42,37,37,37,29,29,24,0,0],"gold":398,"neow_bonus":"TWENTY_PERCENT_HP_BONUS","is_daily":false,"chose_seed":false,"campfire_upgraded":4,"win_rate":0.0,"timestamp":1610862134,"path_taken":["M","M","?","$","?","R","?","?","T","R","E","R","E","M","R","BOSS","M","M","?","?","M","R","M","M"],"items_purchased_type":["Card"],"build_version":"2020-12-22","purchased_purges":1,"victory":false,"max_hp_per_floor":[85,85,85,85,85,85,85,85,85,85,85,85,85,85,85,85,85,85,85,85,85,85,85,85,85,85],"card_choices":[{"not_picked":["Compile Driver","Streamline"],"picked":"Ball Lightning","floor":1},{"not_picked":["Streamline","Rebound"],"picked":"Compile Driver","floor":2},{"not_picked":["Undo","Fusion"],"picked":"Darkness","floor":11},{"not_picked":["All For One","Auto Shields"],"picked":"Chill","floor":13},{"not_picked":["Fusion","Gash"],"picked":"Ball Lightning","floor":14},{"not_picked":["Thunder Strike","Buffer"],"picked":"Biased Cognition","floor":16},{"not_picked":["Go for the Eyes","Barrage"],"picked":"Glacier","floor":18},{"not_picked":["Rip and Tear","Skim","Compile Driver"],"picked":"SKIP","floor":19},{"not_picked":["Turbo","Go for the Eyes"],"picked":"Defragment","floor":22},{"not_picked":["Sweeping Beam+1","Chaos"],"picked":"Capacitor","floor":24}],"player_experience":2046946,"relics_obtained":[{"floor":9,"key":"Gremlin Horn"},{"floor":11,"key":"Omamori"},{"floor":13,"key":"War Paint"},{"floor":20,"key":"InkBottle"}],"event_choices":[{"damage_healed":0,"gold_gain":150,"player_choice":"AGREE","damage_taken":0,"max_hp_gain":0,"max_hp_loss":0,"event_name":"Liars Game","floor":3,"gold_loss":0,"cards_obtained":["Doubt"]},{"damage_healed":0,"gold_gain":0,"player_choice":"Ignored","damage_taken":0,"max_hp_gain":0,"max_hp_loss":0,"event_name":"Shining Light","floor":5,"gold_loss":0},{"damage_healed":0,"gold_gain":75,"player_choice":"Gather Gold","damage_taken":11,"max_hp_gain":0,"max_hp_loss":0,"event_name":"World of Goop","floor":7,"gold_loss":0},{"damage_healed":0,"gold_gain":0,"player_choice":"Trade","damage_taken":0,"relics_obtained":["SsserpentHead"],"max_hp_gain":0,"max_hp_loss":0,"event_name":"FaceTrader","floor":8,"gold_loss":0},{"cards_removed":["Strike_B"],"damage_healed":0,"gold_gain":0,"player_choice":"Offered Basic","damage_taken":0,"max_hp_gain":0,"max_hp_loss":0,"event_name":"Bonfire Elementals","floor":21,"gold_loss":0}],"is_beta":false,"boss_relics":[{"not_picked":["Busted Crown","Cursed Key"],"picked":"Astrolabe"}],"items_purged_floors":[4],"is_endless":false,"potions_floor_spawned":[2,11,16,22,24],"killed_by":"Shelled Parasite and Fungi","ascension_level":20}}