{"host":"farxtl2u8hmkbdo2","time":1610871456,"event":{"mods":["A Magickal Journey","BaseMod","Challenge The Spire","Colored Map","Colored Powertips","Current Relic Mod","Energized Spire","Gremlin Mod","Hubris","Mimic Mod","Minty Spire (QoL Compilation)","Quick Restart","READ ME - Guardian Mod","READ ME - Snecko Mod","StSLib","The Bladedancer","The Bug Knight","The Disciple","The Elementalist","The Factory","The Necromancer","The Runesmith"],"gold_per_floor":[109,129,148,158,174,174,189,203,203,203,203,203,203,222,222,222,222],"floor_reached":16,"language":"SPA","playtime":663,"items_purged":[],"score":96,"play_id":"de3295bc-ba77-4b99-956b-854d41127bbd","local_time":"20210117051736","is_ascension_mode":false,"campfire_choices":[{"data":"HollowMod:FocusHealStart","floor":6,"key":"SMITH"},{"data":"HollowMod:MantisMark","floor":10,"key":"SMITH"},{"data":"HollowMod:BlackTendrils","floor":12,"key":"SMITH"},{"data":"HollowMod:BlackTendrils","floor":15,"key":"SMITH"}],"circlet_count":0,"master_deck":["HollowMod:NailStrikeStart","HollowMod:NailStrikeStart","HollowMod:NailStrikeStart","HollowMod:NailStrikeStart","HollowMod:QuickDashStart","HollowMod:QuickDashStart","HollowMod:QuickDashStart","HollowMod:FocusHealStart+1","HollowMod:PogoStrike","HollowMod:ZotesMagnificence","HollowMod:MantisMark+1","HollowMod:SiblingsSouls","HollowMod:DashSlash","HollowMod:TaintedHusks","HollowMod:BlackTendrils+1","HollowMod:SiblingsShadow","HollowMod:PerfectDash","HollowMod:BlackTendrils+1","HollowMod:DoubleDash"],"relics":["HollowMod:VesselMask","Pen Nib","Golden Idol"],"acts_visited":["Exordium"],"potions_floor_usage":[8,16],"damage_taken":[{"damage":0,"enemies":"Cultist","floor":1,"turns":2},{"damage":1,"enemies":"Jaw Worm","floor":2,"turns":4},{"damage":5,"enemies":"Small Slimes","floor":3,"turns":2},{"damage":4,"enemies":"Red Slaver","floor":4,"turns":3},{"damage":1,"enemies":"Blue Slaver","floor":5,"turns":4},{"damage":10,"enemies":"Looter","floor":7,"turns":2},{"damage":16,"enemies":"Exordium Wildlife","floor":8,"turns":3},{"damage":9,"enemies":"Red Slaver","floor":14,"turns":3},{"damage":77,"enemies":"Hexaghost","floor":16,"turns":9}],"seed_played":"369603674481159735","potions_obtained":[{"floor":2,"key":"PowerPotion"},{"floor":3,"key":"BlessingOfTheForge"},{"floor":7,"key":"AttackPotion"},{"floor":14,"key":"SpeedPotion"}],"is_trial":false,"path_per_floor":["M","M","M","M","M","R","M","M","T","R","?","R","?","M","R","B"],"character_chosen":"THE_BUGKNIGHT","items_purchased":[],"campfire_rested":0,"item_purchase_floors":[],"current_hp_per_floor":[54,59,54,50,55,55,56,48,48,48,48,48,48,47,47,0,0],"gold":222,"neow_bonus":"THREE_RARE_CARDS","is_daily":false,"chose_seed":false,"campfire_upgraded":4,"win_rate":0.0,"timestamp":1610871456,"path_taken":["M","M","M","M","M","R","?","M","T","R","?","R","?","M","R","BOSS"],"items_purchased_type":[],"build_version":"2020-12-22","purchased_purges":0,"victory":false,"max_hp_per_floor":[75,75,75,75,75,75,75,75,75,75,69,69,69,69,69,69,69],"card_choices":[{"not_picked":["HollowMod:SoulMaster","HollowMod:Hiveblood"],"picked":"HollowMod:ZotesMagnificence","floor":0},{"not_picked":["HollowMod:WraithStrike","HollowMod:SiblingsShadow"],"picked":"HollowMod:MantisMark","floor":1},{"not_picked":["HollowMod:HowlingWraiths","HollowMod:ChannelNail"],"picked":"HollowMod:SiblingsSouls","floor":2},{"not_picked":["HollowMod:NewJinnsSoul","HollowMod:NewLittleFool"],"picked":"HollowMod:DashSlash","floor":3},{"not_picked":["HollowMod:AbyssShriek","HollowMod:SoulSplash"],"picked":"HollowMod:TaintedHusks","floor":4},{"not_picked":["HollowMod:SiblingsSouls","HollowMod:GreatSlash"],"picked":"HollowMod:BlackTendrils","floor":5},{"not_picked":["HollowMod:DesolateDive","HollowMod:InfectionAssault"],"picked":"HollowMod:SiblingsShadow","floor":7},{"not_picked":["HollowMod:MantisMark","HollowMod:ShapeofUnn"],"picked":"HollowMod:PerfectDash","floor":8},{"not_picked":["HollowMod:DesolateDive","HollowMod:HowlingWraiths"],"picked":"HollowMod:DoubleDash","floor":14}],"player_experience":1841112,"relics_obtained":[{"floor":9,"key":"Pen Nib"}],"event_choices":[{"damage_healed":0,"gold_gain":0,"player_choice":"Lose Max HP","damage_taken":0,"relics_obtained":["Golden Idol"],"max_hp_gain":0,"max_hp_loss":6,"event_name":"Golden Idol","floor":11,"gold_loss":0},{"damage_healed":0,"gold_gain":0,"cards_transformed":["HollowMod:QuickDashStart"],"player_choice":"Transformed","damage_taken":0,"max_hp_gain":0,"max_hp_loss":0,"event_name":"Transmorgrifier","floor":13,"gold_loss":0,"cards_obtained":["HollowMod:BlackTendrils"]}],"is_beta":false,"boss_relics":[],"items_purged_floors":[],"is_endless":false,"potions_floor_spawned":[2,3,7,14],"killed_by":"Hexaghost","ascension_level":0}}