{"host":"n264v15x7h51zqzc","time":1610846308,"event":{"mods":["AchievementEnabler","BaseMod","BetterRewards","Colored Powertips","Hermit","Hubris","Infinite Spire","Minty Spire (QoL Compilation)","Replay The Spire","StSLib","The Construct"],"gold_per_floor":[364,364,10014,9459,9473,9473,9473,9488,9488,9058,9058,9097,9121,9141,9141,9265,9265,9265,9265],"floor_reached":18,"language":"ENG","playtime":910,"items_purged":["hubris:Strike_Merchant","Eruption"],"score":162,"play_id":"4387cbce-f10c-4b06-b85a-d47180beb4c0","local_time":"20210116191828","is_ascension_mode":false,"campfire_choices":[{"data":"construct:LaserCore","floor":6.0,"key":"SMITH"},{"data":"construct:Tumble","floor":11.0,"key":"SMITH"},{"data":"construct:Autoturret","floor":15.0,"key":"SMITH"}],"circlet_count":0,"master_deck":["construct:Strike_Gold","construct:Strike_Gold","construct:Strike_Gold","construct:Strike_Gold","construct:Defend_Gold","construct:Defend_Gold","construct:Defend_Gold","construct:Defend_Gold","construct:AttackMode","construct:DefenseMode","construct:Zapper","construct:Enhance","construct:BatteryAcid","construct:LaserCore+1","construct:Tumble","construct:Tumble","construct:Tumble+1","construct:FlameCore","construct:ForceCore+1","construct:Autoturret+1","construct:Failsafe","construct:SiegeForm"],"relics":["construct:Cogwheel","hubris:Icosahedron","Membership Card","Question Card","ReplayTheSpireMod:TigerMarble","Golden Idol","Quantum Egg","Chameleon Ring","Lee\u0027s Waffle","infinitespire:Broken Mirror","Toxic Egg 2","Replay:Drink Me"],"acts_visited":["Exordium","TheCity"],"potions_floor_usage":[],"damage_taken":[{"damage":0.0,"enemies":"2 Louse","floor":1.0,"turns":2.0},{"damage":17.0,"enemies":"Jaw Worm","floor":3.0,"turns":3.0},{"damage":0.0,"enemies":"Small Slimes","floor":5.0,"turns":3.0},{"damage":19.0,"enemies":"Red Slaver","floor":8.0,"turns":5.0},{"damage":10.0,"enemies":"Lagavulin","floor":12.0,"turns":6.0},{"damage":31.0,"enemies":"Large Slime","floor":13.0,"turns":7.0},{"damage":5.0,"enemies":"Exordium Wildlife","floor":14.0,"turns":4.0},{"damage":8.0,"enemies":"Fading Forest","floor":16.0,"turns":11.0},{"damage":0,"enemies":"Chosen","floor":18,"turns":1}],"seed_played":"-1322824096821708753","potions_obtained":[{"floor":1.0,"key":"Block Potion"},{"floor":12.0,"key":"Venom Potion"},{"floor":14.0,"key":"Flashbang"}],"is_trial":false,"path_per_floor":["M","?","M","$","M","R","?","M","T","$","R","E","M","M","R","B",null,"M"],"character_chosen":"THE_CONSTRUCT_MOD","items_purchased":["Membership Card","construct:BatteryAcid","Question Card","ReplayTheSpireMod:TigerMarble","Explosive Potion","Swift Potion","construct:ReactiveShield","Chameleon Ring","Lee\u0027s Waffle","infinitespire:Broken Mirror","construct:Tumble","construct:FlameCore"],"campfire_rested":0,"item_purchase_floors":[4,4,4,4,4,4,4,10,10,10,10,10],"current_hp_per_floor":[85,85,68,68,68,68,47,40,40,90,90,80,55,50,50,52,68,68,68],"gold":9265,"neow_bonus":"TWO_FIFTY_GOLD","is_daily":false,"chose_seed":false,"campfire_upgraded":3,"win_rate":0.0,"timestamp":1610846308,"path_taken":["M","?","M","$","M","R","?","M","T","$","R","E","M","M","R","BOSS","M"],"items_purchased_type":["Relic","Card","Relic","Relic","Potion","Potion","Card","Relic","Relic","Relic","Card","Card"],"build_version":"2020-12-22","purchased_purges":2,"victory":false,"max_hp_per_floor":[85,85,85,85,85,85,85,83,83,90,90,90,90,90,90,90,68,68,68],"card_choices":[{"not_picked":["construct:ShiftGuard","construct:SyphonStrike"],"picked":"construct:Zapper","floor":1.0},{"not_picked":["construct:ScrapCannon","construct:ClusterMines"],"picked":"construct:Enhance","floor":3.0},{"not_picked":["construct:Autoturret","construct:SaveState","construct:SyphonStrike"],"picked":"construct:LaserCore","floor":5.0},{"not_picked":["construct:Hazardproof","construct:FocusedBeam","construct:Boost"],"picked":"construct:Tumble","floor":8.0},{"not_picked":["construct:HammerDown","construct:HardReboot+1","construct:Synchronize"],"picked":"construct:ForceCore+1","floor":12.0},{"not_picked":["construct:Construct_Overclock","construct:ClusterMines","construct:VentSteam+1"],"picked":"construct:Autoturret","floor":13.0},{"not_picked":["construct:SaveState+1","construct:PowerUp","construct:Chainstrike"],"picked":"construct:Failsafe","floor":14.0},{"not_picked":["construct:Reserves+1","construct:Bunker","construct:HammerDown"],"picked":"construct:SiegeForm","floor":16.0}],"player_experience":181276,"relics_obtained":[{"floor":9.0,"key":"Quantum Egg"},{"floor":12.0,"key":"Toxic Egg 2"}],"event_choices":[{"damage_healed":0.0,"max_hp_gain":0.0,"max_hp_loss":0.0,"gold_gain":0.0,"event_name":"Golden Idol","player_choice":"Take Damage","floor":7.0,"gold_loss":0.0,"damage_taken":21.0,"relics_obtained":["Golden Idol"]}],"is_beta":false,"boss_relics":[{"not_picked":["hubris:TerracottaHorce","Coffee Dripper"],"picked":"Replay:Drink Me"}],"items_purged_floors":[4,10],"is_endless":false,"potions_floor_spawned":[1,5,12,14],"killed_by":"Chosen","ascension_level":0}}