{"host":"wg33yb1rgt3nbe17","time":1610893476,"event":{"mods":["AchievementEnabler","BaseMod","Colored Map","Minty Spire (QoL Compilation)","Permanent Neow","Relic Stats","StSLib"],"gold_per_floor":[114,124,137,137,156,156,186,186,186,221,231,78,103,121,121,198,198,212,231,11,11,27,60,60,60,60,60,60,20,34,45,45,121,121,139,157,27,52,52,52,78,78,78,24,37,47,47,59,59,59],"floor_reached":51,"language":"ENG","playtime":1810,"items_purged":["Strike_R"],"score":1424,"play_id":"a36c86b6-8671-4e03-89df-2e4b847cb724","local_time":"20210117092436","is_ascension_mode":true,"campfire_choices":[{"data":"Twin Strike","floor":6,"key":"SMITH"},{"floor":8,"key":"REST"},{"data":"Corruption","floor":15,"key":"SMITH"},{"data":"Shockwave","floor":25,"key":"SMITH"},{"data":"Heavy Blade","floor":28,"key":"SMITH"},{"data":"Metallicize","floor":32,"key":"SMITH"},{"data":"Armaments","floor":40,"key":"SMITH"},{"data":"Warcry","floor":42,"key":"SMITH"},{"data":"Battle Trance","floor":47,"key":"SMITH"},{"data":"Perfected Strike","floor":49,"key":"SMITH"}],"circlet_count":0,"master_deck":["AscendersBane","Strike_R","Strike_R","Strike_R","Strike_R","Defend_R","Defend_R","Bash","Immolate","Twin Strike+1","Rupture","Shockwave+1","Carnage","Carnage","Corruption+1","Power Through","Barricade","Sentinel","Sentinel","Flame Barrier","Heavy Blade+1","Perfected Strike+1","Metallicize+1","Sentinel","Disarm","Impervious","Clothesline","Bludgeon","Shrug It Off","Body Slam","Flex","Armaments+1","Warcry+1","Shrug It Off","Power Through","Armaments","Flame Barrier","Battle Trance+1","Inflame","Seeing Red"],"relics":["Burning Blood","Ornamental Fan","FossilizedHelix","Champion Belt","Darkstone Periapt","HornCleat","Snecko Eye","Medical Kit","Pocketwatch","MealTicket","Runic Dome","Prayer Wheel","Charon\u0027s Ashes","Bottled Lightning"],"acts_visited":["Exordium","TheCity","TheBeyond"],"potions_floor_usage":[7,7,10,13,13,16,16,19,33,33,50],"damage_taken":[{"damage":10,"enemies":"Small Slimes","floor":1,"turns":3},{"damage":2,"enemies":"Jaw Worm","floor":2,"turns":3},{"damage":6,"enemies":"Cultist","floor":3,"turns":3},{"damage":11,"enemies":"Looter","floor":5,"turns":2},{"damage":30,"enemies":"3 Sentries","floor":7,"turns":5},{"damage":24,"enemies":"Gremlin Nob","floor":10,"turns":4},{"damage":5,"enemies":"3 Louse","floor":11,"turns":2},{"damage":10,"enemies":"Lagavulin","floor":13,"turns":5},{"damage":0,"enemies":"Blue Slaver","floor":14,"turns":3},{"damage":32,"enemies":"Hexaghost","floor":16,"turns":9},{"damage":0,"enemies":"Chosen","floor":18,"turns":2},{"damage":0,"enemies":"3 Byrds","floor":19,"turns":4},{"damage":0,"enemies":"Shelled Parasite and Fungi","floor":22,"turns":4},{"damage":23,"enemies":"Gremlin Leader","floor":23,"turns":6},{"damage":0,"enemies":"Snake Plant","floor":30,"turns":3},{"damage":0,"enemies":"Centurion and Healer","floor":31,"turns":5},{"damage":40,"enemies":"Collector","floor":33,"turns":7},{"damage":0,"enemies":"Orb Walker","floor":35,"turns":4},{"damage":0,"enemies":"3 Shapes","floor":36,"turns":4},{"damage":0,"enemies":"Mind Bloom Boss Battle","floor":38,"turns":5},{"damage":31,"enemies":"Giant Head","floor":41,"turns":8},{"damage":15,"enemies":"Maw","floor":45,"turns":7},{"damage":0,"enemies":"Jaw Worm Horde","floor":46,"turns":3},{"damage":17,"enemies":"Spire Growth","floor":48,"turns":4},{"damage":18,"enemies":"Donu and Deca","floor":50,"turns":7}],"seed_played":"5059969175177823003","potions_obtained":[{"floor":1,"key":"EntropicBrew"},{"floor":7,"key":"Fire Potion"},{"floor":13,"key":"BloodPotion"},{"floor":14,"key":"ColorlessPotion"},{"floor":18,"key":"AttackPotion"},{"floor":22,"key":"SteroidPotion"},{"floor":30,"key":"EssenceOfSteel"},{"floor":41,"key":"Energy Potion"},{"floor":45,"key":"HeartOfIron"}],"is_trial":false,"path_per_floor":["M","M","M","?","M","R","E","R","T","E","M","$","E","M","R","B",null,"M","M","$","?","M","E","?","R","T","?","R","$","M","M","R","B",null,"M","M","$","?","?","R","E","R","T","$","M","M","R","M","R","B",null],"character_chosen":"IRONCLAD","items_purchased":["Regen Potion","Medical Kit","True Grit","Metallicize","Shrug It Off","Body Slam","Flex","Shrug It Off"],"campfire_rested":1,"item_purchase_floors":[12,20,20,29,37,37,37,44],"current_hp_per_floor":[46,50,50,39,34,34,10,32,32,14,15,15,25,31,31,20,61,67,73,73,73,75,58,58,58,58,58,58,73,75,75,75,41,67,73,75,75,75,75,75,50,50,50,65,56,62,62,51,51,39],"gold":59,"neow_bonus":"THREE_RARE_CARDS","is_daily":false,"chose_seed":false,"campfire_upgraded":9,"win_rate":0.0,"timestamp":1610893476,"path_taken":["M","M","M","?","M","R","E","R","T","E","M","$","E","M","R","BOSS","M","M","$","?","?","E","?","R","T","?","R","?","M","M","R","BOSS","M","M","$","?","?","R","E","R","T","$","M","M","R","M","R","BOSS"],"items_purchased_type":["Potion","Relic","Card","Card","Card","Card","Card","Card"],"build_version":"2020-12-22","purchased_purges":1,"victory":true,"max_hp_per_floor":[75,75,75,75,75,75,75,75,75,75,75,75,75,75,75,75,75,75,75,75,75,75,75,75,75,75,75,75,75,75,75,75,75,75,75,75,75,75,75,75,75,75,75,75,75,75,75,75,75,75],"relic_stats":{"Darkstone Periapt":0,"counters":[25,112],"Ornamental Fan":[136],"Snecko Eye":[145,122,127,139],"MealTicket":30,"Prayer Wheel":3,"Charon\u0027s Ashes":[193],"Champion Belt":[37],"Medical Kit":[41],"obtain_stats":[{"Darkstone Periapt":10,"Charon\u0027s Ashes":41,"Medical Kit":20,"Burning Blood":0,"Runic Dome":34,"HornCleat":13,"Ornamental Fan":4,"Snecko Eye":17,"MealTicket":26,"Prayer Wheel":38,"Champion Belt":9,"Bottled Lightning":43,"FossilizedHelix":7,"Pocketwatch":23},{"Darkstone Periapt":6,"Charon\u0027s Ashes":21,"Medical Kit":12,"Burning Blood":0,"Runic Dome":17,"HornCleat":8,"Ornamental Fan":3,"Snecko Eye":10,"MealTicket":14,"Prayer Wheel":20,"Champion Belt":5,"Bottled Lightning":21,"FossilizedHelix":5,"Pocketwatch":14},{"Darkstone Periapt":20,"Charon\u0027s Ashes":91,"Medical Kit":45,"Burning Blood":0,"Runic Dome":70,"HornCleat":27,"Ornamental Fan":9,"Snecko Eye":39,"MealTicket":55,"Prayer Wheel":83,"Champion Belt":16,"Bottled Lightning":91,"FossilizedHelix":16,"Pocketwatch":55}],"Burning Blood":126,"Pocketwatch":[15]},"card_choices":[{"not_picked":["Limit Break","Corruption"],"picked":"Immolate","floor":0},{"not_picked":["Dual Wield","Body Slam"],"picked":"Twin Strike","floor":1},{"not_picked":["Havoc","Wild Strike","Thunderclap"],"picked":"SKIP","floor":2},{"not_picked":["Body Slam","Wild Strike","Entrench"],"picked":"SKIP","floor":3},{"not_picked":["Blood for Blood","Power Through"],"picked":"Rupture","floor":5},{"not_picked":["Clash","Havoc"],"picked":"Shockwave","floor":7},{"not_picked":["Twin Strike","Sentinel"],"picked":"Carnage","floor":10},{"not_picked":["Dual Wield","Headbutt"],"picked":"Carnage","floor":11},{"not_picked":["Twin Strike","Infernal Blade"],"picked":"Corruption","floor":13},{"not_picked":["Dual Wield","Warcry"],"picked":"Power Through","floor":14},{"not_picked":["Impervious","Exhume"],"picked":"Barricade","floor":16},{"not_picked":["Perfected Strike","Power Through"],"picked":"Sentinel","floor":18},{"not_picked":["Dual Wield","Iron Wave","Hemokinesis"],"picked":"SKIP","floor":19},{"not_picked":["Rupture","Hemokinesis","Pommel Strike"],"picked":"SKIP","floor":22},{"not_picked":["Havoc+1","Clash+1"],"picked":"Sentinel","floor":23},{"not_picked":["Pummel","Perfected Strike"],"picked":"Sentinel","floor":30},{"not_picked":["Metallicize","Rupture"],"picked":"Disarm","floor":31},{"not_picked":["Feed","Corruption"],"picked":"Impervious","floor":33},{"not_picked":["Sword Boomerang","Iron Wave"],"picked":"Clothesline","floor":35},{"not_picked":["Clothesline+1","Sword Boomerang"],"picked":"Bludgeon","floor":36},{"not_picked":["Headbutt","True Grit"],"picked":"Armaments","floor":38},{"not_picked":["Clash","Reckless Charge"],"picked":"Warcry","floor":41},{"not_picked":["Intimidate","Sword Boomerang"],"picked":"Power Through","floor":45},{"not_picked":["Body Slam","Hemokinesis"],"picked":"Armaments","floor":45},{"not_picked":["Uppercut","Perfected Strike"],"picked":"Flame Barrier","floor":46},{"not_picked":["Iron Wave","Armaments"],"picked":"Battle Trance","floor":46},{"not_picked":["Juggernaut","Twin Strike+1"],"picked":"Inflame","floor":48},{"not_picked":["Pommel Strike","Bloodletting"],"picked":"Seeing Red","floor":48}],"player_experience":561191,"relics_obtained":[{"floor":7,"key":"FossilizedHelix"},{"floor":9,"key":"Champion Belt"},{"floor":10,"key":"Darkstone Periapt"},{"floor":13,"key":"HornCleat"},{"floor":23,"key":"Pocketwatch"},{"floor":26,"key":"MealTicket"},{"floor":38,"key":"Prayer Wheel"},{"floor":41,"key":"Charon\u0027s Ashes"},{"floor":43,"key":"Bottled Lightning"}],"event_choices":[{"damage_healed":0,"gold_gain":0,"player_choice":"Success","damage_taken":11,"relics_obtained":["Ornamental Fan"],"max_hp_gain":0,"max_hp_loss":0,"event_name":"Scrap Ooze","floor":4,"gold_loss":0},{"damage_healed":0,"gold_gain":0,"cards_transformed":["True Grit"],"player_choice":"Transformed","damage_taken":0,"max_hp_gain":0,"max_hp_loss":0,"event_name":"Transmorgrifier","floor":21,"gold_loss":0,"cards_obtained":["Shrug It Off"]},{"damage_healed":0,"gold_gain":0,"player_choice":"Read","damage_taken":0,"max_hp_gain":0,"max_hp_loss":0,"event_name":"The Library","floor":24,"gold_loss":0,"cards_obtained":["Flame Barrier"]},{"damage_healed":0,"gold_gain":0,"cards_transformed":["Defend_R","Defend_R"],"player_choice":"Became Test Subject","damage_taken":0,"max_hp_gain":0,"max_hp_loss":0,"event_name":"Drug Dealer","floor":27,"gold_loss":0,"cards_obtained":["Heavy Blade","Perfected Strike"]},{"damage_healed":0,"gold_gain":0,"player_choice":"Fight","damage_taken":0,"max_hp_gain":0,"max_hp_loss":0,"event_name":"MindBloom","floor":38,"gold_loss":0},{"cards_removed":["Shrug It Off"],"damage_healed":0,"gold_gain":0,"player_choice":"Removed Skill","damage_taken":0,"max_hp_gain":0,"max_hp_loss":0,"event_name":"Falling","floor":39,"gold_loss":0}],"is_beta":false,"boss_relics":[{"not_picked":["Busted Crown","Tiny House"],"picked":"Snecko Eye"},{"not_picked":["SlaversCollar","Runic Pyramid"],"picked":"Runic Dome"}],"items_purged_floors":[12],"is_endless":false,"potions_floor_spawned":[1,7,13,14,18,22,30,41,45,46],"ascension_level":19}}