{"host":"d7fiu2yjkssjxoz6","time":1610847809,"event":{"mods":["AchievementEnabler","BaseMod","Duelist Mod","GifTheSpireLib","Minty Spire (QoL Compilation)","StSLib"],"gold_per_floor":[136,154,77,95,170,197,197,211,237,255,286,286,346,25,25,129,179,191,191,175,175,175,209,209,21,21,21,35,67,81,98,98,195,195,208,225,84,101,101,135,146,163,163,178,178,208,74,103,103,103,103,103,4,34,34],"floor_reached":56,"language":"ENG","playtime":4277,"items_purged":["Pain"],"score":1738,"play_id":"2e4cfe33-36c0-4226-aa8c-ca44f1cde5bd","local_time":"20210116174329","is_ascension_mode":true,"campfire_choices":[{"data":"theDuelist:MorayGreed","floor":7,"key":"SMITH"},{"floor":12,"key":"RECALL"},{"floor":15,"key":"REST"},{"data":"theDuelist:YamiForm","floor":24,"key":"SMITH"},{"floor":32,"key":"REST"},{"data":"theDuelist:CraniumFish","floor":45,"key":"SMITH"},{"floor":49,"key":"REST"},{"data":"theDuelist:SphereKuriboh+1","floor":52,"key":"SMITH"}],"circlet_count":0,"master_deck":["theDuelist:SevenColoredFish","theDuelist:SevenColoredFish","theDuelist:AquaSpirit","theDuelist:IslandTurtle+1","theDuelist:IslandTurtle","theDuelist:RevivalJam","theDuelist:Sparks","theDuelist:MorayGreed+1","theDuelist:Skystarray","theDuelist:MorayGreed","theDuelist:AegisOceanDragon","theDuelist:IceHand","theDuelist:Hyosube","theDuelist:GraydleDragon","theDuelist:GiantTurtle","theDuelist:Fissure","theDuelist:AegisOceanDragon","theDuelist:YamiForm+1","theDuelist:MermailAbyssalacia","theDuelist:EvigishkiTetrogre","theDuelist:HydraViper","theDuelist:SmashingGround","theDuelist:LegendaryOcean","theDuelist:CraniumFish+1","theDuelist:OhFish","theDuelist:HighTideGyojin","theDuelist:TorrentialReborn","theDuelist:SmashingGround+1","theDuelist:Dewdark+1","theDuelist:MorayGreed","theDuelist:DewlorenTigerKing","theDuelist:FishDepthCharge+1","theDuelist:IceHand+1","theDuelist:GishkiPsychelone+1","theDuelist:OhFish","theDuelist:HammerShot","theDuelist:GamecieltheSeaTurtleKaiju","theDuelist:GiantTurtle","theDuelist:GiantTurtle+1","theDuelist:GraydleDragon+1","theDuelist:HammerShot","theDuelist:SphereKuriboh+2","theDuelist:HammerShot","theDuelist:Polymerization","theDuelist:SwampFrog","theDuelist:GraydleEagle","theDuelist:EvigishkiTetrogre","theDuelist:DewlorenTigerKing+1"],"relics":["theDuelist:MillenniumPuzzle","theDuelist:CardPoolRelic","theDuelist:CardPoolBasicRelic","theDuelist:BoosterPackPoolRelic","theDuelist:CardPoolAddRelic","theDuelist:CardPoolMinusRelic","theDuelist:CardPoolSaveRelic","theDuelist:CardPoolOptionsRelic","theDuelist:Splashbox","Oddly Smooth Stone","Smiling Mask","Bronze Scales","Tiny House","Regal Pillow","MutagenicStrength","Meat on the Bone","Kunai","WarpedTongs","Dream Catcher","Astrolabe","Bronze Scales","theDuelist:DuelistOrichalcum","theDuelist:YugiMirror","Self Forming Clay","Art of War","Charon\u0027s Ashes","Akabeko"],"acts_visited":["Exordium","TheCity","TheBeyond","TheEnding"],"potions_floor_usage":[50,55,55],"damage_taken":[{"damage":0,"enemies":"2 Louse","floor":1,"turns":5},{"damage":5,"enemies":"Jaw Worm","floor":2,"turns":3},{"damage":0,"enemies":"Small Slimes","floor":4,"turns":3},{"damage":26,"enemies":"3 Sentries","floor":6,"turns":9},{"damage":0,"enemies":"2 Fungi Beasts","floor":8,"turns":3},{"damage":0,"enemies":"Gremlin Gang","floor":10,"turns":4},{"damage":0,"enemies":"Gremlin Nob","floor":11,"turns":4},{"damage":0,"enemies":"3 Sentries","floor":13,"turns":8},{"damage":0,"enemies":"The Guardian","floor":16,"turns":5},{"damage":0,"enemies":"Chosen","floor":18,"turns":4},{"damage":0,"enemies":"2 Thieves","floor":20,"turns":4},{"damage":7,"enemies":"Slavers","floor":23,"turns":4},{"damage":17,"enemies":"Cultist and Chosen","floor":28,"turns":7},{"damage":8,"enemies":"Book of Stabbing","floor":29,"turns":5},{"damage":4,"enemies":"3 Cultists","floor":30,"turns":4},{"damage":1,"enemies":"Snecko","floor":31,"turns":4},{"damage":18,"enemies":"Champ","floor":33,"turns":5},{"damage":0,"enemies":"3 Darklings","floor":35,"turns":3},{"damage":17,"enemies":"3 Shapes","floor":36,"turns":7},{"damage":11,"enemies":"Transient","floor":38,"turns":5},{"damage":12,"enemies":"Nemesis","floor":40,"turns":5},{"damage":35,"enemies":"Jaw Worm Horde","floor":41,"turns":6},{"damage":1,"enemies":"Spire Growth","floor":42,"turns":4},{"damage":0,"enemies":"3 Darklings","floor":44,"turns":2},{"damage":6,"enemies":"Giant Head","floor":46,"turns":8},{"damage":5,"enemies":"Nemesis","floor":48,"turns":5},{"damage":22,"enemies":"Awakened One","floor":50,"turns":10},{"damage":22,"enemies":"Shield and Spear","floor":54,"turns":4},{"damage":35,"enemies":"The Heart","floor":55,"turns":8}],"seed_played":"-1076666315940400358","potions_obtained":[{"floor":2,"key":"DuplicationPotion"},{"floor":6,"key":"theDuelist:VoidBottle"},{"floor":10,"key":"SteroidPotion"},{"floor":17,"key":"theDuelist:FusionPotion"},{"floor":20,"key":"BlessingOfTheForge"},{"floor":42,"key":"theDuelist:GiftPotion"}],"is_trial":false,"path_per_floor":["M","M","?","M","?","E","R","M","T","M","E","R","?","$","R","B",null,"M","?","M","?","?","E","R","$","T","?","M","E","M","M","R","B",null,"M","M","?","M","?","E","M","M","T","M","R","E","$","E","R","B",null,"R","$","E","B",null],"character_chosen":"THE_DUELIST","items_purchased":["theDuelist:YamiForm","Bronze Scales","theDuelist:LegendaryOcean","theDuelist:CraniumFish","theDuelist:OhFish","theDuelist:HammerShot","theDuelist:GraydleEagle","theDuelist:EvigishkiTetrogre"],"campfire_rested":3,"item_purchase_floors":[14,14,25,25,25,47,53,53],"current_hp_per_floor":[72,67,67,67,56,30,30,30,30,30,30,30,30,30,54,54,79,79,79,79,79,79,72,72,72,72,72,55,47,43,54,85,67,81,81,64,64,53,47,47,24,35,35,47,47,53,53,48,85,77,83,83,83,61,38],"gold":34,"neow_bonus":"THREE_RARE_CARDS","is_daily":false,"chose_seed":false,"campfire_upgraded":4,"win_rate":0.0,"timestamp":1610847809,"path_taken":["M","M","?","M","?","E","R","M","T","M","E","R","?","$","R","BOSS","M","?","?","?","?","E","R","$","T","?","M","E","?","M","R","BOSS","M","M","?","M","?","E","M","?","T","M","R","E","?","E","R","BOSS","R","$","E","BOSS"],"items_purchased_type":["Card","Relic","Card","Card","Card","Card","Card","Card"],"build_version":"2020-12-22","purchased_purges":1,"victory":true,"max_hp_per_floor":[80,80,80,80,80,80,80,80,80,80,80,80,80,80,80,80,85,85,85,85,85,85,85,85,85,85,85,85,85,85,85,85,85,85,85,85,85,85,85,85,85,85,85,85,85,85,85,85,85,85,85,85,85,85,85],"card_choices":[{"not_picked":["theDuelist:AquaactressArowana","theDuelist:GishkiPsychelone"],"picked":"theDuelist:MorayGreed","floor":0},{"not_picked":["theDuelist:OldWhiteTurtle","theDuelist:GemKnightAmethyst","theDuelist:AtlanteanAttackSquad","theDuelist:AbyssDweller"],"picked":"theDuelist:Skystarray","floor":1},{"not_picked":["theDuelist:FishKicks","theDuelist:DiamondDust","theDuelist:BigWaveSmallWave","theDuelist:SeaLordAmulet"],"picked":"theDuelist:MorayGreed","floor":2},{"not_picked":["theDuelist:GraydleDragon","theDuelist:EagleShark","theDuelist:FishborgDoctor","theDuelist:DeepseaShark"],"picked":"theDuelist:IceHand","floor":4},{"not_picked":["theDuelist:DiamondDust","theDuelist:EvigishkiMindAugus","theDuelist:AmphibiousBugroth","theDuelist:FishborgBlaster"],"picked":"theDuelist:Hyosube","floor":6},{"not_picked":["theDuelist:SwampFrog","theDuelist:MermaidKnight","theDuelist:AbyssWarrior","theDuelist:KaiserSeaSnake"],"picked":"theDuelist:GraydleDragon","floor":8},{"not_picked":["theDuelist:GishkiAvance","theDuelist:CatShark","theDuelist:IslandTurtle","theDuelist:GishkiBeast"],"picked":"theDuelist:GiantTurtle","floor":10},{"not_picked":["theDuelist:BattleOx","theDuelist:GilfordLegend","theDuelist:GishkiMarker","theDuelist:BlizzardDefender"],"picked":"theDuelist:Fissure","floor":11},{"not_picked":["theDuelist:ToadallyAwesome","theDuelist:SharkStickers","theDuelist:CatapultTurtle","theDuelist:CyberShark"],"picked":"theDuelist:AegisOceanDragon","floor":13},{"not_picked":["theDuelist:GishkiPsychelone","theDuelist:EvigishkiLevianima","theDuelist:DewlorenTigerKing","theDuelist:AquaactressArowana"],"picked":"theDuelist:MermailAbyssalacia","floor":16},{"not_picked":["theDuelist:SpearfishSoldier","theDuelist:CatShark","theDuelist:LeviairSeaDragon","theDuelist:FishKicks"],"picked":"theDuelist:EvigishkiTetrogre","floor":17},{"not_picked":["theDuelist:SpearfishSoldier","theDuelist:LeviairSeaDragon","theDuelist:FuriousSeaKing+1","theDuelist:AbyssWarrior+1"],"picked":"theDuelist:HydraViper","floor":18},{"not_picked":["theDuelist:Fissure","theDuelist:ForbiddenChalice","theDuelist:GeneralGantal+1","theDuelist:SolemnStrike"],"picked":"theDuelist:SmashingGround","floor":20},{"not_picked":["theDuelist:KaiserSeaSnake+1","theDuelist:FishKicks+1","theDuelist:AbyssalKingshark+1"],"picked":"SKIP","floor":23},{"not_picked":["theDuelist:SpearfishSoldier","theDuelist:GraydleSlimeJr","theDuelist:GraydleEagle+1","theDuelist:GishkiZielgigas+1"],"picked":"theDuelist:HighTideGyojin","floor":28},{"not_picked":["theDuelist:SplashCapture","theDuelist:OhFish","theDuelist:TorrentialTribute","theDuelist:FishDepthCharge"],"picked":"theDuelist:TorrentialReborn","floor":29},{"not_picked":["theDuelist:BattleOx+1","theDuelist:Fissure+1","theDuelist:GishkiMarker","theDuelist:HammerShot"],"picked":"theDuelist:SmashingGround+1","floor":30},{"not_picked":["theDuelist:CatShark","theDuelist:IslandTurtle","theDuelist:BlizzardThunderbird+1","theDuelist:NimbleSunfish"],"picked":"theDuelist:Dewdark+1","floor":31},{"not_picked":["theDuelist:LegendaryOcean","theDuelist:EnchantingMermaid+1"],"picked":"theDuelist:MorayGreed","floor":32},{"not_picked":["theDuelist:TripodFish","theDuelist:GamecieltheSeaTurtleKaiju+1","theDuelist:FishborgArcher+1","theDuelist:EvigishkiLevianima+1"],"picked":"theDuelist:DewlorenTigerKing","floor":33},{"not_picked":["theDuelist:TorrentialTribute+1","theDuelist:ImperialCustom+1","theDuelist:GraydleParasite","theDuelist:BubbleBringer+1"],"picked":"theDuelist:OhFish","floor":35},{"not_picked":["theDuelist:GishkiMarker+1","theDuelist:Reload+1","theDuelist:ForbiddenChalice+1","theDuelist:JamBreeding+1"],"picked":"theDuelist:HammerShot","floor":36},{"not_picked":["theDuelist:AbyssSoldier+1","theDuelist:EvigishkiLevianima","theDuelist:NimbleSunfish+1","theDuelist:FuriousSeaKing"],"picked":"theDuelist:GamecieltheSeaTurtleKaiju","floor":38},{"not_picked":["theDuelist:CannonballSpearShellfish","theDuelist:SpearfishSoldier+1","theDuelist:Wetlands+1","theDuelist:LegendaryOcean"],"picked":"theDuelist:GiantTurtle+1","floor":40},{"not_picked":["theDuelist:LeviairSeaDragon+1","theDuelist:RevivalJam","theDuelist:DepthShark+1","theDuelist:LeviaDragon+1"],"picked":"theDuelist:GraydleDragon+1","floor":41},{"not_picked":["theDuelist:BattleOx+1","theDuelist:BlizzardDefender+1","theDuelist:Fissure","theDuelist:SmashingGround+1"],"picked":"theDuelist:HammerShot","floor":42},{"not_picked":["theDuelist:GraydleParasite","theDuelist:GraydleCombat","theDuelist:FishRain","theDuelist:FishDepthCharge","theDuelist:AegisOceanDragon"],"picked":"SKIP","floor":44},{"not_picked":["theDuelist:GamecieltheSeaTurtleKaiju+1","theDuelist:OneForOne+1","theDuelist:DestructPotion","theDuelist:DianKeto+1"],"picked":"theDuelist:SphereKuriboh+1","floor":46},{"not_picked":["theDuelist:LightningVortex+1","theDuelist:BattleOx","theDuelist:RedMedicine","theDuelist:JamBreeding+1"],"picked":"theDuelist:Polymerization","floor":48},{"not_picked":["theDuelist:GraydleSlimeJr","theDuelist:GraydleCobra+1"],"picked":"theDuelist:SwampFrog","floor":49},{"not_picked":["theDuelist:HighTideGyojin+1","theDuelist:LostBlueBreaker+1"],"picked":"theDuelist:DewlorenTigerKing+1","floor":54}],"player_experience":215277,"relics_obtained":[{"floor":6,"key":"theDuelist:Splashbox"},{"floor":11,"key":"Oddly Smooth Stone"},{"floor":13,"key":"Smiling Mask"},{"floor":23,"key":"Meat on the Bone"},{"floor":26,"key":"Kunai"},{"floor":29,"key":"Dream Catcher"},{"floor":40,"key":"theDuelist:YugiMirror"},{"floor":43,"key":"Self Forming Clay"},{"floor":46,"key":"Art of War"},{"floor":48,"key":"Charon\u0027s Ashes"},{"floor":54,"key":"Akabeko"}],"event_choices":[{"damage_healed":0,"gold_gain":0,"player_choice":"Purchased Aegis of Ocean for 77 Gold.","duelist":true,"damage_taken":0,"max_hp_gain":0,"max_hp_loss":0,"event_name":"Card Trader","floor":3,"gold_loss":0},{"damage_healed":0,"gold_gain":75,"player_choice":"Gather Gold","damage_taken":11,"max_hp_gain":0,"max_hp_loss":0,"event_name":"World of Goop","floor":5,"gold_loss":0},{"damage_healed":0,"gold_gain":0,"player_choice":"Searched \u00272\u0027 times","damage_taken":0,"max_hp_gain":0,"max_hp_loss":0,"event_name":"Dead Adventurer","floor":13,"gold_loss":0},{"cards_removed":["Regret"],"damage_healed":0,"gold_gain":0,"player_choice":"Removed Curses","damage_taken":0,"max_hp_gain":0,"max_hp_loss":0,"event_name":"Fountain of Cleansing","floor":19,"gold_loss":0},{"damage_healed":0,"gold_gain":0,"player_choice":"Opened","damage_taken":0,"relics_obtained":["Regal Pillow"],"max_hp_gain":0,"max_hp_loss":0,"event_name":"The Mausoleum","floor":21,"gold_loss":0},{"damage_healed":0,"gold_gain":0,"player_choice":"Inject Mutagens","damage_taken":0,"relics_obtained":["MutagenicStrength"],"max_hp_gain":0,"max_hp_loss":0,"event_name":"Drug Dealer","floor":22,"gold_loss":0},{"damage_healed":0,"gold_gain":0,"player_choice":"Rummage","damage_taken":0,"relics_obtained":["WarpedTongs"],"max_hp_gain":0,"max_hp_loss":0,"event_name":"Accursed Blacksmith","floor":27,"gold_loss":0,"cards_obtained":["Pain"]},{"damage_healed":0,"gold_gain":0,"player_choice":"Duplicated Relic - Bronze Scales","duelist":true,"damage_taken":0,"max_hp_gain":0,"max_hp_loss":0,"event_name":"Relic Duplicator","floor":37,"gold_loss":0},{"damage_healed":0,"gold_gain":0,"player_choice":"Dig - random Duelist relic","duelist":true,"damage_taken":0,"max_hp_gain":0,"max_hp_loss":0,"event_name":"Aknamkanon\u0027s Tomb","floor":39,"gold_loss":0}],"is_beta":false,"boss_relics":[{"not_picked":["Runic Cube","Black Star"],"picked":"Tiny House"},{"not_picked":["Empty Cage","Inserter"],"picked":"Astrolabe"}],"items_purged_floors":[47],"is_endless":false,"potions_floor_spawned":[2,6,10,13,16,20,30,31,35,38,42,46,48],"ascension_level":6}}