{"host":"a5523bqxi3k68xf3","time":1610893746,"event":{"mods":["BaseMod","BetterRewards","Hermit","Koishi","Marisa????????","Minty Spire (QoL Compilation)","Quick Restart","Random Character Button","Relic Stats","Shop Mod","StSLib","The Animator","The Cursed","The Necromancer","The Servant 0.9.4"],"gold_per_floor":[111,111,130,150,75,75,108,108,153,173,173,185,201,266,266,339,339,354,354,354,354,378,378,404,404,404,404,256,276,294,327,327,404,404,417,182,193,193,208,208,226,244,244,270,284,295,309,309,309,309],"floor_reached":51,"language":"ENG","playtime":1813,"items_purged":["Defend_G","Strike_G","Strike_G"],"score":1434,"play_id":"9dc7541a-9f36-4043-9108-e369c4fe81ad","local_time":"20210117152906","is_ascension_mode":true,"campfire_choices":[{"floor":6,"key":"REST"},{"data":"Footwork","floor":8,"key":"SMITH"},{"data":"Choke","floor":11,"key":"SMITH"},{"data":"Accuracy","floor":15,"key":"SMITH"},{"floor":23,"key":"REST"},{"data":"Cloak And Dagger","floor":27,"key":"SMITH"},{"data":"Blade Dance","floor":32,"key":"SMITH"},{"data":"After Image","floor":40,"key":"SMITH"},{"floor":49,"key":"REST"}],"circlet_count":0,"master_deck":["AscendersBane","Strike_G","Defend_G","Defend_G","Defend_G","Survivor","Neutralize","Footwork+1","Cloak And Dagger+1","Dagger Spray+1","Backstab","Dagger Throw+1","Choke+1","Accuracy+1","Prepared+1","Quick Slash+1","Blade Dance+1","Cloak And Dagger","Dramatic Entrance","Corpse Explosion","Blur","Footwork","After Image+1","Infinite Blades+1","Blade Dance"],"relics":["Ring of the Snake","Kunai","Bag of Marbles","Whetstone","Tiny Chest","Astrolabe","Lantern","Pen Nib","Meat on the Bone","Bronze Scales","Runic Dome","Membership Card","Blue Candle","Vajra"],"acts_visited":["Exordium","TheCity","TheBeyond"],"potions_floor_usage":[7,7,16,31,37,50,50,50,50],"damage_taken":[{"damage":6,"enemies":"Jaw Worm","floor":1,"turns":8},{"damage":0,"enemies":"Cultist","floor":3,"turns":4},{"damage":2,"enemies":"Small Slimes","floor":4,"turns":4},{"damage":17,"enemies":"Gremlin Nob","floor":7,"turns":4},{"damage":0,"enemies":"2 Fungi Beasts","floor":10,"turns":4},{"damage":0,"enemies":"Blue Slaver","floor":12,"turns":2},{"damage":0,"enemies":"Gremlin Gang","floor":13,"turns":1},{"damage":11,"enemies":"Gremlin Nob","floor":14,"turns":4},{"damage":29,"enemies":"Slime Boss","floor":16,"turns":12},{"damage":6,"enemies":"Chosen","floor":18,"turns":4},{"damage":8,"enemies":"Gremlin Leader","floor":24,"turns":7},{"damage":0,"enemies":"Spheric Guardian","floor":29,"turns":2},{"damage":1,"enemies":"Cultist and Chosen","floor":30,"turns":4},{"damage":17,"enemies":"Slavers","floor":31,"turns":3},{"damage":39,"enemies":"Champ","floor":33,"turns":13},{"damage":0,"enemies":"Orb Walker","floor":35,"turns":2},{"damage":3,"enemies":"3 Darklings","floor":37,"turns":3},{"damage":3,"enemies":"Transient","floor":39,"turns":5},{"damage":12,"enemies":"Maw","floor":41,"turns":6},{"damage":0,"enemies":"3 Darklings","floor":42,"turns":1},{"damage":12,"enemies":"4 Shapes","floor":45,"turns":3},{"damage":7,"enemies":"Spire Growth","floor":46,"turns":3},{"damage":0,"enemies":"Transient","floor":47,"turns":5},{"damage":39,"enemies":"Awakened One","floor":50,"turns":10}],"seed_played":"5448256780414462843","potions_obtained":[{"floor":1,"key":"AttackPotion"},{"floor":3,"key":"LiquidMemories"},{"floor":10,"key":"LiquidBronze"},{"floor":18,"key":"AttackPotion"},{"floor":24,"key":"Poison Potion"},{"floor":35,"key":"Fruit Juice"},{"floor":37,"key":"Fire Potion"},{"floor":47,"key":"EntropicBrew"}],"is_trial":false,"path_per_floor":["M","?","M","M","$","R","E","R","T","M","R","M","M","?","R","B",null,"M","?","?","?","T","R","E","?","T","R","$","M","M","E","R","B",null,"M","$","M","?","M","R","M","M","T","T","M","M","M","?","R","B",null],"character_chosen":"THE_SILENT","items_purchased":["Kunai","Footwork","Cloak And Dagger","Weak Potion","Membership Card","Blade Dance"],"campfire_rested":3,"item_purchase_floors":[0,0,0,28,36,36],"current_hp_per_floor":[41,41,41,39,39,60,43,43,43,43,43,43,43,32,32,3,53,47,47,47,47,47,68,60,47,47,47,47,47,46,41,41,14,60,60,60,62,62,59,59,47,47,47,47,47,52,52,52,76,49],"gold":309,"neow_bonus":"","is_daily":false,"chose_seed":false,"campfire_upgraded":6,"win_rate":0.0,"timestamp":1610893746,"path_taken":["M","?","?","M","$","R","E","R","T","M","R","M","M","?","R","BOSS","M","?","?","?","?","R","E","?","T","R","$","?","M","E","R","BOSS","M","$","M","?","M","R","M","M","T","?","M","M","M","?","R","BOSS"],"items_purchased_type":["Relic","Card","Card","Potion","Relic","Card"],"build_version":"2020-12-22","purchased_purges":3,"victory":true,"max_hp_per_floor":[70,70,70,70,70,70,70,70,70,70,70,70,70,70,70,70,70,70,70,70,70,70,70,70,75,75,75,75,75,75,75,75,75,75,75,75,80,80,80,80,80,80,80,80,80,80,80,80,80,80],"relic_stats":{"counters":[68,274],"Astrolabe":["Prepared","Quick Slash","Deadly Poison"],"Bronze Scales":[156],"Blue Candle":[0],"Tiny Chest":2,"Pen Nib":[53],"Kunai":[87],"Whetstone":["Dagger Spray","Dagger Throw"],"obtain_stats":[{"Regal Pillow":9,"Lantern":22,"Vajra":44,"Juzu Bracelet":21,"TeardropLocket":10,"Whetstone":0,"Sling":37,"Empty Cage":17,"Blood Vial":21,"Dream Catcher":9,"Ninja Scroll":7,"Tiny Chest":7,"Red Mask":38,"HandDrill":0,"Kunai":0,"Potion Belt":12,"Pear":13,"NeowsBlessing":0,"Astrolabe":34,"Blue Candle":43,"Pen Nib":22,"The Courier":26,"Omamori":31,"Orichalcum":24,"Akabeko":6,"Runic Dome":17,"Anchor":3,"Busted Crown":17,"Bird Faced Urn":7,"Bronze Scales":9,"Bag of Marbles":7,"Bottled Lightning":36,"Membership Card":36,"PureWater":0,"Toy Ornithopter":26,"Meat on the Bone":26},{"Regal Pillow":4,"Lantern":54,"Vajra":64,"Juzu Bracelet":12,"TeardropLocket":5,"Whetstone":19,"Sling":16,"Empty Cage":26,"Blood Vial":28,"Dream Catcher":36,"Ninja Scroll":36,"Tiny Chest":4,"Red Mask":16,"HandDrill":19,"Kunai":44,"Potion Belt":7,"Pear":39,"NeowsBlessing":0,"Astrolabe":15,"Blue Candle":64,"Pen Nib":12,"The Courier":13,"Omamori":14,"Orichalcum":29,"Akabeko":4,"Runic Dome":40,"Anchor":33,"Busted Crown":10,"Bird Faced Urn":22,"Bronze Scales":22,"Bag of Marbles":48,"Bottled Lightning":16,"Membership Card":60,"PureWater":0,"Toy Ornithopter":30,"Meat on the Bone":55},{"Regal Pillow":7,"Lantern":207,"Vajra":253,"Juzu Bracelet":32,"TeardropLocket":10,"Whetstone":59,"Sling":49,"Empty Cage":82,"Blood Vial":89,"Dream Catcher":127,"Ninja Scroll":127,"Tiny Chest":7,"Red Mask":49,"HandDrill":59,"Kunai":160,"Potion Belt":13,"Pear":135,"NeowsBlessing":0,"Astrolabe":45,"Blue Candle":253,"Pen Nib":32,"The Courier":35,"Omamori":38,"Orichalcum":97,"Akabeko":7,"Runic Dome":143,"Anchor":114,"Busted Crown":25,"Bird Faced Urn":67,"Bronze Scales":67,"Bag of Marbles":180,"Bottled Lightning":49,"Membership Card":238,"PureWater":0,"Toy Ornithopter":102,"Meat on the Bone":214}],"Ring of the Snake":[85],"Meat on the Bone":60},"card_choices":[{"not_picked":["Terror","Outmaneuver","Distraction"],"picked":"SKIP","floor":1},{"not_picked":["All Out Attack","Blur","Terror"],"picked":"SKIP","floor":3},{"not_picked":["Dagger Spray","Flying Knee"],"picked":"Backstab","floor":4},{"not_picked":["Poisoned Stab","Bane"],"picked":"Dagger Throw","floor":7},{"not_picked":["Flying Knee","Dagger Spray"],"picked":"Choke","floor":10},{"not_picked":["Quick Slash","Dagger Spray"],"picked":"Accuracy","floor":12},{"not_picked":["Choke","Finisher","Acrobatics"],"picked":"SKIP","floor":13},{"not_picked":["Dash","Slice"],"picked":"Blade Dance","floor":18},{"not_picked":["Cloak And Dagger","Backflip"],"picked":"Corpse Explosion","floor":24},{"not_picked":["Riddle With Holes","Masterful Stab"],"picked":"Blur","floor":29},{"not_picked":["Setup","Quick Slash","Bane"],"picked":"SKIP","floor":30},{"not_picked":["Deflect","Unload"],"picked":"Footwork","floor":31},{"not_picked":["Corpse Explosion","Tools of the Trade"],"picked":"After Image","floor":33},{"not_picked":["Cloak And Dagger","Skewer+1"],"picked":"Infinite Blades","floor":35},{"not_picked":["Prepared","Flying Knee+1","Backflip"],"picked":"SKIP","floor":37},{"not_picked":["Dagger Spray","Infinite Blades","Flying Knee"],"picked":"SKIP","floor":39},{"not_picked":["Noxious Fumes","PiercingWail","Outmaneuver"],"picked":"SKIP","floor":41},{"not_picked":["Doppelganger","Concentrate","Escape Plan"],"picked":"SKIP","floor":42},{"not_picked":["Dodge and Roll","Catalyst+1","Skewer+1"],"picked":"SKIP","floor":45},{"not_picked":["Predator","Bane","Bouncing Flask"],"picked":"SKIP","floor":46},{"not_picked":["Tactician","Caltrops","Blade Dance"],"picked":"SKIP","floor":47}],"player_experience":1702217,"relics_obtained":[{"floor":7,"key":"Bag of Marbles"},{"floor":9,"key":"Whetstone"},{"floor":14,"key":"Tiny Chest"},{"floor":22,"key":"Lantern"},{"floor":24,"key":"Pen Nib"},{"floor":26,"key":"Meat on the Bone"},{"floor":31,"key":"Bronze Scales"},{"floor":43,"key":"Blue Candle"},{"floor":44,"key":"Vajra"}],"event_choices":[{"damage_healed":0,"gold_gain":0,"player_choice":"1 cards matched","damage_taken":0,"max_hp_gain":0,"max_hp_loss":0,"event_name":"Match and Keep!","floor":2,"gold_loss":0,"cards_obtained":["Dagger Spray"]},{"damage_healed":0,"gold_gain":0,"player_choice":"Searched \u00271\u0027 times","damage_taken":0,"max_hp_gain":0,"max_hp_loss":0,"event_name":"Dead Adventurer","floor":14,"gold_loss":0},{"damage_healed":0,"gold_gain":0,"player_choice":"Read","damage_taken":0,"max_hp_gain":0,"max_hp_loss":0,"event_name":"The Library","floor":19,"gold_loss":0,"cards_obtained":["Cloak And Dagger"]},{"cards_removed":["Deadly Poison"],"damage_healed":0,"gold_gain":0,"player_choice":"Elegance","damage_taken":0,"max_hp_gain":0,"max_hp_loss":0,"event_name":"Back to Basics","floor":20,"gold_loss":0},{"damage_healed":0,"gold_gain":0,"player_choice":"1 cards matched","damage_taken":0,"max_hp_gain":0,"max_hp_loss":0,"event_name":"Match and Keep!","floor":21,"gold_loss":0,"cards_obtained":["Dramatic Entrance"]},{"damage_healed":0,"gold_gain":0,"player_choice":"Shed Blood","damage_taken":18,"max_hp_gain":5,"max_hp_loss":0,"event_name":"Forgotten Altar","floor":25,"gold_loss":0},{"damage_healed":0,"gold_gain":0,"player_choice":"Forge","damage_taken":0,"max_hp_gain":0,"max_hp_loss":0,"event_name":"Accursed Blacksmith","floor":38,"gold_loss":0,"cards_upgraded":["Infinite Blades"]},{"damage_healed":0,"gold_gain":0,"player_choice":"Ignored","damage_taken":0,"max_hp_gain":0,"max_hp_loss":0,"event_name":"SecretPortal","floor":48,"gold_loss":0}],"is_beta":false,"boss_relics":[{"not_picked":["SacredBark","Coffee Dripper"],"picked":"Astrolabe"},{"not_picked":["Ring of the Serpent","SlaversCollar"],"picked":"Runic Dome"}],"items_purged_floors":[5,28,36],"is_endless":false,"potions_floor_spawned":[1,3,10,18,24,35,37,45,47],"ascension_level":13}}