{"host":"vex7walpoxzv48nx","time":1610921504,"event":{"mods":["BaseMod","Bestiary","Minty Spire (QoL Compilation)","Permanent Neow","Quick Restart","Relic Stats"],"gold_per_floor":[114,39,52,68,68,97,113,113,113,148,148,70,81,6,6,105,155,169,179,7,19,19,47,65,78,103,131,131,131],"floor_reached":28,"language":"ENG","playtime":2778,"items_purged":["Decay"],"score":320,"play_id":"e8beed0e-5919-4d3a-9589-27eccc93da16","local_time":"20210117231144","is_ascension_mode":false,"campfire_choices":[{"data":"Neutralize","floor":8.0,"key":"SMITH"},{"data":"Terror","floor":15.0,"key":"SMITH"}],"circlet_count":0,"master_deck":["Strike_G","Strike_G+1","Strike_G","Strike_G","Strike_G","Defend_G","Defend_G","Defend_G","Defend_G","Defend_G","Survivor","Neutralize+1","Adrenaline","Dagger Spray+1","Quick Slash","Leg Sweep","Corpse Explosion","Bane+1","Unload","Well Laid Plans+1","Terror+1","Caltrops+1","Tools of the Trade+1","Outmaneuver","Quick Slash+1","Leg Sweep","Flying Knee","Cloak And Dagger+1","Ghostly","Ghostly","Ghostly","Ghostly","Ghostly","Deadly Poison","Noxious Fumes+1","Dodge and Roll","Deadly Poison"],"relics":["Ring of the Snake","Paper Crane","Frozen Egg 2","Letter Opener","Tiny House","Oddly Smooth Stone","Ornamental Fan","Snake Skull","Whetstone"],"acts_visited":["Exordium","TheCity"],"potions_floor_usage":[27,28],"damage_taken":[{"damage":2.0,"enemies":"Jaw Worm","floor":1.0,"turns":4.0},{"damage":0.0,"enemies":"2 Louse","floor":3.0,"turns":2.0},{"damage":0.0,"enemies":"Cultist","floor":4.0,"turns":3.0},{"damage":15.0,"enemies":"3 Sentries","floor":6.0,"turns":8.0},{"damage":1.0,"enemies":"Large Slime","floor":7.0,"turns":8.0},{"damage":6.0,"enemies":"Lagavulin","floor":10.0,"turns":8.0},{"damage":4.0,"enemies":"Exordium Thugs","floor":13.0,"turns":4.0},{"damage":1.0,"enemies":"Hexaghost","floor":16.0,"turns":9.0},{"damage":6.0,"enemies":"2 Thieves","floor":18.0,"turns":3.0},{"damage":12.0,"enemies":"Spheric Guardian","floor":19.0,"turns":4.0},{"damage":13.0,"enemies":"Snecko","floor":21.0,"turns":6.0},{"damage":7.0,"enemies":"Book of Stabbing","floor":23.0,"turns":5.0},{"damage":7.0,"enemies":"Snake Plant","floor":24.0,"turns":5.0},{"damage":17.0,"enemies":"Shelled Parasite and Fungi","floor":25.0,"turns":4.0},{"damage":2,"enemies":"Slavers","floor":27,"turns":5},{"damage":19,"enemies":"Snecko","floor":28,"turns":5}],"seed_played":"1344271127237357155","potions_obtained":[{"floor":1.0,"key":"CultistPotion"},{"floor":3.0,"key":"PowerPotion"},{"floor":6.0,"key":"SteroidPotion"},{"floor":11.0,"key":"Energy Potion"},{"floor":11.0,"key":"SpeedPotion"},{"floor":11.0,"key":"Swift Potion"},{"floor":18.0,"key":"CultistPotion"},{"floor":23.0,"key":"Ancient Potion"},{"floor":25.0,"key":"ColorlessPotion"},{"floor":27,"key":"FearPotion"}],"is_trial":false,"path_per_floor":["M","$","M","M","?","E","M","R","T","E","?","$","M","$","R","B",null,"M","M","$","M","?","E","M","M","T","E","M"],"character_chosen":"THE_SILENT","items_purchased":["Well Laid Plans+1","Caltrops+1","Oddly Smooth Stone","Flying Knee"],"campfire_rested":0,"item_purchase_floors":[12,14,20,20],"current_hp_per_floor":[68,68,68,68,68,53,52,52,52,46,46,46,42,42,42,41,75,69,57,57,44,37,30,23,6,6,4,0,0],"gold":131,"neow_bonus":"THREE_RARE_CARDS","is_daily":false,"chose_seed":false,"campfire_upgraded":2,"win_rate":0.0,"timestamp":1610921504,"path_taken":["M","$","M","M","?","E","M","R","T","E","?","$","M","$","R","BOSS","M","M","?","M","?","E","M","M","T","E","?"],"items_purchased_type":["Card","Card","Relic","Card"],"build_version":"2020-12-22","purchased_purges":1,"victory":false,"max_hp_per_floor":[70,70,70,70,70,70,70,70,70,70,70,70,70,70,70,70,75,75,75,75,75,37,37,37,37,37,37,37,37],"relic_stats":{"counters":[16,83],"Ornamental Fan":[16],"Snake Skull":[11],"Letter Opener":[57],"Whetstone":["Bane","Dagger Spray"],"obtain_stats":[{"Tiny House":17,"Ornamental Fan":23,"Oddly Smooth Stone":20,"Snake Skull":26,"Letter Opener":10,"Whetstone":27,"Paper Crane":6,"Frozen Egg 2":9,"Ring of the Snake":0},{"Tiny House":8,"Ornamental Fan":12,"Oddly Smooth Stone":10,"Snake Skull":14,"Letter Opener":6,"Whetstone":15,"Paper Crane":4,"Frozen Egg 2":5,"Ring of the Snake":0},{"Tiny House":46,"Ornamental Fan":64,"Oddly Smooth Stone":53,"Snake Skull":73,"Letter Opener":33,"Whetstone":78,"Paper Crane":17,"Frozen Egg 2":25,"Ring of the Snake":0}],"Ring of the Snake":[32]},"card_choices":[{"not_picked":["Burst","Die Die Die"],"picked":"Adrenaline","floor":0.0},{"not_picked":["Quick Slash","Sucker Punch"],"picked":"Dagger Spray","floor":1.0},{"not_picked":["Riddle With Holes","Dagger Spray"],"picked":"Quick Slash","floor":3.0},{"not_picked":["Prepared","All Out Attack"],"picked":"Leg Sweep","floor":4.0},{"not_picked":["After Image","Venomology"],"picked":"Corpse Explosion","floor":6.0},{"not_picked":["Eviscerate","Underhanded Strike"],"picked":"Bane","floor":7.0},{"not_picked":["Sucker Punch","Deflect"],"picked":"Unload","floor":10.0},{"not_picked":["Acrobatics","Underhanded Strike"],"picked":"Terror","floor":13.0},{"not_picked":["Venomology","A Thousand Cuts+1"],"picked":"Tools of the Trade+1","floor":16.0},{"not_picked":["Sucker Punch","Slice"],"picked":"Outmaneuver","floor":17.0},{"not_picked":["Flying Knee","Dagger Throw"],"picked":"Quick Slash+1","floor":18.0},{"not_picked":["Well Laid Plans+1","Flying Knee+1"],"picked":"Leg Sweep","floor":19.0},{"not_picked":["Slice","Quick Slash"],"picked":"Cloak And Dagger+1","floor":21.0},{"not_picked":["Unload","Dagger Spray"],"picked":"Deadly Poison","floor":23.0},{"not_picked":["Well Laid Plans+1","Dagger Throw"],"picked":"Noxious Fumes+1","floor":24.0},{"not_picked":["Riddle With Holes","Predator+1"],"picked":"Dodge and Roll","floor":25.0},{"not_picked":["Reflex","Outmaneuver"],"picked":"Deadly Poison","floor":27}],"player_experience":162246,"relics_obtained":[{"floor":6.0,"key":"Paper Crane"},{"floor":9.0,"key":"Frozen Egg 2"},{"floor":10.0,"key":"Letter Opener"},{"floor":23.0,"key":"Ornamental Fan"},{"floor":26.0,"key":"Snake Skull"},{"floor":27,"key":"Whetstone"}],"event_choices":[{"damage_healed":0.0,"max_hp_gain":0.0,"max_hp_loss":0.0,"gold_gain":0.0,"event_name":"Liars Game","player_choice":"Ignored","floor":5.0,"gold_loss":0.0,"damage_taken":0.0},{"damage_healed":0.0,"max_hp_gain":0.0,"max_hp_loss":0.0,"gold_gain":0.0,"event_name":"Lab","player_choice":"Got Potions","floor":11.0,"gold_loss":0.0,"damage_taken":0.0},{"damage_healed":0.0,"max_hp_gain":0.0,"max_hp_loss":38.0,"gold_gain":0.0,"event_name":"Ghosts","player_choice":"Became a Ghost","floor":22.0,"gold_loss":0.0,"damage_taken":0.0,"cards_obtained":["Ghostly","Ghostly","Ghostly","Ghostly","Ghostly"]}],"is_beta":false,"boss_relics":[{"not_picked":["Cursed Key","Velvet Choker"],"picked":"Tiny House"}],"items_purged_floors":[2],"is_endless":false,"potions_floor_spawned":[1,3,6,16,18,23,25,27],"killed_by":"Snecko","ascension_level":0}}