{"host":"2zw05eexjythz74b","time":1610914912,"event":{"mods":["AchievementEnabler","BaseMod","Better Altar","Colored Map","Minty Spire (QoL Compilation)","StSLib","everything is the same but u backflip on backflip"],"gold_per_floor":[117,117,134,134,148,148,158,158,185,210,227,63,63,81,81,180,180,200,299,299,299,311,311,311],"floor_reached":23,"language":"ENG","playtime":825,"items_purged":[],"score":222,"play_id":"03db3510-29b7-4543-9bc4-74fb855bb336","local_time":"20210117142152","is_ascension_mode":true,"campfire_choices":[{"data":"Crippling Poison","floor":6,"key":"SMITH"},{"data":"Crippling Poison","floor":8,"key":"SMITH"},{"data":"Metamorphosis","floor":13,"key":"SMITH"},{"floor":15,"key":"REST"}],"circlet_count":0,"master_deck":["Strike_G","Strike_G","Strike_G","Strike_G","Strike_G","Defend_G","Defend_G","Defend_G","Defend_G","Defend_G","Survivor","Neutralize","Parasite","Metamorphosis+1","Concentrate","Crippling Poison+1","Crippling Poison+1","All Out Attack+1","Metamorphosis","Skewer+1","Tools of the Trade"],"relics":["Ring of the Snake","Molten Egg 2","Strawberry","WingedGreaves","SlaversCollar"],"acts_visited":["Exordium","TheCity"],"potions_floor_usage":[11,21],"damage_taken":[{"damage":4,"enemies":"Small Slimes","floor":1,"turns":3},{"damage":1,"enemies":"Jaw Worm","floor":3,"turns":3},{"damage":0,"enemies":"Cultist","floor":5,"turns":4},{"damage":15,"enemies":"2 Fungi Beasts","floor":7,"turns":3},{"damage":26,"enemies":"Gremlin Nob","floor":10,"turns":4},{"damage":6,"enemies":"Large Slime","floor":11,"turns":4},{"damage":8,"enemies":"Exordium Wildlife","floor":14,"turns":4},{"damage":28,"enemies":"Slime Boss","floor":16,"turns":9},{"damage":19,"enemies":"Shell Parasite","floor":18,"turns":5},{"damage":0,"enemies":"2 Thieves","floor":21,"turns":1},{"damage":54,"enemies":"Snake Plant","floor":22,"turns":6},{"damage":10,"enemies":"Gremlin Leader","floor":23,"turns":1}],"seed_played":"-1428757367337042906","potions_obtained":[{"floor":1,"key":"BlessingOfTheForge"},{"floor":7,"key":"Block Potion"},{"floor":16,"key":"SmokeBomb"}],"is_trial":false,"path_per_floor":["M","?","M","T","M","R","M","R","T","E","M","$","R","M","R","B",null,"M","?","?","M","M","E"],"character_chosen":"THE_SILENT","items_purchased":["Metamorphosis"],"campfire_rested":1,"item_purchase_floors":[12],"current_hp_per_floor":[66,71,70,70,70,70,55,55,62,36,30,30,30,22,46,18,82,63,63,63,63,9,0,0],"gold":311,"neow_bonus":"RANDOM_COLORLESS_2","is_daily":false,"chose_seed":false,"campfire_upgraded":3,"win_rate":0.0,"timestamp":1610914912,"path_taken":["M","?","M","?","M","R","?","R","T","E","M","$","R","M","R","BOSS","M","?","?","M","M","E"],"items_purchased_type":["Card"],"build_version":"2020-12-22","purchased_purges":0,"victory":false,"max_hp_per_floor":[70,75,75,75,75,75,75,75,82,82,82,82,82,82,82,82,82,82,82,82,82,82,82,82],"card_choices":[{"not_picked":["Secret Technique","Transmutation"],"picked":"Metamorphosis","floor":0},{"not_picked":["Dagger Throw","Underhanded Strike"],"picked":"Concentrate","floor":1},{"not_picked":["Acrobatics","Poisoned Stab"],"picked":"Crippling Poison","floor":3},{"not_picked":["Blade Dance","Bane+1"],"picked":"Crippling Poison","floor":5},{"not_picked":["Outmaneuver","Dodge and Roll"],"picked":"All Out Attack+1","floor":7},{"not_picked":["Predator+1","Prepared","Blur"],"picked":"SKIP","floor":10},{"not_picked":["All Out Attack+1","Flechettes+1","Dagger Throw+1"],"picked":"SKIP","floor":11},{"not_picked":["Endless Agony+1","Footwork"],"picked":"Skewer+1","floor":14},{"not_picked":["Bullet Time","Storm of Steel"],"picked":"Tools of the Trade","floor":16},{"not_picked":["Riddle With Holes+1","Leg Sweep","Blade Dance"],"picked":"SKIP","floor":18},{"not_picked":["Cloak And Dagger","Choke+1","Masterful Stab+1"],"picked":"SKIP","floor":22}],"player_experience":235262,"relics_obtained":[{"floor":4,"key":"Molten Egg 2"},{"floor":9,"key":"Strawberry"},{"floor":10,"key":"WingedGreaves"}],"event_choices":[{"damage_healed":0,"gold_gain":0,"player_choice":"Donut","damage_taken":0,"max_hp_gain":5,"max_hp_loss":0,"event_name":"Big Fish","floor":2,"gold_loss":0},{"damage_healed":0,"gold_gain":99,"player_choice":"Stole From Cult","damage_taken":0,"max_hp_gain":0,"max_hp_loss":0,"event_name":"Nest","floor":19,"gold_loss":0},{"damage_healed":0,"gold_gain":0,"player_choice":"Ignored","damage_taken":0,"max_hp_gain":0,"max_hp_loss":0,"event_name":"Vampires","floor":20,"gold_loss":0}],"is_beta":false,"boss_relics":[{"not_picked":["Black Star","Sozu"],"picked":"SlaversCollar"}],"items_purged_floors":[],"is_endless":false,"potions_floor_spawned":[1,7,16,21],"killed_by":"Gremlin Leader","ascension_level":3}}