{"host":"ydg0vn0pu4pubmdt","time":1610916494,"event":{"mods":["AchievementEnabler","BaseMod","Colored Map","Gold Saver","Minty Spire (QoL Compilation)","Quick Restart","SuperFastMode"],"gold_per_floor":[756,756,774,80,91,91,125,125,125,142,172,172,172,172,172,270,270,280,290,111,123,134,162,162,174,174,174,191,207,207,227,227,322,322,342,357,144,144,2,2,2,2,2,12,41,54,67,82,82,82,82],"floor_reached":50,"language":"KOR","playtime":12905,"items_purged":["Defend_B","Auto Shields+1","Go for the Eyes"],"score":872,"play_id":"46c4464c-6ef8-4e76-a56a-04bb7fa79cc0","local_time":"20210118054814","is_ascension_mode":true,"campfire_choices":[{"data":"Multi-Cast","floor":8.0,"key":"SMITH"},{"data":"Dualcast","floor":12.0,"key":"SMITH"},{"data":"Turbo","floor":15.0,"key":"SMITH"},{"data":"Coolheaded","floor":24.0,"key":"SMITH"},{"data":"Coolheaded","floor":30.0,"key":"SMITH"},{"data":"Skim","floor":32.0,"key":"SMITH"},{"data":"Master of Strategy","floor":40.0,"key":"SMITH"},{"data":"Thinking Ahead","floor":42.0,"key":"SMITH"},{"data":"Scrape","floor":49.0,"key":"SMITH"}],"circlet_count":0,"master_deck":["AscendersBane","Zap+1","Dualcast+1","Coolheaded+1","Master of Strategy+1","Turbo+1","Sweeping Beam","Multi-Cast+1","Streamline","Gash","Coolheaded+1","Core Surge","Scrape+1","Leap","Steam","Compile Driver+1","Doom and Gloom","Undo","Seek","Skim+1","Electrodynamics","Undo+1","Chill+1","Thinking Ahead+1","Turbo+1","Chaos+1"],"relics":["Cracked Core","TheAbacus","Sundial","StoneCalendar","Symbiotic Virus","Juzu Bracelet","StrikeDummy","Pandora\u0027s Box","Membership Card","Pear","Question Card","Busted Crown","Orrery","Ancient Tea Set","The Courier","Blood Vial"],"acts_visited":["Exordium","TheCity","TheBeyond"],"potions_floor_usage":[50,50,50],"damage_taken":[{"damage":0.0,"enemies":"2 Louse","floor":1.0,"turns":3.0},{"damage":3.0,"enemies":"Small Slimes","floor":3.0,"turns":3.0},{"damage":0.0,"enemies":"Cultist","floor":5.0,"turns":3.0},{"damage":11.0,"enemies":"Lagavulin","floor":7.0,"turns":7.0},{"damage":10.0,"enemies":"3 Louse","floor":10.0,"turns":2.0},{"damage":14.0,"enemies":"Gremlin Nob","floor":11.0,"turns":3.0},{"damage":0.0,"enemies":"Slime Boss","floor":16.0,"turns":7.0},{"damage":6.0,"enemies":"Chosen","floor":18.0,"turns":3.0},{"damage":0.0,"enemies":"Spheric Guardian","floor":19.0,"turns":3.0},{"damage":10.0,"enemies":"Centurion and Healer","floor":21.0,"turns":3.0},{"damage":1.0,"enemies":"Snecko","floor":22.0,"turns":4.0},{"damage":0.0,"enemies":"Book of Stabbing","floor":23.0,"turns":4.0},{"damage":2.0,"enemies":"Shelled Parasite and Fungi","floor":25.0,"turns":3.0},{"damage":18.0,"enemies":"Snake Plant","floor":28.0,"turns":2.0},{"damage":12.0,"enemies":"Cultist and Chosen","floor":29.0,"turns":4.0},{"damage":0.0,"enemies":"Snecko","floor":31.0,"turns":2.0},{"damage":70.0,"enemies":"Automaton","floor":33.0,"turns":9.0},{"damage":5.0,"enemies":"3 Shapes","floor":35.0,"turns":3.0},{"damage":0.0,"enemies":"3 Darklings","floor":36.0,"turns":5.0},{"damage":0.0,"enemies":"Sphere and 2 Shapes","floor":44.0,"turns":1.0},{"damage":8.0,"enemies":"Giant Head","floor":45.0,"turns":7.0},{"damage":0.0,"enemies":"Maw","floor":46.0,"turns":6.0},{"damage":0.0,"enemies":"3 Darklings","floor":47.0,"turns":3.0},{"damage":7.0,"enemies":"4 Shapes","floor":48.0,"turns":2.0},{"damage":64,"enemies":"Time Eater","floor":50,"turns":5}],"seed_played":"8606284121088240926","potions_obtained":[{"floor":5.0,"key":"LiquidMemories"},{"floor":7.0,"key":"EntropicBrew"},{"floor":22.0,"key":"FocusPotion"},{"floor":23.0,"key":"Regen Potion"},{"floor":31.0,"key":"FairyPotion"},{"floor":35.0,"key":"Strength Potion"},{"floor":46.0,"key":"Energy Potion"},{"floor":47.0,"key":"SkillPotion"},{"floor":48.0,"key":"Dexterity Potion"}],"is_trial":false,"path_per_floor":["M","?","M","$","M","?","E","R","T","M","E","R","?","?","R","B",null,"M","M","$","M","M","E","R","M","T","?","M","M","R","M","R","B",null,"M","M","$","?","$","R","?","R","T","M","E","M","M","M","R","B"],"character_chosen":"DEFECT","items_purchased":["TheAbacus","Sundial","Master of Strategy","Turbo","Membership Card","Capacitor","Orrery","Thinking Ahead","Ancient Tea Set"],"campfire_rested":0,"item_purchase_floors":[4,4,4,4,20,20,37,37,39],"current_hp_per_floor":[68,61,58,58,58,58,47,47,47,37,23,23,16,75,75,75,75,69,69,69,59,58,68,68,75,75,75,57,45,45,45,45,18,68,63,63,63,63,63,63,63,63,63,63,55,57,59,54,54,0,0],"gold":82,"neow_bonus":"UPGRADE_CARD","is_daily":false,"chose_seed":false,"campfire_upgraded":9,"win_rate":0.0,"timestamp":1610916494,"path_taken":["M","?","M","$","M","?","E","R","T","M","E","R","?","?","R","BOSS","M","M","$","M","M","E","R","M","T","?","M","M","R","M","R","BOSS","M","M","$","?","$","R","?","R","T","M","E","M","M","M","R","BOSS"],"items_purchased_type":["Relic","Relic","Card","Card","Relic","Card","Relic","Card","Relic"],"build_version":"2020-12-22","purchased_purges":3,"victory":false,"max_hp_per_floor":[75,75,75,75,75,75,75,75,75,75,75,75,75,75,75,75,75,75,75,75,75,75,85,85,85,85,85,85,85,85,85,85,85,85,85,85,85,85,85,85,85,85,85,85,85,85,85,85,85,85,85],"card_choices":[{"not_picked":["Skim","Aggregate"],"picked":"Go for the Eyes","floor":1.0},{"not_picked":["Reprogram","Lockon"],"picked":"Coolheaded","floor":3.0},{"not_picked":["Gash","Cold Snap"],"picked":"Sweeping Beam","floor":5.0},{"not_picked":["Fission","Compile Driver"],"picked":"Multi-Cast","floor":7.0},{"not_picked":["Tempest","FTL"],"picked":"Streamline","floor":10.0},{"not_picked":["Rip and Tear","Defragment"],"picked":"Gash","floor":11.0},{"not_picked":["Stack+1","Barrage"],"picked":"Compile Driver+1","floor":18.0},{"not_picked":["Conserve Battery+1","Melter+1"],"picked":"Doom and Gloom","floor":19.0},{"not_picked":["Double Energy+1","Barrage"],"picked":"Undo","floor":21.0},{"not_picked":["Capacitor","Conserve Battery","Recycle"],"picked":"SKIP","floor":22.0},{"not_picked":["Redo","Heatsinks","Compile Driver"],"picked":"SKIP","floor":23.0},{"not_picked":["Double Energy","Static Discharge","Sweeping Beam+1"],"picked":"SKIP","floor":25.0},{"not_picked":["Sweeping Beam+1","Tempest+1","Hologram"],"picked":"Auto Shields+1","floor":28.0},{"not_picked":["Streamline+1","Redo","Rainbow","Compile Driver"],"picked":"SKIP","floor":29.0},{"not_picked":["Blizzard","Force Field","Auto Shields"],"picked":"Skim","floor":31.0},{"not_picked":["Echo Form","Multi-Cast","Amplify"],"picked":"Electrodynamics","floor":33.0},{"not_picked":["Undo+1","Beam Cell+1"],"picked":"SKIP","floor":35.0},{"not_picked":["Beam Cell+1"],"picked":"Undo+1","floor":35.0},{"not_picked":["Redo+1","Turbo+1"],"picked":"SKIP","floor":36.0},{"not_picked":["Capacitor"],"picked":"Chill+1","floor":37.0},{"not_picked":["Beam Cell+1","Streamline+1"],"picked":"SKIP","floor":44.0},{"not_picked":["Reinforced Body+1"],"picked":"Turbo+1","floor":45.0},{"not_picked":["Rainbow","Hologram"],"picked":"SKIP","floor":46.0},{"not_picked":["Storm"],"picked":"Chaos+1","floor":47.0},{"not_picked":["Leap+1","Conserve Battery+1"],"picked":"SKIP","floor":48.0}],"player_experience":443592,"relics_obtained":[{"floor":7.0,"key":"StoneCalendar"},{"floor":9.0,"key":"Symbiotic Virus"},{"floor":11.0,"key":"Juzu Bracelet"},{"floor":23.0,"key":"Pear"},{"floor":26.0,"key":"Question Card"},{"floor":43.0,"key":"The Courier"},{"floor":45.0,"key":"Blood Vial"}],"event_choices":[{"cards_removed":["Strike_B"],"damage_healed":0.0,"max_hp_gain":0.0,"max_hp_loss":0.0,"gold_gain":0.0,"event_name":"Golden Wing","player_choice":"Card Removal","floor":2.0,"gold_loss":0.0,"damage_taken":7.0},{"cards_removed":["Strike_B"],"damage_healed":0.0,"max_hp_gain":0.0,"max_hp_loss":0.0,"gold_gain":0.0,"event_name":"Bonfire Elementals","player_choice":"Offered Basic","floor":6.0,"gold_loss":0.0,"damage_taken":0.0},{"damage_healed":0.0,"max_hp_gain":0.0,"max_hp_loss":0.0,"gold_gain":0.0,"event_name":"Scrap Ooze","player_choice":"Success","floor":13.0,"gold_loss":0.0,"damage_taken":7.0,"relics_obtained":["StrikeDummy"]},{"damage_healed":59.0,"max_hp_gain":0.0,"max_hp_loss":0.0,"gold_gain":0.0,"event_name":"Wheel of Change","player_choice":"Full Heal","floor":14.0,"gold_loss":0.0,"damage_taken":0.0},{"damage_healed":0.0,"max_hp_gain":0.0,"max_hp_loss":0.0,"gold_gain":0.0,"event_name":"The Library","player_choice":"Read","floor":27.0,"gold_loss":0.0,"damage_taken":0.0,"cards_obtained":["Seek"]},{"damage_healed":0.0,"max_hp_gain":0.0,"max_hp_loss":0.0,"gold_gain":0.0,"event_name":"Tomb of Lord Red Mask","player_choice":"Ignored","floor":38.0,"gold_loss":0.0,"damage_taken":0.0},{"cards_removed":["Capacitor"],"damage_healed":0.0,"max_hp_gain":0.0,"max_hp_loss":0.0,"gold_gain":0.0,"event_name":"Falling","player_choice":"Removed Power","floor":41.0,"gold_loss":0.0,"damage_taken":0.0}],"is_beta":false,"boss_relics":[{"not_picked":["Ectoplasm","Runic Pyramid"],"picked":"Pandora\u0027s Box"},{"not_picked":["Philosopher\u0027s Stone","Calling Bell"],"picked":"Busted Crown"}],"items_purged_floors":[4,37,39],"is_endless":false,"potions_floor_spawned":[5,7,10,11,19,22,23,31,35,46,47,48],"killed_by":"Time Eater","ascension_level":10}}