{"host":"94qggqh0xz0sp6ai","time":1610904753,"event":{"mods":["100% Spire Juice","Abigail Mod","Act Like it!","BaseMod","CapriCore","Downfall","Friendly Minions","Gensokyo","Hermit","Jorbs\u0027s Wanderer Trilogy","Koishi","Marisa（霧雨　魔理沙）","Minty Spire (QoL Compilation)","Permanent Neow","Reimu（博??梦）","StSLib","The Alterego","The Construct","The Cursed","The Hierophant","The Immortal","The Marked","The Servant 0.9.4","TheBandit","Waifu the Spire"],"gold_per_floor":[118,134,154,173,188,188,188,188],"floor_reached":7,"language":"ENG","playtime":235,"items_purged":[],"score":52,"play_id":"ef62eeb3-f490-4305-a341-0d97adbb19cf","local_time":"20210117113233","is_ascension_mode":true,"campfire_choices":[{"floor":6,"key":"REST"}],"circlet_count":0,"master_deck":["theMarked:Strike","theMarked:Strike","theMarked:Strike","theMarked:Strike","theMarked:Strike","theMarked:Defend","theMarked:Defend","theMarked:Defend","theMarked:Defend","theMarked:SoldierOfQuellstein","theMarked:Abjuration","theMarked:Frustration","theMarked:RepellingDischarge","theMarked:Opportunist","theMarked:Generate","theMarked:RepellingDischarge"],"relics":["theMarked:ArtifactOfAir"],"acts_visited":["Exordium"],"potions_floor_usage":[7],"damage_taken":[{"damage":1,"enemies":"Cultist","floor":1,"turns":3},{"damage":2,"enemies":"Jaw Worm","floor":2,"turns":2},{"damage":0,"enemies":"2 Louse","floor":3,"turns":2},{"damage":5,"enemies":"Exordium Thugs","floor":4,"turns":5},{"damage":40,"enemies":"Gremlin Gang","floor":5,"turns":7},{"damage":25,"enemies":"Gremlin Nob","floor":7,"turns":3}],"seed_played":"-3105201539209369620","potions_obtained":[{"floor":4,"key":"hexamod:SoulburnPotion"}],"is_trial":false,"path_per_floor":["M","M","M","M","M","R","E"],"character_chosen":"THE_DEFAULT","items_purchased":[],"campfire_rested":1,"item_purchase_floors":[],"current_hp_per_floor":[48,46,46,41,1,22,0,0],"gold":188,"neow_bonus":"THREE_RARE_CARDS","is_daily":false,"chose_seed":false,"campfire_upgraded":0,"win_rate":0.0,"timestamp":1610904753,"path_taken":["M","?","M","M","M","R","E"],"items_purchased_type":[],"build_version":"2020-12-22","purchased_purges":0,"victory":false,"max_hp_per_floor":[70,70,70,70,70,70,70,70],"card_choices":[{"not_picked":["theMarked:ChannelForce","theMarked:TurnInvisible"],"picked":"theMarked:Abjuration","floor":0},{"not_picked":["theMarked:RepellingDischarge","theMarked:CreepingChasm"],"picked":"theMarked:Frustration","floor":1},{"not_picked":["theMarked:ChainLightning","theMarked:Parkour"],"picked":"theMarked:RepellingDischarge","floor":2},{"not_picked":["theMarked:LightningStrikesTwice","theMarked:Overthink"],"picked":"theMarked:Opportunist","floor":3},{"not_picked":["theMarked:Static","theMarked:Overthink"],"picked":"theMarked:Generate","floor":4},{"not_picked":["theMarked:BanishingStrike","theMarked:Improvise"],"picked":"theMarked:RepellingDischarge","floor":5}],"player_experience":1398125,"relics_obtained":[],"event_choices":[],"is_beta":false,"boss_relics":[],"items_purged_floors":[],"is_endless":false,"potions_floor_spawned":[4],"killed_by":"Gremlin Nob","ascension_level":3}}