{"host":"1kq2ingo3j45gyyp","time":1610846732,"event":{"mods":["BaseMod","Better Note","Better Third Choice","Downfall","Minty Spire (QoL Compilation)","StSLib"],"gold_per_floor":[99,117,127,147,83,83,83,83,118,118,18,34,48,33,52,52,52],"floor_reached":16,"language":"ENG","playtime":755,"items_purged":[],"score":127,"play_id":"4034a19d-5513-474c-9d4f-fee0d05c85bf","local_time":"20210116202532","is_ascension_mode":false,"campfire_choices":[{"floor":1,"key":"RECALL"},{"data":"bronze:FineTuning","floor":6,"key":"SMITH"},{"data":"bronze:BuggyMess","floor":8,"key":"SMITH"},{"floor":11,"key":"REST"}],"circlet_count":0,"master_deck":["bronze:Strike","bronze:Strike","bronze:Strike","bronze:Strike","bronze:Defend","bronze:Defend","bronze:Defend","bronze:Defend","bronze:Replicate","bronze:Goto","bronze:DelayedSlice","bronze:Flail","bronze:BuggyMess+1","bronze:FineTuning+1","bronze:DelayedSlice","bronze:FineTuning","bronze:CleanCode","bronze:WhirlingStrike","bronze:Optimize"],"relics":["bronze:BronzeCore","Akabeko","downfall:HeartBlessingBlue"],"acts_visited":["Exordium"],"potions_floor_usage":[13],"damage_taken":[{"damage":0,"enemies":"Small Slimes","floor":2,"turns":2},{"damage":11,"enemies":"Cultist","floor":3,"turns":5},{"damage":9,"enemies":"2 Louse","floor":4,"turns":2},{"damage":2,"enemies":"downfall:FleeingMerchant","floor":5,"turns":4},{"damage":26,"enemies":"Lagavulin","floor":9,"turns":5},{"damage":17,"enemies":"Large Slime","floor":12,"turns":4},{"damage":0,"enemies":"2 Fungi Beasts","floor":13,"turns":1},{"damage":5,"enemies":"downfall:FleeingMerchant","floor":14,"turns":4},{"damage":9,"enemies":"Blue Slaver","floor":15,"turns":4},{"damage":43,"enemies":"SI_SHIV_ARCHETYPE","floor":16,"turns":5}],"seed_played":"3018763580329562489","potions_obtained":[{"floor":4,"key":"SpeedPotion"},{"floor":12,"key":"sneckomod:MuddlingPotion"},{"floor":13,"key":"Fruit Juice"},{"floor":15,"key":"Explosive Potion"}],"is_trial":false,"path_per_floor":["R","M","M","M","$","R","T","R","E","?","R","M","M","$","M","B"],"character_chosen":"THE_AUTOMATON","items_purchased":["bronze:DelayedSlice"],"campfire_rested":1,"item_purchase_floors":[5],"current_hp_per_floor":[77,77,66,57,55,55,55,55,29,29,65,48,53,48,39,0,0],"gold":52,"neow_bonus":"TEN_PERCENT_HP_BONUS","is_daily":false,"chose_seed":false,"campfire_upgraded":2,"win_rate":0.0,"timestamp":1610846732,"path_taken":["R","M","M","M","$","R","T","R","E","?","R","M","?","$","M","BOSS"],"items_purchased_type":["Card"],"build_version":"2020-12-22","purchased_purges":0,"victory":false,"max_hp_per_floor":[77,77,77,77,77,77,77,77,77,77,87,87,92,92,92,92,92],"card_choices":[{"not_picked":["bronze:Iterate","bronze:BuggyMess"],"picked":"bronze:DelayedSlice","floor":2},{"not_picked":["bronze:Boost","bronze:DelayedGuard"],"picked":"bronze:Flail","floor":3},{"not_picked":["bronze:BitShift","bronze:CutThrough"],"picked":"bronze:BuggyMess","floor":4},{"not_picked":["bronze:Verify","bronze:Fortify"],"picked":"bronze:FineTuning","floor":5},{"not_picked":["bronze:OilSpill","bronze:Repair"],"picked":"bronze:FineTuning","floor":9},{"not_picked":["bronze:Iterate","bronze:WildBeam"],"picked":"bronze:WhirlingStrike","floor":12},{"not_picked":["bronze:OilSpill","bronze:BitShift","bronze:Frontload"],"picked":"SKIP","floor":13},{"not_picked":["bronze:Turbo","bronze:Fortify","bronze:SpaghettiCode"],"picked":"SKIP","floor":14},{"not_picked":["bronze:CloningBeam","bronze:CutThrough"],"picked":"bronze:Optimize","floor":15}],"player_experience":863725,"relics_obtained":[{"floor":9,"key":"Akabeko"}],"event_choices":[],"is_beta":false,"boss_relics":[],"items_purged_floors":[],"is_endless":false,"potions_floor_spawned":[4,12,13,15],"killed_by":"SI_SHIV_ARCHETYPE","ascension_level":0}}