{"host":"c5slkkw8hp42e20v","time":1610866025,"event":{"mods":["AchievementEnabler","BaseMod","Better Note","BetterRewards","Colored Powertips","DeckTracker","Friendly Minions","GifTheSpireLib","Hermit","Highlight Path","Minty Spire (QoL Compilation)","Quick Restart","Rare Cards Sparkle","Replay The Spire","Spicy Shops","StSLib","The Animator","The Hierophant","The Poker Player","????"],"gold_per_floor":[117,117,117,134,134,134,166,166,166,200,212,58,76,76,76,173,173,188,188,158,158,98,123,123,152,175,175,188,203,302,29,29,127,127,137,0,19,39,39,65,78,78,78,78,91,104,121,146,146,146],"floor_reached":51,"language":"ENG","playtime":3133,"items_purged":[],"score":778,"play_id":"3032809d-8c11-4c3a-8f4b-4e6904c73b72","local_time":"20210117004705","is_ascension_mode":false,"campfire_choices":[{"floor":6,"key":"REST"},{"floor":15,"key":"DIG"},{"floor":24,"key":"REST"},{"floor":27,"key":"REST"},{"floor":42,"key":"REST"},{"data":"Bullet Time","floor":44,"key":"SMITH"},{"floor":49,"key":"REST"}],"circlet_count":0,"master_deck":["Strike_G","Strike_G+1","Strike_G+1","Strike_G","Strike_G","Defend_G","Defend_G","Defend_G","Defend_G+1","Survivor+1","Neutralize","Metamorphosis+1","Survey Options","Replay:Sssssssssshield+1","Blade Dance+1","Blade Dance","Dagger Spray","After Image","Footwork","Blade Dance","Bullet Time+1","Skewer+1","Endless Agony+1","Bane+1","Replay:Poison Smokescreen+1","Crippling Poison+1","Pride","After Image","Flying Knee","Deflect+1","Sucker Punch","Poisoned Stab+1","Draining Mist","Parasite","Atom Bomb+1","Bane+1","Deadly Poison+1","ReplayTheSpireMod:Shiv Toss+1"],"relics":["Ring of the Serpent","Thread and Needle","ReplayTheSpireMod:ShopPack","Ring of Fury","Ring of Hypnosis","Replay:Multitool","Potion Belt","Regal Pillow","TwistedFunnel","Whetstone","ReplayTheSpireMod:Ninjato","Pen Nib","Lantern","Replay:Wax Seal","Chameleon Ring","Sling","Snecko Scales","Red Mask","Bottled Tornado","Bag of Marbles","Golden Egg","Gremlin Horn"],"acts_visited":["Exordium","TheCity","TheBeyond"],"potions_floor_usage":[33,33,33,33],"damage_taken":[{"damage":0,"enemies":"Small Slimes","floor":1,"turns":3},{"damage":8,"enemies":"2 Louse","floor":4,"turns":3},{"damage":15,"enemies":"Lagavulin","floor":7,"turns":5},{"damage":20,"enemies":"Gremlin Nob","floor":10,"turns":4},{"damage":0,"enemies":"Jaw Worm","floor":11,"turns":2},{"damage":0,"enemies":"3 Louse","floor":13,"turns":2},{"damage":27,"enemies":"The Guardian","floor":16,"turns":8},{"damage":10,"enemies":"2 Thieves","floor":18,"turns":3},{"damage":21,"enemies":"Slavers","floor":23,"turns":5},{"damage":18,"enemies":"Book of Stabbing","floor":25,"turns":4},{"damage":0,"enemies":"Chosen","floor":28,"turns":3},{"damage":0,"enemies":"Snake Plant","floor":29,"turns":4},{"damage":5,"enemies":"Champ","floor":33,"turns":4},{"damage":0,"enemies":"Orb Walker","floor":35,"turns":2},{"damage":7,"enemies":"3 Darklings","floor":37,"turns":4},{"damage":28,"enemies":"4 Shapes","floor":38,"turns":3},{"damage":5,"enemies":"Giant Head","floor":40,"turns":4},{"damage":0,"enemies":"Spire Growth","floor":41,"turns":3},{"damage":7,"enemies":"Writhing Mass","floor":45,"turns":5},{"damage":6,"enemies":"Sphere and 2 Shapes","floor":46,"turns":3},{"damage":6,"enemies":"Jaw Worm Horde","floor":47,"turns":3},{"damage":0,"enemies":"R_Hoarder","floor":48,"turns":5},{"damage":31,"enemies":"Replay:Hell Engine","floor":50,"turns":8}],"seed_played":"6750411402160162163","potions_obtained":[{"floor":1,"key":"FairyPotion"},{"floor":7,"key":"Weak Potion"},{"floor":13,"key":"LiquidMemories"},{"floor":20,"key":"DuplicationPotion"},{"floor":20,"key":"FearPotion"},{"floor":33,"key":"GamblersBrew"},{"floor":40,"key":"Strength Potion"},{"floor":41,"key":"Fire Potion"},{"floor":45,"key":"AttackPotion"}],"is_trial":false,"path_per_floor":["M","?","?","M","?","R","E","R","T","E","M","R","M","$","R","B",null,"M","?","?","?","?","E","R","E","T","R","M","M","?","$","R","B",null,"M","?","M","M","T","E","M","R","T","R","M","M","M","E","R","B",null],"character_chosen":"THE_SILENT","items_purchased":["Thread and Needle","ReplayTheSpireMod:ShopPack","TwistedFunnel","Replay:Wax Seal","Chameleon Ring","Sling"],"campfire_rested":5,"item_purchase_floors":[0,0,12,31,31,31],"current_hp_per_floor":[70,70,56,48,48,69,54,70,70,50,50,50,50,50,50,23,70,60,60,60,60,60,39,70,52,52,70,70,70,70,70,70,65,70,70,70,63,35,35,30,30,66,66,66,59,53,47,47,70,39],"gold":146,"neow_bonus":"","is_daily":false,"chose_seed":false,"campfire_upgraded":1,"win_rate":0.0,"timestamp":1610866025,"path_taken":["M","?","?","M","?","R","E","R","T","E","M","R","M","$","R","BOSS","M","?","?","?","?","E","R","E","T","R","M","M","?","$","R","BOSS","M","?","M","M","?","E","M","R","T","R","M","?","M","E","R","BOSS"],"items_purchased_type":["Relic","Relic","Relic","Relic","Relic","Relic"],"build_version":"2020-12-22","purchased_purges":0,"victory":true,"max_hp_per_floor":[70,70,70,70,70,70,70,70,70,70,70,70,70,70,70,70,70,70,70,70,70,70,70,70,70,70,70,70,70,70,70,70,70,70,70,70,70,70,70,70,70,70,70,70,70,70,70,70,70,70],"card_choices":[{"not_picked":["ReplayTheSpireMod:Necrogeddon","Thinking Ahead"],"picked":"Metamorphosis","floor":0},{"not_picked":["Good Instincts","Panacea"],"picked":"Survey Options","floor":0},{"not_picked":["Replay:Sssssssssstrike","Dark Shackles"],"picked":"Replay:Sssssssssshield","floor":0},{"not_picked":["Sneak Up","Flying Knee"],"picked":"Blade Dance","floor":1},{"not_picked":["Fluid Movement","Slice"],"picked":"Blade Dance","floor":4},{"not_picked":["Finisher","Masterful Stab"],"picked":"Dagger Spray","floor":7},{"not_picked":["Deflect","Deadly Poison"],"picked":"After Image","floor":10},{"not_picked":["Acrobatics","Choke"],"picked":"Footwork","floor":11},{"not_picked":["Quick Slash","Slice"],"picked":"Blade Dance","floor":13},{"not_picked":["Poison Darts","Adrenaline"],"picked":"Bullet Time","floor":16},{"not_picked":["Distraction","Flying Knee"],"picked":"Skewer+1","floor":18},{"not_picked":["Distraction","ReplayTheSpireMod:Tripwire+1"],"picked":"Endless Agony+1","floor":23},{"not_picked":["Die Die Die","Prepared"],"picked":"Bane+1","floor":25},{"not_picked":["Underhanded Strike","Hidden Blade+1"],"picked":"Replay:Poison Smokescreen+1","floor":28},{"not_picked":["Deflect+1","Dagger Throw"],"picked":"Crippling Poison+1","floor":29},{"not_picked":["Malaise","ReplayTheSpireMod:From All Sides"],"picked":"After Image","floor":33},{"not_picked":["Quick Slash","Dagger Throw+1"],"picked":"Flying Knee","floor":35},{"not_picked":["Dagger Throw","Blur"],"picked":"Deflect+1","floor":37},{"not_picked":["Underhanded Strike","ReplayTheSpireMod:Speed Training"],"picked":"Sucker Punch","floor":38},{"not_picked":["Flying Knee+1","Distraction"],"picked":"Poisoned Stab+1","floor":40},{"not_picked":["Backflip+1","Fluid Movement+1"],"picked":"Draining Mist","floor":41},{"not_picked":["Dodge and Roll+1","Quick Slash+1"],"picked":"Atom Bomb","floor":45},{"not_picked":["Dagger Throw","Dagger Spray"],"picked":"Bane+1","floor":46},{"not_picked":["Bane","Dodge and Roll"],"picked":"Deadly Poison+1","floor":47},{"not_picked":["ReplayTheSpireMod:Exploit Weakness","Endless Agony"],"picked":"ReplayTheSpireMod:Shiv Toss+1","floor":48}],"player_experience":55326,"relics_obtained":[{"floor":2,"key":"Ring of Fury"},{"floor":2,"key":"Ring of Hypnosis"},{"floor":7,"key":"Replay:Multitool"},{"floor":9,"key":"Potion Belt"},{"floor":10,"key":"Regal Pillow"},{"floor":15,"key":"Whetstone"},{"floor":23,"key":"ReplayTheSpireMod:Ninjato"},{"floor":25,"key":"Pen Nib"},{"floor":26,"key":"Lantern"},{"floor":39,"key":"Bottled Tornado"},{"floor":40,"key":"Bag of Marbles"},{"floor":43,"key":"Golden Egg"},{"floor":48,"key":"Gremlin Horn"}],"event_choices":[{"damage_healed":0,"gold_gain":0,"player_choice":"Entered Light","damage_taken":14,"max_hp_gain":0,"max_hp_loss":0,"event_name":"Shining Light","floor":3,"gold_loss":0,"cards_upgraded":["Replay:Sssssssssshield","Defend_G"]},{"cards_removed":["Defend_G"],"damage_healed":0,"gold_gain":0,"player_choice":"Card Removal","damage_taken":0,"max_hp_gain":0,"max_hp_loss":0,"event_name":"Wheel of Change","floor":19,"gold_loss":0},{"damage_healed":0,"gold_gain":0,"player_choice":"Bought 2 Potions","damage_taken":0,"max_hp_gain":0,"max_hp_loss":0,"event_name":"The Woman in Blue","floor":20,"gold_loss":0},{"cards_removed":["Replay:Sssssssssshield"],"damage_healed":0,"gold_gain":0,"player_choice":"Give","damage_taken":0,"max_hp_gain":0,"max_hp_loss":0,"event_name":"betterNote:BetterNote","floor":21,"gold_loss":0,"cards_obtained":["None"]},{"damage_healed":0,"gold_gain":99,"player_choice":"Stole From Cult","damage_taken":0,"max_hp_gain":0,"max_hp_loss":0,"event_name":"Nest","floor":30,"gold_loss":0},{"damage_healed":0,"gold_gain":0,"player_choice":"Paid","damage_taken":0,"relics_obtained":["Red Mask"],"max_hp_gain":0,"max_hp_loss":0,"event_name":"Tomb of Lord Red Mask","floor":36,"gold_loss":137}],"is_beta":false,"boss_relics":[{"not_picked":["Ectoplasm","Kintsugi"],"picked":"Ring of the Serpent"},{"not_picked":["ReplayTheSpireMod:DimensionalGlitch","Painkiller Herb"],"picked":"Snecko Scales"}],"items_purged_floors":[],"is_endless":false,"potions_floor_spawned":[1,7,13,25,33,40,41,45,46],"ascension_level":0}}