{"host":"eeuhgv8goqdjv4ip","time":1610890572,"event":{"mods":["2.2 Compatiblity","AchievementEnabler","BaseMod","Better Match","Better Note","Better Skull","Challenge The Spire","Colored Map","Colored Powertips","Conspire","Custom Start","Dark Map","Hubris","Infinite Spire","Koishi","Marisa????????","Minty Spire (QoL Compilation)","Permanent Neow","Quick Restart","Replay The Spire","SIMod","StSLib","Td1madao Mod","The Animator","The Saiyan","The Servant 0.9.4","The Wild Card","TheSwordswoman"],"gold_per_floor":[124,49,49,72,72,100,119,119,145,161,161,186,198,244,244,358,358,372,383,33,33,33,33,33],"floor_reached":23,"language":"ENG","playtime":24346,"items_purged":["animator:Defend"],"score":281,"play_id":"72ce9a07-f274-4c20-9f6c-0077f20c68ed","local_time":"20210117093612","is_ascension_mode":true,"campfire_choices":[{"data":"animator:Saitama","floor":8,"key":"SMITH"},{"data":"animator:EmiyaShirou","floor":11,"key":"SMITH"},{"data":"animator:SakuraMatou","floor":15,"key":"SMITH"}],"circlet_count":0,"master_deck":["animator:Defend_Fate","animator:Strike","animator:Strike","animator:Defend","animator:Defend","animator:Alexander","animator:Rider","animator:EmiyaShirou+1","animator:Saitama+1","animator:Caster","animator:EmiyaShirou","animator:ReimuHakurei","animator:ReimuHakurei","animator:KomachiOnozuka","animator:SakuraMatou+1","animator:Sora","animator:ReimuHakurei","animator:RinTohsaka","animator:Lancer","animator:HarukoHaruhara"],"relics":["animator:LivingPicture","animator:TheMissingPiece","NeowsBlessing","Akabeko","hubris:SlimyHat","hubris:TenFootPole","Omamori","Honey Jar","conspire:GlowingRock"],"acts_visited":["Exordium","TheCity"],"potions_floor_usage":[18,19,23],"damage_taken":[{"damage":0,"enemies":"Cultist","floor":1,"turns":1},{"damage":0,"enemies":"conspire:RoseBush","floor":4,"turns":1},{"damage":0,"enemies":"Lagavulin","floor":6,"turns":2},{"damage":0,"enemies":"Small Slimes","floor":7,"turns":2},{"damage":0,"enemies":"Exordium Wildlife","floor":10,"turns":4},{"damage":8,"enemies":"Replay:BlueRogue","floor":12,"turns":9},{"damage":0,"enemies":"Large Slime","floor":13,"turns":6},{"damage":10,"enemies":"Lagavulin","floor":14,"turns":6},{"damage":36,"enemies":"Hexaghost","floor":16,"turns":12},{"damage":35,"enemies":"conspire:FuzzyDice","floor":18,"turns":8},{"damage":30,"enemies":"3 Byrds","floor":19,"turns":6},{"damage":10,"enemies":"animator:HornedBat","floor":23,"turns":6}],"seed_played":"7940992241400503948","potions_obtained":[{"floor":4,"key":"Strength Potion"},{"floor":7,"key":"Weak Potion"},{"floor":18,"key":"AttackPotion"}],"is_trial":false,"path_per_floor":["M","$","?","M","?","E","M","R","T","M","R","E","M","E","R","B",null,"M","M","$","?","?","E"],"character_chosen":"THE_ANIMATOR","items_purchased":["conspire:GlowingRock","Block Potion"],"campfire_rested":0,"item_purchase_floors":[20,20],"current_hp_per_floor":[66,66,66,66,71,72,72,72,72,72,72,64,64,54,54,18,72,37,8,8,8,8,0,0],"gold":33,"neow_bonus":"THREE_ENEMY_KILL","is_daily":false,"chose_seed":true,"campfire_upgraded":3,"win_rate":0.0,"timestamp":1610890572,"path_taken":["M","?","?","?","?","E","M","R","T","M","R","E","M","E","R","BOSS","M","M","$","?","?","E"],"items_purchased_type":["Relic","Potion"],"build_version":"2020-12-22","purchased_purges":1,"victory":false,"max_hp_per_floor":[66,66,66,66,71,72,72,72,72,72,72,72,72,72,72,72,72,72,73,73,73,73,73,73],"card_choices":[{"not_picked":["animator:Berserker","animator:IrohaTamaki"],"picked":"animator:EmiyaShirou","floor":1},{"not_picked":["animator:TukaLunaMarceau","animator:DolaSchwi"],"picked":"animator:Saitama","floor":4},{"not_picked":["animator:DolaRiku","animator:YaoHaDucy"],"picked":"animator:Caster","floor":6},{"not_picked":["animator:Berserker","animator:Alexander"],"picked":"animator:EmiyaShirou","floor":7},{"not_picked":["animator:Clownpiece","animator:CowGirl"],"picked":"animator:ReimuHakurei","floor":10},{"not_picked":["animator:RoryMercury","animator:MamiTomoe"],"picked":"animator:ReimuHakurei","floor":12},{"not_picked":["animator:DolaRiku","animator:AliceMargatroid"],"picked":"animator:KomachiOnozuka","floor":13},{"not_picked":["animator:Rider","animator:Berserker"],"picked":"animator:SakuraMatou","floor":14},{"not_picked":["animator:PinaCoLada","animator:KoishiKomeiji"],"picked":"animator:Sora","floor":16},{"not_picked":["animator:Tet","animator:LizardPriest","animator:SuikaIbuki+1"],"picked":"animator:ReimuHakurei","floor":18},{"not_picked":["animator:Witch","animator:Genos","animator:MarisaKirisame"],"picked":"animator:RinTohsaka","floor":19}],"player_experience":516593,"relics_obtained":[{"floor":6,"key":"Akabeko"},{"floor":9,"key":"hubris:SlimyHat"},{"floor":12,"key":"hubris:TenFootPole"},{"floor":14,"key":"Omamori"}],"event_choices":[{"cards_removed":["animator:Strike"],"damage_healed":0,"gold_gain":0,"player_choice":"Purged","damage_taken":0,"max_hp_gain":0,"max_hp_loss":0,"event_name":"Purifier","floor":3,"gold_loss":0},{"damage_healed":0,"gold_gain":0,"player_choice":"Donut","damage_taken":0,"max_hp_gain":5,"max_hp_loss":0,"event_name":"Big Fish","floor":5,"gold_loss":0},{"damage_healed":0,"gold_gain":0,"cards_transformed":["animator:Strike_Fate"],"player_choice":"Transformed","damage_taken":0,"max_hp_gain":0,"max_hp_loss":0,"event_name":"Transmorgrifier","floor":22,"gold_loss":0,"cards_obtained":["animator:HarukoHaruhara"]}],"is_beta":false,"boss_relics":[{"not_picked":["Kintsugi","animator:HolyGrailRelic"],"picked":"Honey Jar"}],"items_purged_floors":[2],"is_endless":false,"potions_floor_spawned":[4,7,18],"killed_by":"animator:HornedBat","ascension_level":4}}