{"host":"cain","time":1610865034,"event":{"mods":["BaseMod","Minty Spire (QoL Compilation)","Prisma Mod","StSLib"],"gold_per_floor":[112,112,112,62,10,45,61,61,135,145,158,168,343,40,40,139,139,139,39,39,51,51,51,51],"floor_reached":23,"language":"ZHS","playtime":350,"items_purged":["Doubt","Defend_P"],"score":302,"play_id":"7dcbf2ad-0557-4da4-9aa6-7571c680f81a","local_time":"20210117143034","is_ascension_mode":true,"campfire_choices":[{"data":"PathToVictory","floor":8,"key":"SMITH"},{"floor":15,"key":"REST"}],"circlet_count":0,"master_deck":["Strike_P+1","Strike_P+1","Strike_P+1","Strike_P","Defend_P","Defend_P","Defend_P+1","Eruption+1","PathToVictory+1","ReachHeaven","SashWhip","ReachHeaven","LessonLearned","WheelKick"],"relics":["PureWater","NeowsBlessing","Frozen Egg 2","PreservedInsect","Busted Crown","MutagenicStrength"],"acts_visited":["Exordium","TheCity"],"potions_floor_usage":[16,16,18,22],"damage_taken":[{"damage":0,"enemies":"Small Slimes","floor":1,"turns":1},{"damage":0,"enemies":"Lagavulin","floor":6,"turns":1},{"damage":0,"enemies":"Jaw Worm","floor":7,"turns":1},{"damage":0,"enemies":"2 Louse","floor":10,"turns":1},{"damage":11,"enemies":"Blue Slaver","floor":11,"turns":2},{"damage":13,"enemies":"3 Louse","floor":12,"turns":3},{"damage":40,"enemies":"Hexaghost","floor":16,"turns":5},{"damage":0,"enemies":"Spheric Guardian","floor":18,"turns":2},{"damage":12,"enemies":"3 Byrds","floor":21,"turns":3},{"damage":16,"enemies":"Snake Plant","floor":22,"turns":2},{"damage":31,"enemies":"Book of Stabbing","floor":23,"turns":2}],"seed_played":"-7383791925947295159","potions_obtained":[{"floor":7,"key":"SneckoOil"},{"floor":10,"key":"SkillPotion"},{"floor":12,"key":"Swift Potion"},{"floor":16,"key":"Block Potion"},{"floor":21,"key":"SpeedPotion"}],"is_trial":false,"path_per_floor":["M","?","?","?","$","E","M","R","T","M","M","M","?","$","R","B",null,"M","$","?","M","M","E"],"character_chosen":"WATCHER","items_purchased":["PathToVictory","PreservedInsect","ReachHeaven"],"campfire_rested":1,"item_purchase_floors":[5,14,14],"current_hp_per_floor":[65,51,51,51,51,51,51,51,51,51,40,27,27,27,48,8,56,56,56,56,44,28,0,0],"gold":51,"neow_bonus":"THREE_ENEMY_KILL","is_daily":false,"chose_seed":false,"campfire_upgraded":1,"win_rate":0.0,"timestamp":1610865034,"path_taken":["M","?","?","?","$","E","M","R","T","M","M","?","?","$","R","BOSS","M","$","?","M","M","E"],"items_purchased_type":["Card","Relic","Card"],"build_version":"2020-12-18","purchased_purges":2,"victory":false,"max_hp_per_floor":[72,72,72,72,72,72,72,72,72,72,72,72,72,72,72,72,72,72,72,72,72,72,72,72],"card_choices":[{"not_picked":["FollowUp","CrushJoints","BowlingBash"],"picked":"SKIP","floor":1},{"not_picked":["Indignation","ForeignInfluence","FlyingSleeves"],"picked":"SKIP","floor":6},{"not_picked":["CutThroughFate","Vault","Crescendo"],"picked":"SKIP","floor":7},{"not_picked":["Pray","Wallop"],"picked":"ReachHeaven","floor":10},{"not_picked":["ClearTheMind","Prostrate"],"picked":"SashWhip","floor":11},{"not_picked":["FearNoEvil","Vengeance","Prostrate"],"picked":"SKIP","floor":12},{"not_picked":["Omniscience","Blasphemy"],"picked":"LessonLearned","floor":16},{"not_picked":["Conclude"],"picked":"SKIP","floor":18},{"not_picked":[],"picked":"WheelKick","floor":21},{"not_picked":["FollowUp"],"picked":"SKIP","floor":22}],"player_experience":596188,"relics_obtained":[{"floor":6,"key":"Frozen Egg 2"}],"event_choices":[{"damage_healed":0,"gold_gain":0,"player_choice":"Entered Light","damage_taken":14,"max_hp_gain":0,"max_hp_loss":0,"event_name":"Shining Light","floor":2,"gold_loss":0,"cards_upgraded":["Defend_P","Strike_P"]},{"damage_healed":0,"gold_gain":0,"player_choice":"Grow","damage_taken":0,"max_hp_gain":0,"max_hp_loss":0,"event_name":"Living Wall","floor":3,"gold_loss":0,"cards_upgraded":["Eruption"]},{"cards_removed":["Vigilance"],"damage_healed":0,"gold_gain":0,"player_choice":"Card Removal","damage_taken":0,"max_hp_gain":0,"max_hp_loss":0,"event_name":"The Cleric","floor":4,"gold_loss":50},{"damage_healed":0,"gold_gain":175,"player_choice":"AGREE","damage_taken":0,"max_hp_gain":0,"max_hp_loss":0,"event_name":"Liars Game","floor":13,"gold_loss":0,"cards_obtained":["Doubt"]},{"damage_healed":0,"gold_gain":0,"player_choice":"Inject Mutagens","damage_taken":0,"relics_obtained":["MutagenicStrength"],"max_hp_gain":0,"max_hp_loss":0,"event_name":"Drug Dealer","floor":20,"gold_loss":0}],"is_beta":true,"boss_relics":[{"not_picked":["Sozu","Snecko Eye"],"picked":"Busted Crown"}],"items_purged_floors":[14,19],"is_endless":false,"potions_floor_spawned":[7,10,12,16,18,21],"killed_by":"Book of Stabbing","ascension_level":8}}