{"host":"oeeu8njhzvf3llor","time":1610922467,"event":{"mods":["BaseMod","Better Match","Better Note","Better Skull","Better Third Choice","Hubris","Minty Spire (QoL Compilation)","Rare Cards Sparkle","Replay The Spire","Shop Mod","Spicy Shops","StSLib","Swap Starting Deck Mod"],"gold_per_floor":[109,124,141,158,173,173,204,204,204,232,232,232,232,252,252,353,403,419,419,430,430,447,482,407,407,407],"floor_reached":25,"language":"ENG","playtime":948,"items_purged":[],"score":245,"play_id":"26f9bf12-f819-4cf7-8052-c14c079a1848","local_time":"20210117172747","is_ascension_mode":true,"campfire_choices":[{"data":"Phantasmal Killer","floor":6,"key":"SMITH"},{"data":"Footwork","floor":12,"key":"SMITH"},{"floor":15,"key":"REST"}],"circlet_count":0,"master_deck":["Strike_G","Strike_G","Strike_G+1","Strike_G","Defend_G","Defend_G+1","Defend_G+1","Defend_G","Defend_G","Survivor","Neutralize","Phantasmal Killer+1","Quick Slash","Blade Dance+1","Footwork+1","Leg Sweep","Dagger Spray","Poisoned Stab","Dagger Throw","Cloak And Dagger+1","Die Die Die","Deadly Poison+1","Noxious Fumes","Backstab","Dagger Spray","Dash+1","Deadly Poison+1","After Image"],"relics":["Ring of the Snake","Toxic Egg 2","MealTicket","War Paint","Tiny House","FossilizedHelix"],"acts_visited":["Exordium","TheCity"],"potions_floor_usage":[],"damage_taken":[{"damage":0,"enemies":"Jaw Worm","floor":1,"turns":4},{"damage":0,"enemies":"Small Slimes","floor":2,"turns":3},{"damage":0,"enemies":"2 Louse","floor":3,"turns":3},{"damage":1,"enemies":"Red Slaver","floor":4,"turns":5},{"damage":10,"enemies":"3 Louse","floor":5,"turns":4},{"damage":13,"enemies":"Lagavulin","floor":7,"turns":7},{"damage":15,"enemies":"3 Sentries","floor":10,"turns":9},{"damage":3,"enemies":"2 Fungi Beasts","floor":14,"turns":4},{"damage":36,"enemies":"The Guardian","floor":16,"turns":14},{"damage":10,"enemies":"Shell Parasite","floor":18,"turns":6},{"damage":3,"enemies":"Chosen","floor":20,"turns":5},{"damage":16,"enemies":"Shelled Parasite and Fungi","floor":22,"turns":5},{"damage":29,"enemies":"Book of Stabbing","floor":23,"turns":7},{"damage":20,"enemies":"Slavers","floor":25,"turns":1}],"seed_played":"1636665075385851751","potions_obtained":[{"floor":1,"key":"LifebloodPotion"},{"floor":3,"key":"Fire Potion"},{"floor":17,"key":"Toxic Potion"}],"is_trial":false,"path_per_floor":["M","M","M","M","M","R","E","?","T","E","?","R","?","M","R","B",null,"M","?","M","?","M","E","?","E"],"character_chosen":"THE_SILENT","items_purchased":[],"campfire_rested":1,"item_purchase_floors":[],"current_hp_per_floor":[70,70,70,69,59,59,46,69,69,54,54,54,47,44,65,29,75,65,65,62,62,46,17,17,0,0],"gold":407,"neow_bonus":"ONE_RANDOM_RARE_CARD","is_daily":false,"chose_seed":false,"campfire_upgraded":2,"win_rate":0.0,"timestamp":1610922467,"path_taken":["M","M","M","M","M","R","E","?","T","E","?","R","?","M","R","BOSS","M","?","M","?","M","E","?","E"],"items_purchased_type":[],"build_version":"2020-12-22","purchased_purges":0,"victory":false,"max_hp_per_floor":[70,70,70,70,70,70,70,70,70,70,70,70,70,70,70,70,75,75,75,75,75,75,75,75,75,75],"card_choices":[{"not_picked":["Escape Plan","Terror"],"picked":"Quick Slash","floor":1},{"not_picked":["Prepared","Deflect"],"picked":"Blade Dance","floor":2},{"not_picked":["hubris:TrickCloak","Dagger Spray"],"picked":"Footwork","floor":3},{"not_picked":["Expertise","Flying Knee"],"picked":"Leg Sweep","floor":4},{"not_picked":["Well Laid Plans","Flying Knee"],"picked":"Dagger Spray","floor":5},{"not_picked":["hubris:TrickCloak+1","Backflip+1"],"picked":"Poisoned Stab","floor":7},{"not_picked":["Malaise+1","Deflect+1"],"picked":"Dagger Throw","floor":10},{"not_picked":["Bane","Deflect+1"],"picked":"Cloak And Dagger+1","floor":14},{"not_picked":["Unload","ReplayTheSpireMod:Necrosis+1"],"picked":"Die Die Die","floor":16},{"not_picked":["Quick Slash","Flying Knee"],"picked":"Deadly Poison+1","floor":17},{"not_picked":["Slice","Dodge and Roll+1"],"picked":"Noxious Fumes","floor":18},{"not_picked":["ReplayTheSpireMod:Tripwire+1","Quick Slash"],"picked":"Backstab","floor":20},{"not_picked":["ReplayTheSpireMod:Shiv Toss+1","Caltrops","Eviscerate"],"picked":"SKIP","floor":22},{"not_picked":["Dodge and Roll+1","ReplayTheSpireMod:The Works+1"],"picked":"Dash+1","floor":23},{"not_picked":["Dodge and Roll","hubris:SlightOfHand"],"picked":"Deadly Poison","floor":24},{"not_picked":["Adrenaline","Wraith Form v2"],"picked":"After Image","floor":24}],"player_experience":501787,"relics_obtained":[{"floor":7,"key":"Toxic Egg 2"},{"floor":9,"key":"MealTicket"},{"floor":10,"key":"War Paint"},{"floor":23,"key":"FossilizedHelix"}],"event_choices":[{"damage_healed":23,"gold_gain":0,"player_choice":"Banana","damage_taken":0,"max_hp_gain":0,"max_hp_loss":0,"event_name":"Big Fish","floor":8,"gold_loss":0},{"cards_removed":["Strike_G"],"damage_healed":0,"gold_gain":0,"player_choice":"Card Removal","damage_taken":7,"max_hp_gain":0,"max_hp_loss":0,"event_name":"Golden Wing","floor":13,"gold_loss":0},{"cards_removed":["Strike_G"],"damage_healed":0,"gold_gain":0,"player_choice":"Give","damage_taken":0,"max_hp_gain":0,"max_hp_loss":0,"event_name":"betterNote:BetterNote","floor":19,"gold_loss":0,"cards_obtained":["Strike_R"]},{"damage_healed":0,"gold_gain":0,"player_choice":"Read","damage_taken":0,"max_hp_gain":0,"max_hp_loss":0,"event_name":"The Library","floor":21,"gold_loss":0,"cards_obtained":["Dagger Spray"]},{"damage_healed":0,"gold_gain":0,"player_choice":"1","damage_taken":0,"max_hp_gain":0,"max_hp_loss":0,"event_name":"betterMatch:BetterMatch","floor":24,"gold_loss":0,"cards_obtained":["betterMatch:CommonCard","betterMatch:RareCard"]}],"is_beta":false,"boss_relics":[{"not_picked":["Honey Jar","Philosopher\u0027s Stone"],"picked":"Tiny House"}],"items_purged_floors":[],"is_endless":false,"potions_floor_spawned":[1,3,20,22],"killed_by":"Slavers","ascension_level":1}}