{"host":"g5ztulhog0otympt","time":1610892110,"event":{"mods":["AchievementEnabler","BaseMod","Downfall","Hermit","Minty Spire (QoL Compilation)","StSLib","The Cursed"],"gold_per_floor":[113,123,123,123,123,123,152,152,175,201,201,218,232,81,81,183,183,202,217,63,78,91,91,122,139,193,193,193,193],"floor_reached":28,"language":"ENG","playtime":1242,"items_purged":[],"score":273,"play_id":"a72c5e59-bcdb-45b3-801b-b982a01f70ca","local_time":"20210117160150","is_ascension_mode":false,"campfire_choices":[{"data":"Zap","floor":6.0,"key":"SMITH"},{"floor":8.0,"key":"REST"},{"floor":15.0,"key":"REST"},{"floor":23,"key":"REST"}],"circlet_count":0,"master_deck":["Strike_B","Strike_B","Strike_B","Strike_B","Defend_B","Defend_B","Defend_B","Defend_B","Zap+1","Dualcast","BootSequence","Sweeping Beam","Chaos","Rip and Tear+1","Capacitor+1","Ball Lightning","White Noise","Static Discharge"],"relics":["Cracked Core","Mango","Centennial Puzzle","Bag of Preparation","Vajra","Happy Flower","SlaversCollar","Lantern","Nunchaku","Tiny Chest"],"acts_visited":["Exordium","TheCity"],"potions_floor_usage":[19,24],"damage_taken":[{"damage":1.0,"enemies":"Cultist","floor":1.0,"turns":3.0},{"damage":5.0,"enemies":"Small Slimes","floor":2.0,"turns":3.0},{"damage":30.0,"enemies":"3 Sentries","floor":7.0,"turns":8.0},{"damage":24.0,"enemies":"Gremlin Nob","floor":10.0,"turns":4.0},{"damage":1.0,"enemies":"Jaw Worm","floor":12.0,"turns":2.0},{"damage":0.0,"enemies":"Blue Slaver","floor":13.0,"turns":2.0},{"damage":52.0,"enemies":"The Guardian","floor":16.0,"turns":13.0},{"damage":11,"enemies":"Shell Parasite","floor":18,"turns":5},{"damage":16,"enemies":"2 Thieves","floor":19,"turns":3},{"damage":17,"enemies":"Centurion and Healer","floor":21,"turns":6},{"damage":12,"enemies":"Snecko","floor":22,"turns":5},{"damage":24,"enemies":"Slavers","floor":24,"turns":3},{"damage":43,"enemies":"Sentry and Sphere","floor":25,"turns":6},{"damage":14,"enemies":"Centurion and Healer","floor":28,"turns":2}],"seed_played":"-7752797064006649072","potions_obtained":[{"floor":1.0,"key":"Weak Potion"},{"floor":13.0,"key":"EssenceOfSteel"},{"floor":16.0,"key":"LiquidBronze"},{"floor":22,"key":"AttackPotion"}],"is_trial":false,"path_per_floor":["M","M","?","?","$","R","E","R","T","E","$","M","M","$","R","B",null,"M","M","$","M","M","R","E","M","T","?","M"],"character_chosen":"DEFECT","items_purchased":["Happy Flower","Lantern"],"campfire_rested":3,"item_purchase_floors":[14,20],"current_hp_per_floor":[81,76,78,78,78,78,48,76,76,52,52,51,51,51,79,27,96,85,69,69,52,40,68,44,1,1,1,0,0],"gold":193,"neow_bonus":"TEN_PERCENT_HP_BONUS","is_daily":false,"chose_seed":false,"campfire_upgraded":1,"win_rate":0.0,"timestamp":1610892110,"path_taken":["M","?","?","?","$","R","E","R","T","E","?","M","M","$","R","BOSS","M","M","$","M","M","R","E","M","T","?","?"],"items_purchased_type":["Relic","Relic"],"build_version":"2020-12-22","purchased_purges":0,"victory":false,"max_hp_per_floor":[82,82,96,96,96,96,96,96,96,96,96,96,96,96,96,96,96,96,96,96,96,96,96,96,96,96,96,96,96],"card_choices":[{"not_picked":["Compile Driver","Chill"],"picked":"BootSequence","floor":1.0},{"not_picked":["Coolheaded","Cold Snap","Steam"],"picked":"SKIP","floor":2.0},{"not_picked":["Streamline","Cold Snap","Stack"],"picked":"SKIP","floor":7.0},{"not_picked":["Loop","Fusion"],"picked":"Sweeping Beam","floor":10.0},{"not_picked":["Storm","Stack","Recycle"],"picked":"SKIP","floor":12.0},{"not_picked":["Beam Cell","Reinforced Body"],"picked":"Chaos","floor":13.0},{"not_picked":["Rebound","Reprogram"],"picked":"Rip and Tear+1","floor":18},{"not_picked":["Reinforced Body","Steam"],"picked":"Capacitor+1","floor":19},{"not_picked":["Rebound","Turbo"],"picked":"Ball Lightning","floor":21},{"not_picked":["Ball Lightning+1","Scrape"],"picked":"White Noise","floor":22},{"not_picked":["Streamline+1","Fission"],"picked":"Static Discharge","floor":24},{"not_picked":["Loop","Coolheaded","Force Field+1"],"picked":"SKIP","floor":25}],"player_experience":81733,"relics_obtained":[{"floor":7.0,"key":"Centennial Puzzle"},{"floor":9.0,"key":"Bag of Preparation"},{"floor":10.0,"key":"Vajra"},{"floor":24,"key":"Nunchaku"},{"floor":26,"key":"Tiny Chest"}],"event_choices":[{"damage_healed":0.0,"max_hp_gain":0.0,"max_hp_loss":0.0,"gold_gain":0.0,"event_name":"Scrap Ooze","player_choice":"Success","floor":3.0,"gold_loss":0.0,"damage_taken":12.0,"relics_obtained":["Mango"]},{"damage_healed":0.0,"max_hp_gain":0.0,"max_hp_loss":0.0,"gold_gain":0.0,"event_name":"Golden Idol","player_choice":"Ignored","floor":4.0,"gold_loss":0.0,"damage_taken":0.0},{"damage_healed":0,"gold_gain":0,"player_choice":"Ignored","damage_taken":0,"max_hp_gain":0,"max_hp_loss":0,"event_name":"NoteForYourself","floor":27,"gold_loss":0}],"is_beta":false,"boss_relics":[{"not_picked":["Sozu","Calling Bell"],"picked":"SlaversCollar"}],"items_purged_floors":[],"is_endless":false,"potions_floor_spawned":[1,13,16,22],"killed_by":"Centurion and Healer","ascension_level":0}}