{"host":"2l97xuagc2u1sty8","time":1610867275,"event":{"mods":["2.2 Compatiblity","Aspiration","BaseMod","Colored Powertips","Conspire","Custom Start","Hubris","Minty Spire (QoL Compilation)","Rare Cards Sparkle","StSLib"],"gold_per_floor":[115,115,65,65,65,97,97,123,123,123,123],"floor_reached":10,"language":"ENG","playtime":252,"items_purged":[],"score":76,"play_id":"9ad43782-c623-40d4-bf42-f47f5c33188f","local_time":"20210117010755","is_ascension_mode":true,"campfire_choices":[{"floor":7,"key":"REST"}],"circlet_count":0,"master_deck":["Strike_B","Strike_B","Strike_B","Defend_B","Defend_B","Defend_B","Defend_B","Zap","Dualcast","Ball Lightning","Scrape+1","Core Surge+1"],"relics":["Cracked Core","Molten Egg 2","GremlinMask","hubris:SlimyHat","Vajra","Sundial"],"acts_visited":["Exordium"],"potions_floor_usage":[6],"damage_taken":[{"damage":1,"enemies":"Cultist","floor":1,"turns":3},{"damage":36,"enemies":"Lagavulin","floor":6,"turns":6},{"damage":49,"enemies":"3 Sentries","floor":8,"turns":10},{"damage":21,"enemies":"Lagavulin","floor":10,"turns":4}],"seed_played":"2582343182146346755","potions_obtained":[{"floor":1,"key":"PotionOfCapacity"}],"is_trial":false,"path_per_floor":["M","T","?","?","$","E","R","E","T","E"],"character_chosen":"DEFECT","items_purchased":[],"campfire_rested":1,"item_purchase_floors":[],"current_hp_per_floor":[81,81,81,81,81,45,69,20,20,0,0],"gold":123,"neow_bonus":"TEN_PERCENT_HP_BONUS","is_daily":false,"chose_seed":false,"campfire_upgraded":0,"win_rate":0.0,"timestamp":1610867275,"path_taken":["M","?","?","?","$","E","R","E","T","E"],"items_purchased_type":[],"build_version":"2020-12-22","purchased_purges":0,"victory":false,"max_hp_per_floor":[82,82,82,82,82,82,82,82,82,82,82],"card_choices":[{"not_picked":["Defragment","Sweeping Beam"],"picked":"Ball Lightning","floor":1},{"not_picked":["Go for the Eyes+1","Hologram"],"picked":"Scrape+1","floor":6},{"not_picked":["Chill","Genetic Algorithm"],"picked":"Core Surge+1","floor":8}],"player_experience":266136,"relics_obtained":[{"floor":2,"key":"Molten Egg 2"},{"floor":6,"key":"hubris:SlimyHat"},{"floor":8,"key":"Vajra"},{"floor":9,"key":"Sundial"}],"event_choices":[{"cards_removed":["Strike_B"],"damage_healed":0,"gold_gain":0,"player_choice":"Card Removal","damage_taken":0,"max_hp_gain":0,"max_hp_loss":0,"event_name":"The Cleric","floor":3,"gold_loss":50},{"damage_healed":0,"gold_gain":0,"player_choice":"Trade","damage_taken":0,"relics_obtained":["GremlinMask"],"max_hp_gain":0,"max_hp_loss":0,"event_name":"FaceTrader","floor":4,"gold_loss":0}],"is_beta":false,"boss_relics":[],"items_purged_floors":[],"is_endless":false,"potions_floor_spawned":[1],"killed_by":"Lagavulin","ascension_level":1}}