{"host":"6ve8qn5s1am4lo6s","time":1610903665,"event":{"mods":["AchievementEnabler","BaseMod","Better Altar","Better Match","Better Note","Better Vampires","BetterRewards","CapriCore","Displayed Cursed Tome","Evolution","Minty Spire (QoL Compilation)","Permanent Neow","Relic Stats","StSLib","The Animator"],"gold_per_floor":[113,137,45,45,45,75,75,102,128,128,153,153,169,210,210,310,310,328,339,368,386,386,386,386,386,386,386,411,431,465,480,480,480,480],"floor_reached":33,"language":"ENG","playtime":3575,"items_purged":[],"score":485,"play_id":"36f1e21d-4183-443f-8082-24f0da7f5588","local_time":"20210117121425","is_ascension_mode":false,"campfire_choices":[{"data":"animator:DolaSchwi","floor":7,"key":"SMITH"},{"floor":12,"key":"RECALL"},{"floor":15,"key":"REST"},{"data":"animator:AcuraShin","floor":23,"key":"SMITH"},{"data":"animator:Saitama","floor":25,"key":"SMITH"},{"data":"animator:Shimakaze","floor":27,"key":"SMITH"},{"floor":32,"key":"REST"}],"circlet_count":0,"master_deck":["animator:IrohaTamaki","animator:DolaCouronne","animator:IrohaTamaki","animator:IrohaTamaki","animator:IrohaTamaki","animator:DolaCouronne","animator:DolaCouronne","animator:DolaCouronne","animator:DolaSchwi+1","animator:Shimakaze+1","animator:Shimakaze","animator:Arpeggio","animator:Zero","animator:DolaSchwi","Pain","animator:DolaRiku","animator:Benimaru","animator:Saitama+1","animator:DolaRiku","animator:AcuraShin+1","animator:DolaSchwi","animator:DolaStephanie+1"],"relics":["animator:LivingPicture","animator:TheMissingPiece","EVO:Axolotl","Champion Belt","Bag of Marbles","Juzu Bracelet","animator:ShionDessert","Tiny Chest","WarpedTongs","Gremlin Horn","Sozu","animator:HallowedScabbard","Ancient Tea Set","Anchor"],"acts_visited":["Exordium","TheCity"],"potions_floor_usage":[30],"damage_taken":[{"damage":0,"enemies":"2 Louse","floor":1,"turns":5},{"damage":0,"enemies":"Cultist","floor":2,"turns":5},{"damage":1,"enemies":"3 Sentries","floor":6,"turns":7},{"damage":5,"enemies":"Gremlin Nob","floor":8,"turns":4},{"damage":0,"enemies":"Small Slimes","floor":11,"turns":4},{"damage":6,"enemies":"Exordium Thugs","floor":13,"turns":4},{"damage":19,"enemies":"Lagavulin","floor":14,"turns":5},{"damage":5,"enemies":"Hexaghost","floor":16,"turns":5},{"damage":4,"enemies":"2 Thieves","floor":18,"turns":3},{"damage":0,"enemies":"Shell Parasite","floor":19,"turns":3},{"damage":5,"enemies":"Snake Plant","floor":20,"turns":3},{"damage":10,"enemies":"Cultist and Chosen","floor":21,"turns":5},{"damage":12,"enemies":"Centurion and Healer","floor":29,"turns":7},{"damage":11,"enemies":"animator:HornedBat","floor":30,"turns":4},{"damage":22,"enemies":"Snake Plant","floor":31,"turns":4},{"damage":23,"enemies":"Collector","floor":33,"turns":3}],"seed_played":"-2543955539388814552","potions_obtained":[{"floor":2,"key":"Weak Potion"},{"floor":11,"key":"Block Potion"},{"floor":14,"key":"FearPotion"}],"is_trial":false,"path_per_floor":["M","M","$","?","?","E","R","E","T","?","M","R","M","E","R","B",null,"M","M","M","M","?","R","?","R","T","R","T","M","E","M","R","B"],"character_chosen":"THE_ANIMATOR","items_purchased":["animator:Shimakaze","Bag of Marbles","animator:Shimakaze","Juzu Bracelet","animator:Zero"],"campfire_rested":2,"item_purchase_floors":[0,0,0,0,3],"current_hp_per_floor":[37,37,37,37,37,36,36,31,31,31,31,31,25,6,26,21,67,63,63,58,48,48,48,39,39,39,39,39,31,21,3,23,0,0],"gold":480,"neow_bonus":"","is_daily":false,"chose_seed":false,"campfire_upgraded":4,"win_rate":0.0,"timestamp":1610903665,"path_taken":["M","M","$","?","?","E","R","E","T","?","M","R","M","E","R","BOSS","M","M","M","M","?","R","?","R","T","R","?","M","E","M","R","BOSS"],"items_purchased_type":["Card","Relic","Card","Relic","Card"],"build_version":"2020-12-22","purchased_purges":0,"victory":false,"max_hp_per_floor":[67,67,67,67,67,67,67,67,67,67,67,67,67,67,67,67,67,67,67,67,67,67,67,67,67,67,67,67,67,68,68,68,68,68],"relic_stats":{"Sozu":3,"Gremlin Horn":[7,7],"counters":[76,320],"Tiny Chest":1,"Juzu Bracelet":1,"Champion Belt":[26],"obtain_stats":[{"Calipers":40,"Gremlin Horn":14,"Vajra":44,"EVO:Axolotl":0,"Whetstone":25,"Boot":45,"Old Coin":31,"Blood Vial":10,"Sozu":17,"Centennial Puzzle":28,"HornCleat":1,"Sundial":28,"MealTicket":11,"Prayer Wheel":30,"Philosopher\u0027s Stone":34,"Toxic Egg 2":41,"Pear":43,"Happy Flower":4,"Blue Candle":48,"Oddly Smooth Stone":39,"Charon\u0027s Ashes":45,"Letter Opener":27,"Paper Crane":9,"War Paint":42,"animator:CerealBox":0,"WarpedTongs":10,"Du-Vu Doll":0,"SlaversCollar":34,"Bottled Flame":41,"Shuriken":4,"Bronze Scales":38,"Molten Egg 2":23,"Black Star":17,"animator:HeavyHalberd":0,"Unceasing Top":8,"Meat on the Bone":22,"Pocketwatch":42,"Darkstone Periapt":0,"animator:ShionDessert":44,"Lantern":47,"animator:TheMissingPiece":0,"StoneCalendar":40,"Mango":44,"Bag of Preparation":14,"Juzu Bracelet":0,"Cursed Key":0,"Smiling Mask":5,"Ancient Tea Set":27,"Nunchaku":29,"Shovel":18,"animator:AncientMedallion":53,"Mummified Hand":26,"Tiny Chest":30,"WingedGreaves":0,"animator:HallowedScabbard":26,"animator:VividPicture":17,"Red Skull":36,"Paper Frog":31,"Potion Belt":37,"animator:Buoy":44,"Thread and Needle":41,"The Courier":3,"PreservedInsect":35,"Frozen Egg 2":46,"Medical Kit":44,"MawBank":46,"White Beast Statue":21,"Peace Pipe":0,"animator:TheEgnaroPiece":53,"Anchor":30,"Ornamental Fan":23,"animator:EngravedStaff":25,"animator:LivingPicture":0,"Art of War":12,"Bag of Marbles":19,"Bottled Lightning":20,"Champion Belt":0,"FossilizedHelix":6,"TungstenRod":48,"Toy Ornithopter":49},{"Calipers":29,"Gremlin Horn":67,"Vajra":31,"EVO:Axolotl":0,"Whetstone":18,"Boot":32,"Old Coin":23,"Blood Vial":7,"Sozu":68,"Centennial Puzzle":20,"HornCleat":1,"Sundial":20,"MealTicket":8,"Prayer Wheel":22,"Philosopher\u0027s Stone":24,"Toxic Egg 2":53,"Pear":31,"Happy Flower":37,"Blue Candle":34,"Oddly Smooth Stone":28,"Charon\u0027s Ashes":32,"Letter Opener":19,"Paper Crane":6,"War Paint":31,"animator:CerealBox":35,"WarpedTongs":64,"Du-Vu Doll":0,"SlaversCollar":49,"Bottled Flame":30,"Shuriken":3,"Bronze Scales":27,"Molten Egg 2":17,"Black Star":11,"animator:HeavyHalberd":0,"Unceasing Top":6,"Meat on the Bone":16,"Pocketwatch":31,"Darkstone Periapt":0,"animator:ShionDessert":31,"Lantern":33,"animator:TheMissingPiece":0,"StoneCalendar":29,"Mango":31,"Bag of Preparation":10,"Juzu Bracelet":60,"Cursed Key":0,"Smiling Mask":4,"Ancient Tea Set":19,"Nunchaku":21,"Shovel":12,"animator:AncientMedallion":57,"Mummified Hand":18,"Tiny Chest":47,"WingedGreaves":35,"animator:HallowedScabbard":72,"animator:VividPicture":41,"Red Skull":26,"Paper Frog":23,"Potion Belt":27,"animator:Buoy":31,"Thread and Needle":30,"The Courier":2,"PreservedInsect":25,"Frozen Egg 2":33,"Medical Kit":31,"MawBank":33,"White Beast Statue":15,"Peace Pipe":35,"animator:TheEgnaroPiece":57,"Anchor":74,"Ornamental Fan":17,"animator:EngravedStaff":18,"animator:LivingPicture":0,"Art of War":9,"Bag of Marbles":13,"Bottled Lightning":14,"Champion Belt":60,"FossilizedHelix":5,"TungstenRod":34,"Toy Ornithopter":34},{"Calipers":94,"Gremlin Horn":283,"Vajra":99,"EVO:Axolotl":0,"Whetstone":66,"Boot":102,"Old Coin":80,"Blood Vial":24,"Sozu":288,"Centennial Puzzle":72,"HornCleat":3,"Sundial":72,"MealTicket":28,"Prayer Wheel":77,"Philosopher\u0027s Stone":84,"Toxic Egg 2":189,"Pear":99,"Happy Flower":112,"Blue Candle":104,"Oddly Smooth Stone":91,"Charon\u0027s Ashes":102,"Letter Opener":69,"Paper Crane":19,"War Paint":99,"animator:CerealBox":105,"WarpedTongs":272,"Du-Vu Doll":0,"SlaversCollar":173,"Bottled Flame":97,"Shuriken":8,"Bronze Scales":88,"Molten Egg 2":64,"Black Star":39,"animator:HeavyHalberd":0,"Unceasing Top":19,"Meat on the Bone":59,"Pocketwatch":99,"Darkstone Periapt":0,"animator:ShionDessert":99,"Lantern":103,"animator:TheMissingPiece":0,"StoneCalendar":94,"Mango":99,"Bag of Preparation":33,"Juzu Bracelet":251,"Cursed Key":0,"Smiling Mask":11,"Ancient Tea Set":69,"Nunchaku":74,"Shovel":41,"animator:AncientMedallion":214,"Mummified Hand":66,"Tiny Chest":158,"WingedGreaves":105,"animator:HallowedScabbard":302,"animator:VividPicture":130,"Red Skull":86,"Paper Frog":80,"Potion Belt":88,"animator:Buoy":99,"Thread and Needle":97,"The Courier":5,"PreservedInsect":85,"Frozen Egg 2":103,"Medical Kit":99,"MawBank":103,"White Beast Statue":55,"Peace Pipe":105,"animator:TheEgnaroPiece":214,"Anchor":313,"Ornamental Fan":64,"animator:EngravedStaff":66,"animator:LivingPicture":0,"Art of War":31,"Bag of Marbles":45,"Bottled Lightning":50,"Champion Belt":251,"FossilizedHelix":14,"TungstenRod":104,"Toy Ornithopter":104}],"WarpedTongs":[50]},"card_choices":[{"not_picked":["animator:Melzalgald","animator:NarberalGamma","animator:Tatsumaki"],"picked":"SKIP","floor":1},{"not_picked":["animator:Jibril","animator:Shion"],"picked":"animator:Arpeggio","floor":2},{"not_picked":["animator:Guy","animator:Demiurge","animator:Tyuule"],"picked":"SKIP","floor":6},{"not_picked":["animator:DolaCouronne","animator:ChlammyZell"],"picked":"animator:DolaSchwi","floor":8},{"not_picked":["animator:Bozes","animator:Tyuule"],"picked":"animator:DolaRiku","floor":11},{"not_picked":["animator:Geryuganshoop","animator:Rena"],"picked":"animator:Benimaru","floor":13},{"not_picked":["animator:Kaijin","animator:Sonic","animator:Geryuganshoop"],"picked":"SKIP","floor":14},{"not_picked":["animator:Boros","animator:Shizu"],"picked":"animator:Saitama","floor":16},{"not_picked":["animator:ChlammyZell","animator:DolaCouronne"],"picked":"animator:DolaRiku","floor":18},{"not_picked":["animator:TukaLunaMarceau","animator:Shion","animator:Add"],"picked":"SKIP","floor":19},{"not_picked":["animator:DolaRiku","animator:Genos"],"picked":"animator:AcuraShin","floor":20},{"not_picked":["animator:Fredrika","animator:TukaLunaMarceau","animator:Tatsumaki"],"picked":"SKIP","floor":21},{"not_picked":["animator:DolaRiku","animator:ChlammyZell"],"picked":"animator:DolaSchwi","floor":29},{"not_picked":["animator:Viivi","animator:Melzalgald"],"picked":"animator:DolaStephanie+1","floor":30},{"not_picked":["animator:DolaRiku","animator:PinaCoLada","animator:Kaijin"],"picked":"SKIP","floor":31}],"player_experience":419629,"relics_obtained":[{"floor":6,"key":"animator:ShionDessert"},{"floor":8,"key":"Tiny Chest"},{"floor":14,"key":"Gremlin Horn"},{"floor":26,"key":"animator:HallowedScabbard"},{"floor":28,"key":"Ancient Tea Set"},{"floor":30,"key":"Anchor"}],"event_choices":[{"cards_removed":["animator:DolaCouronne"],"damage_healed":0,"gold_gain":0,"player_choice":"Purged","damage_taken":0,"max_hp_gain":0,"max_hp_loss":0,"event_name":"Purifier","floor":5,"gold_loss":0},{"damage_healed":0,"gold_gain":0,"player_choice":"Rummage","damage_taken":0,"relics_obtained":["WarpedTongs"],"max_hp_gain":0,"max_hp_loss":0,"event_name":"Accursed Blacksmith","floor":10,"gold_loss":0,"cards_obtained":["Pain"]},{"cards_removed":["Pain"],"damage_healed":0,"gold_gain":0,"player_choice":"Give","damage_taken":0,"max_hp_gain":0,"max_hp_loss":0,"event_name":"betterNote:BetterNote","floor":22,"gold_loss":0,"cards_obtained":["animator:Defend"]},{"damage_healed":0,"gold_gain":0,"player_choice":"Stopped","damage_taken":9,"max_hp_gain":0,"max_hp_loss":0,"event_name":"Cursed Tome","floor":24,"gold_loss":0}],"is_beta":false,"boss_relics":[{"not_picked":["animator:VividPicture","Velvet Choker"],"picked":"Sozu"}],"items_purged_floors":[],"is_endless":false,"potions_floor_spawned":[2,11,14,19,21,30],"killed_by":"Collector","ascension_level":0}}