{"host":"19t2eyow02s954g8","time":1610896155,"event":{"mods":["BaseMod","Colored Map","DeckTracker","Minty Spire (QoL Compilation)","StSLib","SuperFastMode"],"gold_per_floor":[18,18,36,55,55,86,86,102,102,133,147,188,188,207,207,298,298,312,312,327,350,370,370,370,370],"floor_reached":24,"language":"KOR","playtime":596,"items_purged":[],"score":590,"play_id":"b098b31e-7107-4d45-9367-616d91de30a8","local_time":"20210118000915","is_ascension_mode":true,"campfire_choices":[{"data":"Neutralize","floor":7.0,"key":"SMITH"},{"data":"Phantasmal Killer","floor":13.0,"key":"SMITH"},{"data":"Footwork","floor":15.0,"key":"SMITH"}],"circlet_count":0,"master_deck":["AscendersBane","Strike_G","Strike_G","Strike_G","Strike_G","Defend_G","Defend_G","Defend_G","Defend_G","Survivor","Neutralize+1","Phantasmal Killer+1","Skewer+1","Backstab","Dagger Spray","Footwork+1","Wraith Form v2+1","Outmaneuver","After Image+1"],"relics":["Ring of the Snake","Golden Idol","Bag of Marbles","StrikeDummy","Tingsha","Frozen Egg 2","Sozu","MutagenicStrength"],"acts_visited":["Exordium","TheCity"],"potions_floor_usage":[21,21],"damage_taken":[{"damage":2.0,"enemies":"Jaw Worm","floor":1.0,"turns":4.0},{"damage":2.0,"enemies":"Small Slimes","floor":3.0,"turns":4.0},{"damage":1.0,"enemies":"2 Louse","floor":4.0,"turns":4.0},{"damage":20.0,"enemies":"3 Sentries","floor":6.0,"turns":6.0},{"damage":0.0,"enemies":"2 Fungi Beasts","floor":8.0,"turns":2.0},{"damage":6.0,"enemies":"Gremlin Nob","floor":10.0,"turns":3.0},{"damage":0.0,"enemies":"Looter","floor":11.0,"turns":1.0},{"damage":0.0,"enemies":"Lagavulin","floor":12.0,"turns":5.0},{"damage":12.0,"enemies":"Exordium Thugs","floor":14.0,"turns":2.0},{"damage":0.0,"enemies":"Slime Boss","floor":16.0,"turns":4.0},{"damage":1,"enemies":"Shell Parasite","floor":18,"turns":3},{"damage":0,"enemies":"Chosen","floor":20,"turns":2},{"damage":6,"enemies":"Snecko","floor":21,"turns":4},{"damage":15,"enemies":"Centurion and Healer","floor":22,"turns":5},{"damage":36,"enemies":"Gremlin Leader","floor":24,"turns":2}],"seed_played":"9147718513498338928","potions_obtained":[{"floor":3.0,"key":"GamblersBrew"},{"floor":4.0,"key":"PowerPotion"},{"floor":10.0,"key":"AttackPotion"},{"floor":11.0,"key":"SpeedPotion"},{"floor":16.0,"key":"Swift Potion"}],"is_trial":false,"path_per_floor":["M","?","M","M","?","E","R","M","T","E","M","E","R","M","R","B",null,"M","?","M","M","M","?","E"],"character_chosen":"THE_SILENT","items_purchased":[],"campfire_rested":0,"item_purchase_floors":[],"current_hp_per_floor":[57,57,55,54,54,34,34,34,34,28,28,28,28,16,16,16,49,48,48,48,42,27,27,0,0],"gold":370,"neow_bonus":"TRANSFORM_TWO_CARDS","is_daily":false,"chose_seed":false,"campfire_upgraded":3,"win_rate":0.0,"timestamp":1610896155,"path_taken":["M","?","M","M","?","E","R","M","T","E","M","E","R","M","R","BOSS","M","?","M","M","M","?","E"],"items_purchased_type":[],"build_version":"2020-12-22","purchased_purges":0,"victory":false,"max_hp_per_floor":[66,66,66,66,60,60,60,60,60,60,60,60,60,60,60,60,60,60,60,60,60,60,60,60,60],"card_choices":[{"not_picked":["Deadly Poison","Bane","Flechettes"],"picked":"SKIP","floor":1.0},{"not_picked":["Masterful Stab","Slice","Doppelganger"],"picked":"SKIP","floor":3.0},{"not_picked":["Accuracy","Backflip","Cloak And Dagger"],"picked":"SKIP","floor":4.0},{"not_picked":["Leg Sweep","Dagger Throw"],"picked":"Backstab","floor":6.0},{"not_picked":["Poisoned Stab","Sucker Punch","Flechettes"],"picked":"SKIP","floor":8.0},{"not_picked":["Dash","Sucker Punch"],"picked":"Dagger Spray","floor":10.0},{"not_picked":["Eviscerate","Bane"],"picked":"Footwork","floor":11.0},{"not_picked":["Skewer","Bane","Deadly Poison"],"picked":"SKIP","floor":12.0},{"not_picked":["Accuracy+1","Dodge and Roll","Poisoned Stab"],"picked":"SKIP","floor":14.0},{"not_picked":["Glass Knife","Adrenaline"],"picked":"Wraith Form v2+1","floor":16.0},{"not_picked":["Dodge and Roll","Prepared"],"picked":"Outmaneuver","floor":18},{"not_picked":["Finisher","Acrobatics","Deadly Poison"],"picked":"SKIP","floor":20},{"not_picked":["Acrobatics","Dodge and Roll","Poisoned Stab+1"],"picked":"SKIP","floor":21},{"not_picked":["Underhanded Strike","Flying Knee"],"picked":"After Image+1","floor":22}],"player_experience":4296962,"relics_obtained":[{"floor":6.0,"key":"Bag of Marbles"},{"floor":9.0,"key":"StrikeDummy"},{"floor":10.0,"key":"Tingsha"},{"floor":12.0,"key":"Frozen Egg 2"}],"event_choices":[{"damage_healed":0.0,"max_hp_gain":0.0,"max_hp_loss":0.0,"gold_gain":0.0,"event_name":"Living Wall","player_choice":"Grow","floor":2.0,"gold_loss":0.0,"damage_taken":0.0,"cards_upgraded":["Skewer"]},{"damage_healed":0.0,"max_hp_gain":0.0,"max_hp_loss":6.0,"gold_gain":0.0,"event_name":"Golden Idol","player_choice":"Lose Max HP","floor":5.0,"gold_loss":0.0,"damage_taken":0.0,"relics_obtained":["Golden Idol"]},{"damage_healed":0,"gold_gain":0,"player_choice":"Ignored","damage_taken":0,"max_hp_gain":0,"max_hp_loss":0,"event_name":"Vampires","floor":19,"gold_loss":0},{"damage_healed":0,"gold_gain":0,"player_choice":"Inject Mutagens","damage_taken":0,"relics_obtained":["MutagenicStrength"],"max_hp_gain":0,"max_hp_loss":0,"event_name":"Drug Dealer","floor":23,"gold_loss":0}],"is_beta":false,"boss_relics":[{"not_picked":["Astrolabe","Philosopher\u0027s Stone"],"picked":"Sozu"}],"items_purged_floors":[],"is_endless":false,"potions_floor_spawned":[3,4,10,11,16,20,22],"killed_by":"Gremlin Leader","ascension_level":20}}