{"host":"xy1hv1rgvrf7f9nu","time":1610927956,"event":{"mods":["BaseMod","Fox Events","Koishi","Minty Spire (QoL Compilation)","StSLib"],"gold_per_floor":[14,29,61,165,179,209,209,235,312,312,312,325,343,360,360,455,532,547,564,111,386,406,431,431,431,535,535,553,581,581,608,608,708,785,796,808,735,752,1027,1027,1043,1043,1146,1162,51,208,237,254,254,254],"floor_reached":51,"language":"FRA","playtime":4390,"items_purged":["Regret"],"score":883,"play_id":"a94117ac-05f0-4d36-bcee-1d6b8a01d92f","local_time":"20210118005916","is_ascension_mode":true,"campfire_choices":[{"data":"Bouncing Flask","floor":7.0,"key":"SMITH"},{"data":"Deadly Poison","floor":10.0,"key":"SMITH"},{"floor":15.0,"key":"REST"},{"floor":24.0,"key":"REST"},{"floor":30.0,"key":"REST"},{"floor":32,"key":"REST"},{"floor":40,"key":"REST"},{"floor":42,"key":"REST"},{"floor":49,"key":"REST"}],"circlet_count":0,"master_deck":["Strike_G","Strike_G","Strike_G","Strike_G","Defend_G","Defend_G","Defend_G","Defend_G+1","Defend_G","Survivor","Neutralize","Acrobatics+1","Bouncing Flask+1","Deadly Poison+1","Glass Knife","Backflip","Poisoned Stab","Masterful Stab","Bane","Dagger Spray","Envenom","CurseOfTheBell","Leg Sweep+1","Dagger Throw+1","Accuracy+1","Discovery","Noxious Fumes+1","Caltrops+1","Accuracy+1","A Thousand Cuts+1","Outmaneuver","Regret","Catalyst","Choke+1","Outmaneuver+1","Tools of the Trade+1","Underhanded Strike","Poisoned Stab","Flying Knee+1","All Out Attack","Noxious Fumes+1","Doppelganger","Cloak And Dagger+1","Dagger Throw","Cloak And Dagger","Blade Dance","Deadly Poison+1","Noxious Fumes+1","Blade Dance","Unload","Infinite Blades+1","Master of Strategy","After Image+1","Expertise+1","Prepared"],"relics":["Ring of the Serpent","foxEvents:LuckyCharm","Orichalcum","Bag of Preparation","Pen Nib","Mummified Hand","GremlinMask","Calling Bell","Dream Catcher","Frozen Egg 2","Mango","Snake Skull","Orrery","Bronze Scales","Ancient Tea Set","Pantograph","Blue Candle","Centennial Puzzle","Bottled Lightning","TheAbacus","InkBottle","Shuriken","War Paint"],"acts_visited":["Exordium","TheCity","TheBeyond"],"potions_floor_usage":[36,38,47,47,50,50],"damage_taken":[{"damage":3.0,"enemies":"Jaw Worm","floor":1.0,"turns":5.0},{"damage":1.0,"enemies":"2 Louse","floor":2.0,"turns":2.0},{"damage":16.0,"enemies":"Colosseum Slavers","floor":3.0,"turns":4.0},{"damage":0.0,"enemies":"Cultist","floor":5.0,"turns":3.0},{"damage":13.0,"enemies":"3 Sentries","floor":6.0,"turns":7.0},{"damage":8.0,"enemies":"Gremlin Nob","floor":8.0,"turns":4.0},{"damage":0.0,"enemies":"3 Louse","floor":12.0,"turns":3.0},{"damage":5.0,"enemies":"Red Slaver","floor":13.0,"turns":2.0},{"damage":2.0,"enemies":"Looter","floor":14.0,"turns":3.0},{"damage":21.0,"enemies":"Hexaghost","floor":16.0,"turns":7.0},{"damage":2.0,"enemies":"Chosen","floor":18.0,"turns":4.0},{"damage":1.0,"enemies":"Shell Parasite","floor":19.0,"turns":4.0},{"damage":17.0,"enemies":"3 Cultists","floor":22.0,"turns":5.0},{"damage":29.0,"enemies":"Gremlin Leader","floor":23.0,"turns":5.0},{"damage":14.0,"enemies":"Snake Plant","floor":28.0,"turns":3.0},{"damage":31.0,"enemies":"Slavers","floor":29.0,"turns":5.0},{"damage":24,"enemies":"Gremlin Leader","floor":31,"turns":6},{"damage":62,"enemies":"Champ","floor":33,"turns":6},{"damage":23,"enemies":"3 Darklings","floor":35,"turns":3},{"damage":8,"enemies":"Orb Walker","floor":36,"turns":3},{"damage":37,"enemies":"Maw","floor":38,"turns":7},{"damage":20,"enemies":"Jaw Worm Horde","floor":41,"turns":4},{"damage":3,"enemies":"4 Shapes","floor":44,"turns":3},{"damage":12,"enemies":"Giant Head","floor":47,"turns":5},{"damage":8,"enemies":"Maw","floor":48,"turns":5},{"damage":60,"enemies":"Time Eater","floor":50,"turns":6}],"seed_played":"268933522823690986","potions_obtained":[{"floor":1.0,"key":"SneckoOil"},{"floor":2.0,"key":"Energy Potion"},{"floor":8.0,"key":"BlessingOfTheForge"},{"floor":13.0,"key":"PowerPotion"},{"floor":23.0,"key":"Weak Potion"},{"floor":33,"key":"BlessingOfTheForge"},{"floor":35,"key":"SneckoOil"},{"floor":41,"key":"Block Potion"},{"floor":47,"key":"Poison Potion"}],"is_trial":false,"path_per_floor":["M","M","?","T","M","E","R","E","T","R","?","M","M","M","R","B",null,"M","M","$","?","M","E","R","?","T","?","M","E","R","E","R","B",null,"M","M","$","M","?","R","M","R","T","M","$","T","E","M","R","B",null],"character_chosen":"THE_SILENT","items_purchased":["Snake Skull","Accuracy+1","Discovery","Orrery","AttackPotion","Cloak And Dagger","Infinite Blades+1","Master of Strategy","Bottled Lightning","ColorlessPotion","LiquidMemories","TheAbacus","InkBottle"],"campfire_rested":7,"item_purchase_floors":[20,20,20,20,37,37,45,45,45,45,45,45,45],"current_hp_per_floor":[81,80,64,64,64,51,51,43,43,43,43,43,38,36,61,40,98,96,95,95,95,78,49,78,58,58,58,44,13,43,19,49,12,103,80,72,72,35,35,65,45,75,75,72,72,72,60,52,82,43],"gold":254,"neow_bonus":"TWENTY_PERCENT_HP_BONUS","is_daily":false,"chose_seed":false,"campfire_upgraded":2,"win_rate":0.0,"timestamp":1610927956,"path_taken":["M","M","?","?","M","E","R","E","T","R","?","?","M","M","R","BOSS","M","M","$","?","?","E","R","?","T","?","M","E","R","E","R","BOSS","M","M","?","M","?","R","M","R","T","?","$","?","E","M","R","BOSS"],"items_purchased_type":["Relic","Card","Card","Relic","Potion","Card","Card","Card","Relic","Potion","Potion","Relic","Relic"],"build_version":"2020-12-22","purchased_purges":1,"victory":true,"max_hp_per_floor":[84,84,84,84,84,84,84,84,84,84,84,84,84,84,84,84,98,98,98,98,98,98,98,98,103,103,103,103,103,103,103,103,103,103,103,103,103,103,103,103,103,103,103,103,103,103,103,103,103,103],"card_choices":[{"not_picked":["Leg Sweep","Bane"],"picked":"Acrobatics","floor":1.0},{"not_picked":["Blade Dance","Expertise"],"picked":"Bouncing Flask","floor":2.0},{"not_picked":["Skewer","Bane"],"picked":"Deadly Poison","floor":3.0},{"not_picked":["Flechettes","Cloak And Dagger"],"picked":"Glass Knife","floor":5.0},{"not_picked":["Prepared","Choke"],"picked":"Backflip","floor":6.0},{"not_picked":["Expertise","Grand Finale"],"picked":"Poisoned Stab","floor":8.0},{"not_picked":["Backflip","Reflex"],"picked":"Masterful Stab","floor":12.0},{"not_picked":["Dash","Sucker Punch"],"picked":"Bane","floor":13.0},{"not_picked":["Calculated Gamble","Quick Slash"],"picked":"Dagger Spray","floor":14.0},{"not_picked":["Tools of the Trade","Storm of Steel"],"picked":"Envenom","floor":16.0},{"not_picked":["Quick Slash","Well Laid Plans+1"],"picked":"Leg Sweep+1","floor":18.0},{"not_picked":["Sucker Punch+1","Eviscerate"],"picked":"Dagger Throw+1","floor":19.0},{"not_picked":["Backflip","Bane+1"],"picked":"Noxious Fumes+1","floor":20.0},{"not_picked":["Dagger Spray","Die Die Die"],"picked":"Caltrops+1","floor":20.0},{"not_picked":["Cloak And Dagger","PiercingWail"],"picked":"Accuracy+1","floor":20.0},{"not_picked":["Deflect","Masterful Stab"],"picked":"A Thousand Cuts+1","floor":20.0},{"not_picked":["Grand Finale","Well Laid Plans+1"],"picked":"Outmaneuver","floor":20.0},{"not_picked":["Terror","Prepared"],"picked":"Catalyst","floor":22.0},{"not_picked":["Well Laid Plans+1","Sucker Punch"],"picked":"Choke+1","floor":23.0},{"not_picked":["Flying Knee","Dodge and Roll+1"],"picked":"Outmaneuver+1","floor":24.0},{"not_picked":["Prepared","Slice+1"],"picked":"Underhanded Strike","floor":28.0},{"not_picked":["Dagger Spray","Eviscerate"],"picked":"Poisoned Stab","floor":29.0},{"not_picked":["Bane+1","Grand Finale"],"picked":"Flying Knee+1","floor":30.0},{"not_picked":["Flying Knee+1","Predator"],"picked":"All Out Attack","floor":31},{"not_picked":["Deadly Poison","Poisoned Stab"],"picked":"Noxious Fumes+1","floor":32},{"not_picked":["Tools of the Trade+1","Malaise"],"picked":"Doppelganger","floor":33},{"not_picked":["Poisoned Stab","Deflect"],"picked":"Cloak And Dagger+1","floor":35},{"not_picked":["Masterful Stab+1","Flying Knee"],"picked":"Dagger Throw","floor":36},{"not_picked":["Deflect","Calculated Gamble"],"picked":"Blade Dance","floor":38},{"not_picked":["Acrobatics","Dodge and Roll+1"],"picked":"Deadly Poison+1","floor":40},{"not_picked":["Outmaneuver","PiercingWail"],"picked":"Noxious Fumes+1","floor":41},{"not_picked":["Deadly Poison","Sucker Punch"],"picked":"Blade Dance","floor":42},{"not_picked":["Sucker Punch","Skewer"],"picked":"Unload","floor":44},{"not_picked":["Caltrops+1","Crippling Poison"],"picked":"After Image+1","floor":47},{"not_picked":["Backflip+1","Poisoned Stab+1"],"picked":"Expertise+1","floor":48},{"not_picked":["Riddle With Holes","Reflex"],"picked":"Prepared","floor":49}],"player_experience":273968,"relics_obtained":[{"floor":3.0,"key":"foxEvents:LuckyCharm"},{"floor":4.0,"key":"Orichalcum"},{"floor":6.0,"key":"Bag of Preparation"},{"floor":8.0,"key":"Pen Nib"},{"floor":9.0,"key":"Mummified Hand"},{"floor":17.0,"key":"Dream Catcher"},{"floor":17.0,"key":"Frozen Egg 2"},{"floor":17.0,"key":"Mango"},{"floor":23.0,"key":"Bronze Scales"},{"floor":26.0,"key":"Ancient Tea Set"},{"floor":29.0,"key":"Pantograph"},{"floor":31,"key":"Blue Candle"},{"floor":43,"key":"Centennial Puzzle"},{"floor":46,"key":"Shuriken"},{"floor":47,"key":"War Paint"}],"event_choices":[{"damage_healed":0.0,"max_hp_gain":0.0,"max_hp_loss":0.0,"gold_gain":0.0,"event_name":"FaceTrader","player_choice":"Trade","floor":11.0,"gold_loss":0.0,"damage_taken":0.0,"relics_obtained":["GremlinMask"]},{"damage_healed":0.0,"max_hp_gain":0.0,"max_hp_loss":0.0,"gold_gain":275.0,"event_name":"Golden Shrine","player_choice":"Desecrate","floor":21.0,"gold_loss":0.0,"damage_taken":0.0,"cards_obtained":["Regret"]},{"damage_healed":0.0,"max_hp_gain":5.0,"max_hp_loss":0.0,"gold_gain":0.0,"event_name":"Forgotten Altar","player_choice":"Shed Blood","floor":25.0,"gold_loss":0.0,"damage_taken":25.0},{"damage_healed":0.0,"max_hp_gain":0.0,"max_hp_loss":0.0,"gold_gain":0.0,"cards_transformed":["Strike_G"],"event_name":"Transmorgrifier","player_choice":"Transformed","floor":27.0,"gold_loss":0.0,"damage_taken":0.0,"cards_obtained":["Tools of the Trade"]},{"damage_healed":0,"gold_gain":275,"player_choice":"Desecrate","damage_taken":0,"max_hp_gain":0,"max_hp_loss":0,"event_name":"Golden Shrine","floor":39,"gold_loss":0,"cards_obtained":["Regret"]}],"is_beta":false,"boss_relics":[{"not_picked":["Black Star","Astrolabe"],"picked":"Calling Bell"},{"not_picked":["SacredBark","Coffee Dripper"],"picked":"Ring of the Serpent"}],"items_purged_floors":[45],"is_endless":false,"potions_floor_spawned":[1,2,8,13,18,23,33,35,41,47],"ascension_level":1}}