{"host":"h0xw20cia6ppa69g","time":1610875082,"event":{"mods":["AchievementEnabler","BaseMod","Colored Map","Filter the Spire","Googly Eyes","Minty Spire (QoL Compilation)","Relic Stats","StSLib","The Awakened One except there are too many feathers","everything is the same but u backflip on backflip"],"gold_per_floor":[117,130,150,150,168,198,198,210,210,210,235,120,146,161,161,261,261,271,271,271,290,33,61,80,80,80,96,131,131,159,171,171,271,271,284,296,1295,1295,1295,1295,526,556,603,603,617,637,670,179,179,179,179,179,27,54,54],"floor_reached":56,"language":"ENG","playtime":2910,"items_purged":["Normality","Normality"],"score":1464,"play_id":"b5ee3883-a6b5-4c8f-bcb7-3a3a8506c658","local_time":"20210117031802","is_ascension_mode":true,"campfire_choices":[{"data":"Zap","floor":7.0,"key":"SMITH"},{"data":"Go for the Eyes","floor":15.0,"key":"SMITH"},{"data":"Defragment","floor":29.0,"key":"SMITH"},{"floor":32.0,"key":"REST"},{"floor":40.0,"key":"RECALL"},{"data":"Echo Form","floor":49.0,"key":"SMITH"},{"data":"Coolheaded","floor":52.0,"key":"SMITH"}],"circlet_count":0,"master_deck":["Zap+1","Dualcast","Steam","Go for the Eyes+1","Steam","Lockon","All For One","Defragment+1","Sweeping Beam","Chill","Cold Snap","Darkness","Static Discharge","Glacier","Coolheaded+1","Echo Form+1","Conserve Battery+1","Turbo","Beam Cell+1","Consume+1","White Noise+1","Recycle+1","Force Field+1","Static Discharge+1","Creative AI+1","Aggregate+1","Leap+1","Madness+1","Madness+1","Discovery+1","Bandage Up+1","Apotheosis+1","Reinforced Body+1","Heatsinks+1","Conserve Battery+1","Panacea+1","Fusion+1","Streamline","Conserve Battery+1","Glacier+1","Storm+1","Capacitor+1","Storm+1","Heatsinks+1"],"relics":["Pandora\u0027s Box","Pocketwatch","Mummified Hand","Ornamental Fan","Nuclear Battery","Toxic Egg 2","Dream Catcher","Frozen Egg 2","MealTicket","Matryoshka","Philosopher\u0027s Stone","Medical Kit","Happy Flower","Bronze Scales","Potion Belt","Pen Nib","Meat on the Bone","Bottled Tornado","DollysMirror","Toy Ornithopter"],"acts_visited":["Exordium","TheCity","TheBeyond","TheEnding"],"potions_floor_usage":[55,55,55,55,55],"damage_taken":[{"damage":3.0,"enemies":"2 Louse","floor":1.0,"turns":2.0},{"damage":0.0,"enemies":"Cultist","floor":2.0,"turns":3.0},{"damage":0.0,"enemies":"Small Slimes","floor":3.0,"turns":4.0},{"damage":0.0,"enemies":"Exordium Thugs","floor":5.0,"turns":4.0},{"damage":11.0,"enemies":"Gremlin Nob","floor":6.0,"turns":5.0},{"damage":3.0,"enemies":"Blue Slaver","floor":8.0,"turns":3.0},{"damage":7.0,"enemies":"Lagavulin","floor":11.0,"turns":5.0},{"damage":20.0,"enemies":"Gremlin Nob","floor":13.0,"turns":4.0},{"damage":0.0,"enemies":"Looter","floor":14.0,"turns":3.0},{"damage":0.0,"enemies":"The Guardian","floor":16.0,"turns":8.0},{"damage":6.0,"enemies":"Spheric Guardian","floor":18.0,"turns":4.0},{"damage":0.0,"enemies":"Chosen","floor":21.0,"turns":3.0},{"damage":7.0,"enemies":"Slavers","floor":23.0,"turns":5.0},{"damage":14.0,"enemies":"Sentry and Sphere","floor":24.0,"turns":5.0},{"damage":9.0,"enemies":"Cultist and Chosen","floor":27.0,"turns":6.0},{"damage":0.0,"enemies":"Gremlin Leader","floor":28.0,"turns":8.0},{"damage":19.0,"enemies":"Book of Stabbing","floor":30.0,"turns":4.0},{"damage":3.0,"enemies":"3 Cultists","floor":31.0,"turns":7.0},{"damage":16.0,"enemies":"Automaton","floor":33.0,"turns":11.0},{"damage":5.0,"enemies":"Orb Walker","floor":35.0,"turns":5.0},{"damage":20.0,"enemies":"3 Darklings","floor":36.0,"turns":5.0},{"damage":8.0,"enemies":"Giant Head","floor":42.0,"turns":8.0},{"damage":15.0,"enemies":"Jaw Worm Horde","floor":45.0,"turns":4.0},{"damage":24.0,"enemies":"Writhing Mass","floor":46.0,"turns":5.0},{"damage":0.0,"enemies":"Reptomancer","floor":47.0,"turns":6.0},{"damage":18.0,"enemies":"Donu and Deca","floor":50.0,"turns":7.0},{"damage":0.0,"enemies":"Shield and Spear","floor":54.0,"turns":3.0},{"damage":41,"enemies":"The Heart","floor":55,"turns":5}],"seed_played":"7732052853503022741","potions_obtained":[{"floor":1.0,"key":"Strength Potion"},{"floor":2.0,"key":"CultistPotion"},{"floor":5.0,"key":"SmokeBomb"},{"floor":6.0,"key":"EntropicBrew"},{"floor":18.0,"key":"DistilledChaos"},{"floor":28.0,"key":"LiquidBronze"},{"floor":30.0,"key":"BlessingOfTheForge"},{"floor":31.0,"key":"Dexterity Potion"},{"floor":36.0,"key":"SkillPotion"},{"floor":45.0,"key":"Fire Potion"},{"floor":47.0,"key":"PowerPotion"}],"is_trial":false,"path_per_floor":["M","M","M","?","M","E","R","M","T","?","E","$","E","M","R","B",null,"M","?","?","M","$","E","M","?","T","M","E","R","E","M","R","B",null,"M","M","?","?","?","R","$","E","T","?","M","M","E","$","R","B",null,"R","$","E","B",null],"character_chosen":"DEFECT","items_purchased":["Static Discharge","Glacier","Toxic Egg 2","Medical Kit","Happy Flower","Bronze Scales","Reinforced Body+1","Heatsinks+1","Conserve Battery+1","Panacea+1","Capacitor+1","Bottled Tornado","CultistPotion","DollysMirror"],"campfire_rested":1,"item_purchase_floors":[12,12,22,41,41,41,41,41,41,41,48,48,48,53],"current_hp_per_floor":[72,72,72,72,72,61,61,58,58,75,68,68,48,48,48,48,75,69,69,55,55,55,48,34,34,34,25,25,25,6,3,27,11,80,75,55,55,45,35,35,50,48,48,48,39,27,39,54,54,42,80,80,80,80,66],"gold":54,"neow_bonus":"BOSS_RELIC","is_daily":false,"chose_seed":false,"campfire_upgraded":5,"win_rate":0.0,"timestamp":1610875082,"path_taken":["M","M","M","?","M","E","R","?","T","?","E","?","E","M","R","BOSS","M","?","?","M","$","E","M","?","T","M","E","R","E","M","R","BOSS","M","M","?","?","?","R","$","E","T","?","M","?","E","?","R","BOSS","R","$","E","BOSS"],"items_purchased_type":["Card","Card","Relic","Relic","Relic","Relic","Card","Card","Card","Card","Card","Relic","Potion","Relic"],"build_version":"2020-12-22","purchased_purges":2,"victory":true,"max_hp_per_floor":[75,75,75,75,75,75,75,75,75,75,75,75,75,75,75,75,75,75,75,80,80,80,80,80,80,80,80,80,80,80,80,80,80,80,80,80,80,80,80,80,80,80,80,80,80,80,80,80,80,80,80,80,80,80,80],"relic_stats":{"Happy Flower":[12],"counters":[28,142],"Pen Nib":[5],"Medical Kit":[4],"Dream Catcher":1,"Mummified Hand":[152],"Ornamental Fan":[148],"Bronze Scales":[148],"Pandora\u0027s Box":["Steam","Go for the Eyes","Reprogram","Steam","Hello World","Lockon","All For One","Defragment"],"MealTicket":30,"obtain_stats":[{"Potion Belt":42,"Happy Flower":41,"Pen Nib":43,"Frozen Egg 2":26,"Bottled Tornado":48,"Medical Kit":41,"Nuclear Battery":17,"Dream Catcher":23,"Matryoshka":30,"Mummified Hand":9,"Ornamental Fan":13,"DollysMirror":53,"Bronze Scales":41,"Pandora\u0027s Box":0,"MealTicket":28,"Philosopher\u0027s Stone":34,"Toxic Egg 2":22,"Cracked Core":0,"Toy Ornithopter":54,"Pocketwatch":6,"Meat on the Bone":47},{"Potion Belt":22,"Happy Flower":21,"Pen Nib":22,"Frozen Egg 2":14,"Bottled Tornado":25,"Medical Kit":21,"Nuclear Battery":10,"Dream Catcher":13,"Matryoshka":17,"Mummified Hand":6,"Ornamental Fan":8,"DollysMirror":26,"Bronze Scales":21,"Pandora\u0027s Box":0,"MealTicket":16,"Philosopher\u0027s Stone":19,"Toxic Egg 2":12,"Cracked Core":0,"Toy Ornithopter":27,"Pocketwatch":5,"Meat on the Bone":25},{"Potion Belt":112,"Happy Flower":104,"Pen Nib":112,"Frozen Egg 2":58,"Bottled Tornado":127,"Medical Kit":104,"Nuclear Battery":41,"Dream Catcher":53,"Matryoshka":76,"Mummified Hand":21,"Ornamental Fan":30,"DollysMirror":134,"Bronze Scales":104,"Pandora\u0027s Box":0,"MealTicket":72,"Philosopher\u0027s Stone":94,"Toxic Egg 2":48,"Cracked Core":0,"Toy Ornithopter":137,"Pocketwatch":18,"Meat on the Bone":127}],"Toy Ornithopter":21,"Pocketwatch":[48],"Meat on the Bone":0},"card_choices":[{"not_picked":["Leap","Defragment"],"picked":"Streamline","floor":1.0},{"not_picked":["White Noise","Consume"],"picked":"Sweeping Beam","floor":2.0},{"not_picked":["Compile Driver","Gash"],"picked":"Chill","floor":3.0},{"not_picked":["Sweeping Beam","Go for the Eyes"],"picked":"Cold Snap","floor":5.0},{"not_picked":["Hologram","Compile Driver"],"picked":"Rip and Tear","floor":6.0},{"not_picked":["Aggregate","Steam Power"],"picked":"Darkness","floor":8.0},{"not_picked":["Compile Driver","Chill","Rebound"],"picked":"SKIP","floor":11.0},{"not_picked":["Gash","Chill"],"picked":"Coolheaded","floor":13.0},{"not_picked":["Compile Driver","Chaos","Scrape"],"picked":"SKIP","floor":14.0},{"not_picked":["Core Surge","All For One"],"picked":"Echo Form","floor":16.0},{"not_picked":["Steam+1","Go for the Eyes"],"picked":"Conserve Battery+1","floor":18.0},{"not_picked":["Auto Shields","Conserve Battery","Compile Driver"],"picked":"SKIP","floor":21.0},{"not_picked":["Redo+1","All For One"],"picked":"Beam Cell+1","floor":23.0},{"not_picked":["Scrape","Storm"],"picked":"Consume+1","floor":24.0},{"not_picked":["Gash","Beam Cell","Ball Lightning"],"picked":"SKIP","floor":27.0},{"not_picked":["Hello World+1","Streamline"],"picked":"White Noise+1","floor":28.0},{"not_picked":["Glacier+1","Scrape"],"picked":"Recycle+1","floor":30.0},{"not_picked":["Turbo+1","Hologram+1"],"picked":"Force Field+1","floor":31.0},{"not_picked":["Reinforced Body+1","Hologram+1"],"picked":"Static Discharge+1","floor":32.0},{"not_picked":["Buffer+1","Rainbow+1"],"picked":"Creative AI+1","floor":33.0},{"not_picked":["Ball Lightning+1","Streamline+1"],"picked":"Aggregate+1","floor":35.0},{"not_picked":["Coolheaded+1","Melter+1"],"picked":"Leap+1","floor":36.0},{"not_picked":["Sadistic Nature+1","Enlightenment+1"],"picked":"Discovery+1","floor":39.0},{"not_picked":["Dark Shackles+1","Thinking Ahead+1"],"picked":"Bandage Up+1","floor":39.0},{"not_picked":["Thinking Ahead+1","Impatience+1"],"picked":"Apotheosis+1","floor":39.0},{"not_picked":["Stack+1","Darkness+1"],"picked":"Fusion+1","floor":42.0},{"not_picked":["Rebound","Genetic Algorithm+1"],"picked":"Conserve Battery+1","floor":45.0},{"not_picked":["Steam+1","Ball Lightning"],"picked":"Glacier+1","floor":46.0},{"not_picked":["Glacier+1","Darkness+1"],"picked":"Storm+1","floor":47.0},{"not_picked":["Turbo+1","Recycle+1"],"picked":"Heatsinks+1","floor":54.0}],"player_experience":3715416,"relics_obtained":[{"floor":6.0,"key":"Pocketwatch"},{"floor":9.0,"key":"Mummified Hand"},{"floor":13.0,"key":"Ornamental Fan"},{"floor":23.0,"key":"Dream Catcher"},{"floor":26.0,"key":"Frozen Egg 2"},{"floor":28.0,"key":"MealTicket"},{"floor":30.0,"key":"Matryoshka"},{"floor":42.0,"key":"Potion Belt"},{"floor":43.0,"key":"Pen Nib"},{"floor":47.0,"key":"Meat on the Bone"},{"floor":54.0,"key":"Toy Ornithopter"}],"event_choices":[{"cards_removed":["Reprogram"],"damage_healed":0.0,"max_hp_gain":0.0,"max_hp_loss":0.0,"gold_gain":0.0,"event_name":"Purifier","player_choice":"Purged","floor":4.0,"gold_loss":0.0,"damage_taken":0.0},{"cards_removed":["Hello World"],"damage_healed":17.0,"max_hp_gain":0.0,"max_hp_loss":0.0,"gold_gain":0.0,"event_name":"Bonfire Elementals","player_choice":"Offered Uncommon","floor":10.0,"gold_loss":0.0,"damage_taken":0.0},{"damage_healed":0.0,"max_hp_gain":0.0,"max_hp_loss":0.0,"gold_gain":0.0,"event_name":"The Library","player_choice":"Read","floor":19.0,"gold_loss":0.0,"damage_taken":0.0,"cards_obtained":["Turbo"]},{"damage_healed":0.0,"max_hp_gain":5.0,"max_hp_loss":0.0,"gold_gain":0.0,"event_name":"Forgotten Altar","player_choice":"Shed Blood","floor":20.0,"gold_loss":0.0,"damage_taken":19.0},{"cards_removed":["Streamline"],"damage_healed":0.0,"max_hp_gain":0.0,"max_hp_loss":0.0,"gold_gain":0.0,"event_name":"Purifier","player_choice":"Purged","floor":25.0,"gold_loss":0.0,"damage_taken":0.0},{"damage_healed":0.0,"max_hp_gain":0.0,"max_hp_loss":0.0,"gold_gain":999.0,"event_name":"MindBloom","player_choice":"Gold","floor":37.0,"gold_loss":0.0,"damage_taken":0.0,"cards_obtained":["Normality","Normality"]},{"damage_healed":0.0,"max_hp_gain":0.0,"max_hp_loss":0.0,"gold_gain":0.0,"event_name":"Winding Halls","player_choice":"Embrace Madness","floor":38.0,"gold_loss":0.0,"damage_taken":10.0,"cards_obtained":["Madness","Madness"]},{"damage_healed":0.0,"max_hp_gain":0.0,"max_hp_loss":0.0,"gold_gain":0.0,"event_name":"SensoryStone","player_choice":"Memory 3","floor":39.0,"gold_loss":0.0,"damage_taken":10.0},{"damage_healed":0.0,"max_hp_gain":0.0,"max_hp_loss":0.0,"gold_gain":0.0,"cards_transformed":["Rip and Tear"],"event_name":"Transmorgrifier","player_choice":"Transformed","floor":44.0,"gold_loss":0.0,"damage_taken":0.0,"cards_obtained":["Streamline"]}],"is_beta":false,"boss_relics":[{"not_picked":["Coffee Dripper","Velvet Choker"],"picked":"Nuclear Battery"},{"not_picked":["Snecko Eye","Runic Dome"],"picked":"Philosopher\u0027s Stone"}],"items_purged_floors":[41,48],"is_endless":false,"potions_floor_spawned":[1,2,5,6,14,18,28,30,31,36,45,47],"ascension_level":1}}