{"host":"zjnmjbs15rdpqnz9","time":1610861925,"event":{"mods":["BaseMod","Minty Spire (QoL Compilation)"],"gold_per_floor":[20,38,57,73,19,19,37,37,37,64,80,80,80,110,110,189,189,199,124,141,194,25,57,71,71,71,86,86,86],"floor_reached":28,"language":"ENG","playtime":1326,"items_purged":["Strike_G"],"score":550,"play_id":"9d3ac004-5be8-48c2-aa93-95ca41269ac8","local_time":"20210116223845","is_ascension_mode":true,"campfire_choices":[{"data":"Die Die Die","floor":6.0,"key":"SMITH"},{"data":"Noxious Fumes","floor":8.0,"key":"SMITH"},{"floor":12.0,"key":"REST"},{"data":"Catalyst","floor":15.0,"key":"SMITH"},{"floor":25,"key":"REST"}],"circlet_count":0,"master_deck":["AscendersBane","Strike_G","Strike_G","Strike_G","Strike_G","Defend_G","Defend_G","Defend_G","Defend_G","Defend_G","Survivor","Neutralize+1","Die Die Die+1","Flying Knee","Footwork","PiercingWail","Noxious Fumes+1","Backflip","Catalyst+1","Quick Slash+1","Corpse Explosion","Bullet Time","Catalyst+1","Concentrate","Blur","Deflect+1","Night Terror","Setup+1"],"relics":["Ring of the Snake","Pocketwatch","Ginger","Torii","Runic Pyramid","Whetstone","Orrery","Pear","InkBottle"],"acts_visited":["Exordium","TheCity"],"potions_floor_usage":[23],"damage_taken":[{"damage":0.0,"enemies":"2 Louse","floor":1.0,"turns":1.0},{"damage":0.0,"enemies":"Cultist","floor":2.0,"turns":3.0},{"damage":4.0,"enemies":"Jaw Worm","floor":3.0,"turns":3.0},{"damage":7.0,"enemies":"Blue Slaver","floor":4.0,"turns":5.0},{"damage":0.0,"enemies":"2 Fungi Beasts","floor":7.0,"turns":2.0},{"damage":10.0,"enemies":"3 Sentries","floor":10.0,"turns":8.0},{"damage":1.0,"enemies":"Exordium Thugs","floor":11.0,"turns":4.0},{"damage":14.0,"enemies":"Lagavulin","floor":14.0,"turns":6.0},{"damage":2.0,"enemies":"Hexaghost","floor":16.0,"turns":7.0},{"damage":7.0,"enemies":"3 Byrds","floor":18.0,"turns":3.0},{"damage":14.0,"enemies":"2 Thieves","floor":20.0,"turns":3.0},{"damage":7,"enemies":"Book of Stabbing","floor":23,"turns":5},{"damage":15,"enemies":"Centurion and Healer","floor":24,"turns":3},{"damage":21,"enemies":"Snecko","floor":27,"turns":5},{"damage":30,"enemies":"Gremlin Leader","floor":28,"turns":5}],"seed_played":"-2125441118242194648","potions_obtained":[{"floor":4.0,"key":"SteroidPotion"},{"floor":7.0,"key":"Dexterity Potion"},{"floor":14.0,"key":"Ancient Potion"}],"is_trial":false,"path_per_floor":["M","M","M","M","$","R","M","R","T","E","M","R","?","E","R","B",null,"M","$","M","T","$","E","M","R","T","M","E"],"character_chosen":"THE_SILENT","items_purchased":["Backflip","Orrery"],"campfire_rested":2,"item_purchase_floors":[5,22],"current_hp_per_floor":[59,59,55,48,48,48,48,48,48,38,37,56,66,52,52,50,62,55,55,41,41,41,44,29,51,51,30,0,0],"gold":86,"neow_bonus":"THREE_RARE_CARDS","is_daily":false,"chose_seed":false,"campfire_upgraded":3,"win_rate":0.0,"timestamp":1610861925,"path_taken":["M","M","M","M","$","R","M","R","T","E","M","R","?","E","R","BOSS","M","$","M","?","$","E","M","R","T","M","E"],"items_purchased_type":["Card","Relic"],"build_version":"2020-12-22","purchased_purges":1,"victory":false,"max_hp_per_floor":[66,66,66,66,66,66,66,66,66,66,66,66,66,66,66,66,66,66,66,66,66,66,76,76,76,76,76,76,76],"card_choices":[{"not_picked":["Doppelganger","Burst"],"picked":"Die Die Die","floor":0.0},{"not_picked":["Acrobatics","Terror"],"picked":"Flying Knee","floor":1.0},{"not_picked":["Dash","All Out Attack"],"picked":"Footwork","floor":2.0},{"not_picked":["Acrobatics","Cloak And Dagger"],"picked":"PiercingWail","floor":3.0},{"not_picked":["All Out Attack","Leg Sweep"],"picked":"Noxious Fumes","floor":4.0},{"not_picked":["Tactician","Slice","Outmaneuver"],"picked":"SKIP","floor":7.0},{"not_picked":["Tactician","Setup"],"picked":"Catalyst","floor":10.0},{"not_picked":["Expertise","Dodge and Roll"],"picked":"Quick Slash","floor":11.0},{"not_picked":["Choke","Tactician"],"picked":"Corpse Explosion","floor":14.0},{"not_picked":["Adrenaline","Unload"],"picked":"Bullet Time","floor":16.0},{"not_picked":["Dagger Throw","Dagger Spray","Deflect"],"picked":"SKIP","floor":18.0},{"not_picked":["Reflex","Expertise","All Out Attack"],"picked":"SKIP","floor":20.0},{"not_picked":["Deadly Poison","Acrobatics"],"picked":"Catalyst+1","floor":22.0},{"not_picked":["Reflex+1","Underhanded Strike"],"picked":"Concentrate","floor":22.0},{"not_picked":["Dodge and Roll","Sucker Punch"],"picked":"Blur","floor":22.0},{"not_picked":["Acrobatics","All Out Attack"],"picked":"Deflect+1","floor":23},{"not_picked":["Backflip","Acrobatics"],"picked":"Night Terror","floor":24},{"not_picked":["Cloak And Dagger","Well Laid Plans"],"picked":"Setup+1","floor":27}],"player_experience":852790,"relics_obtained":[{"floor":9.0,"key":"Pocketwatch"},{"floor":10.0,"key":"Ginger"},{"floor":14.0,"key":"Torii"},{"floor":21.0,"key":"Whetstone"},{"floor":23,"key":"Pear"},{"floor":26,"key":"InkBottle"}],"event_choices":[{"damage_healed":10.0,"max_hp_gain":0.0,"max_hp_loss":0.0,"gold_gain":0.0,"event_name":"Wheel of Change","player_choice":"Full Heal","floor":13.0,"gold_loss":0.0,"damage_taken":0.0}],"is_beta":false,"boss_relics":[{"not_picked":["Coffee Dripper","Pandora\u0027s Box"],"picked":"Runic Pyramid"}],"items_purged_floors":[19],"is_endless":false,"potions_floor_spawned":[4,7,11,14,16,18,20],"killed_by":"Gremlin Leader","ascension_level":20}}