{"host":"2o3sockympbxxanu","time":1610914006,"event":{"mods":["AchievementEnabler","BaseMod","Colored Map","Colored Powertips","Conspire","Highlight Path","Infinite Spire","Minty Spire (QoL Compilation)","Replay The Spire","Shop Mod","StSLib","SuperFastMode"],"gold_per_floor":[112,112,112,62,120,155,155,180,180,180,180,213,236,254,254,351,351,369,369,413,450,450,450],"floor_reached":22,"language":"ZHS","playtime":754,"items_purged":[],"score":234,"play_id":"b9cde5f7-831b-4009-94c7-323ca1a0fb6e","local_time":"20210118040646","is_ascension_mode":false,"campfire_choices":[{"floor":7.0,"key":"REST"},{"floor":11.0,"key":"REST"},{"data":"PathToVictory","floor":15.0,"key":"SMITH"}],"circlet_count":0,"master_deck":["Strike_P","Strike_P+1","Strike_P","Defend_P","Defend_P+1","Defend_P","Defend_P","Eruption+1","Vigilance","SandsOfTime","conspire:SpireCoStock","Consecrate","Replay:Vibes","FlurryOfBlows","FlurryOfBlows","PathToVictory+1","Establishment","PathToVictory+1","Prostrate","Prostrate"],"relics":["PureWater","conspire:Dentures","ReplayFunnel","conspire:TopHat","Runic Pyramid","Oddly Smooth Stone"],"acts_visited":["Exordium","TheCity"],"potions_floor_usage":[],"damage_taken":[{"damage":5.0,"enemies":"Small Slimes","floor":1.0,"turns":3.0},{"damage":19.0,"enemies":"3 Sentries","floor":6.0,"turns":12.0},{"damage":0.0,"enemies":"2 Louse","floor":8.0,"turns":2.0},{"damage":0.0,"enemies":"Cultist","floor":12.0,"turns":2.0},{"damage":2.0,"enemies":"Looter","floor":14.0,"turns":3.0},{"damage":0.0,"enemies":"Slime Boss","floor":16.0,"turns":4.0},{"damage":21.0,"enemies":"Shell Parasite","floor":18.0,"turns":5.0},{"damage":0.0,"enemies":"Chosen","floor":20.0,"turns":4.0},{"damage":41,"enemies":"Snecko","floor":21,"turns":8},{"damage":10,"enemies":"Sentry and Sphere","floor":22,"turns":2}],"seed_played":"-7185647486580243674","potions_obtained":[{"floor":6.0,"key":"Regen Potion"},{"floor":14.0,"key":"SpeedPotion"},{"floor":16.0,"key":"Ambrosia"}],"is_trial":false,"path_per_floor":["M","?","?","?","?","E","R","M","T","$","R","M","T","M","R","B",null,"M","AVR","M","M","M"],"character_chosen":"WATCHER","items_purchased":[],"campfire_rested":2,"item_purchase_floors":[],"current_hp_per_floor":[67,67,53,53,25,6,27,27,27,27,48,48,48,46,46,46,72,51,51,51,10,0,0],"gold":450,"neow_bonus":"RANDOM_EVENT","is_daily":false,"chose_seed":false,"campfire_upgraded":1,"win_rate":0.0,"timestamp":1610914006,"path_taken":["M","?","?","?","?","E","R","M","T","$","R","M","?","M","R","BOSS","M","AVR","M","M","M"],"items_purchased_type":[],"build_version":"2020-12-22","purchased_purges":0,"victory":false,"max_hp_per_floor":[72,72,72,72,72,72,72,72,72,72,72,72,72,72,72,72,72,72,72,72,72,72,72],"card_choices":[{"not_picked":["Evaluate","Halt"],"picked":"SandsOfTime","floor":1.0},{"not_picked":["InnerPeace","FlyingSleeves"],"picked":"Consecrate","floor":5.0},{"not_picked":["FlyingSleeves","FollowUp"],"picked":"Replay:Vibes","floor":5.0},{"not_picked":["Replay:LoomingThreat","WindmillStrike"],"picked":"FlurryOfBlows","floor":6.0},{"not_picked":["CutThroughFate","ThirdEye"],"picked":"FlurryOfBlows","floor":8.0},{"not_picked":["JustLucky","Replay:LoomingThreat"],"picked":"PathToVictory","floor":12.0},{"not_picked":["Replay:ManipulateFuture","CutThroughFate","Protect"],"picked":"SKIP","floor":14.0},{"not_picked":["Alpha","LessonLearned"],"picked":"Establishment","floor":16.0},{"not_picked":["FlurryOfBlows","SandsOfTime+1"],"picked":"PathToVictory+1","floor":18.0},{"not_picked":["Indignation","Replay:DivineShield"],"picked":"Prostrate","floor":20.0},{"not_picked":["Crescendo+1","TalkToTheHand"],"picked":"Prostrate","floor":21}],"player_experience":319764,"relics_obtained":[{"floor":5.0,"key":"conspire:Dentures"},{"floor":6.0,"key":"ReplayFunnel"},{"floor":13.0,"key":"conspire:TopHat"}],"event_choices":[{"damage_healed":0.0,"max_hp_gain":0.0,"max_hp_loss":0.0,"gold_gain":0.0,"event_name":"Shining Light","player_choice":"Entered Light","floor":3.0,"gold_loss":0.0,"damage_taken":14.0,"cards_upgraded":["Strike_P","Defend_P"]},{"damage_healed":0.0,"max_hp_gain":0.0,"max_hp_loss":0.0,"gold_gain":0.0,"event_name":"conspire:Investor","player_choice":"Invest 1","floor":4.0,"gold_loss":0.0,"damage_taken":0.0}],"is_beta":false,"boss_relics":[{"not_picked":["Honey Jar","Painkiller Herb","conspire:RunicOctahedron"]}],"items_purged_floors":[],"is_endless":false,"potions_floor_spawned":[6,14,16,20],"killed_by":"Sentry and Sphere","ascension_level":0}}