{"host":"0qlrtuw7bw78ucw4","time":1610917711,"event":{"mods":["BaseMod","Downfall","Minty Spire (QoL Compilation)","StSLib"],"gold_per_floor":[99,115,115,115,127,127,127,139,150,177,177,52,81,100,115,214,214,114,124,136,236,247,257,283,283,299,399,399,399,399],"floor_reached":28,"language":"ENG","playtime":1884,"items_purged":["Slimebound:Defend_Slimebound"],"score":348,"play_id":"0f8cf739-0b49-458c-a996-5cee860c2403","local_time":"20210118080831","is_ascension_mode":true,"campfire_choices":[{"data":"Slimebound:Split","floor":1.0,"key":"SMITH"},{"data":"Slimebound:Overexert","floor":11.0,"key":"SMITH"},{"data":"Slimebound:Darklings","floor":18.0,"key":"SMITH"}],"circlet_count":0,"master_deck":["AscendersBane","Slimebound:Strike_Slimebound","Slimebound:Strike_Slimebound+1","Slimebound:Strike_Slimebound","Slimebound:Tackle","Slimebound:Defend_Slimebound+1","Slimebound:Defend_Slimebound","Slimebound:Defend_Slimebound","Slimebound:Split+1","Slimebound:CorrosiveSpit+1","Slimebound:Overexert+1","Slimebound:SplitLeeching","downfall:Malfunctioning","Slimebound:SamplingLick","Slimebound:LeadByExample","Slimebound:GrowthPunch","Slimebound:Recollect","Slimebound:SplitAcid","Slimebound:Equalize","Slimebound:Teamwork","Slimebound:Darklings+1","Slimebound:SlimeBarrage","Slimebound:SlimeBrawl","Slimebound:Repurpose+1"],"relics":["Slimebound:AbsorbEndCombat","hexamod:CandleOfCauterizing","Question Card","Lantern","Gremlin Horn","SlaversCollar","downfall:HeartBlessingGreen","Dream Catcher","Singing Bowl"],"acts_visited":["Exordium","TheCity"],"potions_floor_usage":[],"damage_taken":[{"damage":2.0,"enemies":"Jaw Worm","floor":2.0,"turns":4.0},{"damage":0.0,"enemies":"Small Slimes","floor":5.0,"turns":3.0},{"damage":0.0,"enemies":"Cultist","floor":8.0,"turns":3.0},{"damage":10.0,"enemies":"3 Louse","floor":9.0,"turns":3.0},{"damage":9.0,"enemies":"Lagavulin","floor":10.0,"turns":5.0},{"damage":0.0,"enemies":"downfall:FleeingMerchant","floor":12.0,"turns":4.0},{"damage":17.0,"enemies":"3 Sentries","floor":13.0,"turns":7.0},{"damage":7.0,"enemies":"Blue Slaver","floor":14.0,"turns":4.0},{"damage":8.0,"enemies":"2 Fungi Beasts","floor":15.0,"turns":3.0},{"damage":24.0,"enemies":"WA_ARCHETYPE_RETAIN","floor":16.0,"turns":9.0},{"damage":0.0,"enemies":"Chosen","floor":19.0,"turns":4.0},{"damage":0.0,"enemies":"Spheric Guardian","floor":20.0,"turns":3.0},{"damage":12.0,"enemies":"Chosen and Byrds","floor":22.0,"turns":4.0},{"damage":21.0,"enemies":"Snecko","floor":23.0,"turns":6.0},{"damage":18.0,"enemies":"3 Cultists","floor":26.0,"turns":3.0},{"damage":13.0,"enemies":"Colosseum Nobs","floor":27.0,"turns":4.0},{"damage":24,"enemies":"Slavers","floor":28,"turns":1}],"seed_played":"7198249304939018850","potions_obtained":[{"floor":9.0,"key":"Ancient Potion"},{"floor":10.0,"key":"Strength Potion"},{"floor":14.0,"key":"DuplicationPotion"},{"floor":15.0,"key":"Fruit Juice"},{"floor":16.0,"key":"AttackPotion"},{"floor":19.0,"key":"ColorlessPotion"},{"floor":27,"key":"sneckomod:MuddlingPotion"}],"is_trial":false,"path_per_floor":["R","M","?","?","M","T","T","M","M","E","R","$","E","M","M","B",null,"R","M","M","?","M","M","T","?","M","?","E"],"character_chosen":"SLIMEBOUND","items_purchased":["Slimebound:Recollect"],"campfire_rested":0,"item_purchase_floors":[12],"current_hp_per_floor":[59,59,64,64,65,65,65,67,58,52,52,55,39,35,37,21,62,62,68,68,68,56,42,42,42,24,18,0,0,0],"gold":399,"neow_bonus":"ONE_RANDOM_RARE_CARD","is_daily":false,"chose_seed":false,"campfire_upgraded":3,"win_rate":0.0,"timestamp":1610917711,"path_taken":["R","M","?","?","M","?","T","M","?","E","R","$","E","M","M","BOSS","R","M","M","?","?","M","T","?","M","?","E"],"items_purchased_type":["Card"],"build_version":"2020-12-22","purchased_purges":1,"victory":false,"max_hp_per_floor":[65,65,70,70,70,70,70,70,70,70,70,70,70,70,75,75,75,75,75,75,75,75,75,75,75,75,75,75,75,75],"card_choices":[{"not_picked":["Slimebound:GoopTackle","Slimebound:SplitAcid"],"picked":"Slimebound:SplitLeeching","floor":2.0},{"not_picked":["Slimebound:SplitBruiser","Slimebound:SplitAcid"],"picked":"Slimebound:SamplingLick","floor":5.0},{"not_picked":["Slimebound:LeechingTouch","Slimebound:ViciousTackle","Slimebound:LeechEnergy","Slimebound:Chomp"],"picked":"SKIP","floor":8.0},{"not_picked":["Slimebound:SamplingLick","Slimebound:SplitLeeching","Slimebound:GoopTackle","Slimebound:Grow"],"picked":"SKIP","floor":9.0},{"not_picked":["Slimebound:ItLooksTasty","Slimebound:ProtectTheBoss","Slimebound:Gluttony"],"picked":"Slimebound:LeadByExample","floor":10.0},{"not_picked":["Slimebound:LeechEnergy","Slimebound:ItLooksTasty","Slimebound:RainOfGoop"],"picked":"Slimebound:GrowthPunch","floor":12.0},{"not_picked":["Slimebound:GrowthPunch","Slimebound:BestDefense","Slimebound:Recollect"],"picked":"Slimebound:SplitAcid","floor":13.0},{"not_picked":["Slimebound:SplitBruiser","Slimebound:RollThrough","Slimebound:HauntingLick"],"picked":"Slimebound:Equalize","floor":14.0},{"not_picked":["Slimebound:RejuvenatingLick","Slimebound:ItLooksTasty","Slimebound:ForwardTackle"],"picked":"Slimebound:Teamwork","floor":15.0},{"not_picked":["Slimebound:FirmFortitude","Slimebound:SelfFormingGoo","Slimebound:Teamwork"],"picked":"Slimebound:Darklings","floor":16.0},{"not_picked":["Slimebound:GoopSpray","Slimebound:SlimeBrawl","Slimebound:GoopTackle"],"picked":"Slimebound:SlimeBarrage","floor":19.0},{"not_picked":["Slimebound:LeechEnergy+1","Slimebound:FlameTackle","Slimebound:PressTheAttack","Slimebound:LeechingTouch"],"picked":"SKIP","floor":20.0},{"not_picked":["Slimebound:RainOfGoop","Slimebound:Replication","Slimebound:MassRepurpose","Slimebound:SlimeSpikes"],"picked":"SKIP","floor":22.0},{"not_picked":["Slimebound:LeechEnergy","Slimebound:GrowthPunch+1","Slimebound:LeechingTouch"],"picked":"Slimebound:SlimeBrawl","floor":23.0},{"not_picked":["Slimebound:PressTheAttack","Slimebound:SlimeSpikes","Slimebound:SplitBruiser","Slimebound:BestDefense+1"],"picked":"SKIP","floor":26.0},{"not_picked":["Slimebound:Prepare","Slimebound:SlimeSpikes+1","Slimebound:ItLooksTasty"],"picked":"Slimebound:Repurpose+1","floor":27}],"player_experience":865371,"relics_obtained":[{"floor":6.0,"key":"hexamod:CandleOfCauterizing"},{"floor":7.0,"key":"Question Card"},{"floor":10.0,"key":"Lantern"},{"floor":13.0,"key":"Gremlin Horn"},{"floor":24.0,"key":"Dream Catcher"},{"floor":27,"key":"Singing Bowl"}],"event_choices":[{"damage_healed":0.0,"max_hp_gain":5.0,"max_hp_loss":0.0,"gold_gain":0.0,"event_name":"Big Fish","player_choice":"Donut","floor":3.0,"gold_loss":0.0,"damage_taken":0.0},{"damage_healed":0.0,"max_hp_gain":0.0,"max_hp_loss":0.0,"gold_gain":0.0,"event_name":"Ghosts","player_choice":"Ignored","floor":25.0,"gold_loss":0.0,"damage_taken":0.0},{"damage_healed":0,"gold_gain":0,"player_choice":"Ignored","damage_taken":0,"max_hp_gain":0,"max_hp_loss":0,"event_name":"Ghosts","floor":27,"gold_loss":0}],"is_beta":false,"boss_relics":[{"not_picked":["Astrolabe","Runic Pyramid"],"picked":"SlaversCollar"}],"items_purged_floors":[12],"is_endless":false,"potions_floor_spawned":[9,10,14,15,16,19,23,27],"killed_by":"Slavers","ascension_level":10}}