{"host":"h9c2ptiayi21rmia","time":1610913514,"event":{"mods":["AchievementEnabler","Aspiration","BaseMod","Better Altar","Better Match","Better Note","Better Sensory Stone","Better Skull","Better Third Choice","Better Vampires","Block Reminder","ChefMod","Dio Mod","Evolution","Hermit","Hubris","JesterMod","Jorbs\u0027s Wanderer Trilogy","Kratos Character Expansion","Minty Spire (QoL Compilation)","Permanent Neow","Relic Stats","Replay The Spire","Shade Mod","Small Relic Pack","StS++","StSLib","The Dragon Tamer","The Marked","TheSwordswoman"],"gold_per_floor":[149,6,6,6,6,41,68,68,68],"floor_reached":8,"language":"ENG","playtime":509,"items_purged":[],"score":62,"play_id":"4651a813-6557-4daf-b3d7-d79f88104edd","local_time":"20210117145834","daily_mods":["Heirloom","DeadlyEvents","Elite Swarm"],"is_ascension_mode":false,"campfire_choices":[],"circlet_count":0,"master_deck":["KratosMod:Strike_K","KratosMod:Strike_K","KratosMod:Strike_K","KratosMod:Strike_K","KratosMod:Defend_K","KratosMod:Defend_K","KratosMod:Defend_K","KratosMod:Defend_K","KratosMod:cyclone","KratosMod:AthenaBane","KratosMod:Tempor","Burn","Pain","KratosMod:Revenge","KratosMod:Revenge"],"relics":["KratosMod:eagle","EVO:Axolotl","Shovel","relicPack:SpireResearchBook","WarpedTongs","Regal Pillow","aspiration:Lifesprig"],"acts_visited":["Exordium"],"potions_floor_usage":[7,8],"damage_taken":[{"damage":6,"enemies":"Small Slimes","floor":1,"turns":3},{"damage":20,"enemies":"Replay:BlueRogue","floor":6,"turns":4},{"damage":21,"enemies":"Gremlin Nob","floor":7,"turns":4},{"damage":21,"enemies":"Lagavulin","floor":8,"turns":3}],"seed_played":"-5167862873590021303","potions_obtained":[{"floor":1,"key":"ColorlessPotion"},{"floor":6,"key":"Strength Potion"}],"is_trial":true,"path_per_floor":["M","$","?","$","?","E","E","E"],"character_chosen":"KRATOS","items_purchased":["relicPack:SpireResearchBook"],"campfire_rested":0,"item_purchase_floors":[2],"current_hp_per_floor":[54,54,54,54,54,34,13,0,0],"gold":68,"neow_bonus":"","is_daily":false,"chose_seed":false,"campfire_upgraded":0,"win_rate":0.0,"timestamp":1610913514,"path_taken":["M","$","?","$","?","E","?","E"],"items_purchased_type":["Relic"],"build_version":"2020-12-22","purchased_purges":0,"victory":false,"max_hp_per_floor":[60,60,60,60,60,60,60,60,60],"relic_stats":{"Regal Pillow":0,"Shovel":0,"counters":[4,14],"obtain_stats":[{"Regal Pillow":6,"aspiration:Lifesprig":7,"Shovel":0,"KratosMod:eagle":0,"EVO:Axolotl":0,"relicPack:SpireResearchBook":2,"WarpedTongs":5},{"Regal Pillow":2,"aspiration:Lifesprig":3,"Shovel":0,"KratosMod:eagle":0,"EVO:Axolotl":0,"relicPack:SpireResearchBook":1,"WarpedTongs":1},{"Regal Pillow":7,"aspiration:Lifesprig":11,"Shovel":0,"KratosMod:eagle":0,"EVO:Axolotl":0,"relicPack:SpireResearchBook":3,"WarpedTongs":3}],"WarpedTongs":[11]},"card_choices":[{"not_picked":["KratosMod:settle","KratosMod:BladeWhip"],"picked":"KratosMod:Tempor","floor":1},{"not_picked":["KratosMod:styx","KratosMod:kBerserk"],"picked":"KratosMod:Revenge","floor":6},{"not_picked":["KratosMod:ablockalypse","KratosMod:blades"],"picked":"KratosMod:Revenge","floor":7}],"player_experience":205941,"relics_obtained":[{"floor":6,"key":"Regal Pillow"},{"floor":7,"key":"aspiration:Lifesprig"}],"event_choices":[{"damage_healed":54,"gold_gain":0,"player_choice":"Embrace Burn","damage_taken":0,"max_hp_gain":0,"max_hp_loss":60,"event_name":"betterThird:BetterShining","floor":3,"gold_loss":0},{"damage_healed":0,"gold_gain":0,"player_choice":"Rummage","damage_taken":0,"relics_obtained":["WarpedTongs"],"max_hp_gain":0,"max_hp_loss":0,"event_name":"Accursed Blacksmith","floor":5,"gold_loss":0,"cards_obtained":["Pain"]}],"is_beta":false,"boss_relics":[],"items_purged_floors":[],"is_endless":true,"potions_floor_spawned":[1,6],"killed_by":"Lagavulin","ascension_level":0}}