{"host":"8ps3pfk2b2drr3ex","time":1610906508,"event":{"mods":["2.2 Compatiblity","AchievementEnabler","Act Like it!","BaseMod","Bestiary","Better Match","BetterRewards","Colored Map","Colored Powertips","Conspire","Downfall","Evolution","GifTheSpireLib","Gold Saver","Hallownest","Hubris","Minty Spire (QoL Compilation)","Permanent Neow","Relic Filter","Shop Mod","StSLib","Stuff the Spire","The Animator"],"gold_per_floor":[1954,2404,2414,2067,2067,2397,2397,2413,2425,2444,2454,2481,2381,2399,2412,2515,2515,2515,2527,2545,1717,1727,1727,1727,1747,1747,1070,1085,1119,1132,1166,1179,1179,1179],"floor_reached":33,"language":"ENG","playtime":4905,"items_purged":["downfall:Icky","Regret","downfall:Icky"],"score":403,"play_id":"d43e00b3-5c11-431a-9d5f-d59859413e4b","local_time":"20210117130148","is_ascension_mode":false,"campfire_choices":[{"data":"bronze:Goto","floor":1.0,"key":"SMITH"},{"floor":13,"key":"REST"},{"data":"bronze:Verify","floor":18,"key":"SMITH"},{"floor":23,"key":"REST"},{"data":"bronze:BuggyMess","floor":26,"key":"SMITH"}],"circlet_count":0,"master_deck":["bronze:Mutator+1","bronze:WildBeam","bronze:CutThrough","bronze:WhirlingStrike","bronze:Iterate","bronze:Shield","bronze:Constructor","bronze:Shield","bronze:Replicate","bronze:Goto+1","bronze:Boost","downfall:Icky","bronze:Repulsor","bronze:OilSpill","bronze:Frontload","bronze:BuggyMess+1","bronze:Repair","bronze:Verify+1","bronze:AlphaBuild","Secret Technique","bronze:ForLoop","bronze:BuggyMess","bronze:BuggyMess+1"],"relics":["bronze:BronzeCore","EVO:Axolotl","hubris:OldNail","StuffTheSpire:RedRose","Old Coin","Guardian:PocketSentry","hubris:FunFungus","downfall:HeartBlessingGreen","Philosopher\u0027s Stone","Vajra","hubris:SphereOfDissonance","Singing Bowl","Pear","Guardian:GemstoneGun","The Courier","hubris:PeanutButter"],"acts_visited":["Exordium","TheCity"],"potions_floor_usage":[10,16,16,16,19,29,29,29,33,33],"damage_taken":[{"damage":0.0,"enemies":"2 Louse","floor":3.0,"turns":2.0},{"damage":0.0,"enemies":"downfall:FleeingMerchant","floor":4.0,"turns":4.0},{"damage":5,"enemies":"Lagavulin","floor":6,"turns":7},{"damage":5,"enemies":"conspire:RoseBush","floor":8,"turns":3},{"damage":19,"enemies":"Jaw Worm","floor":9,"turns":4},{"damage":17,"enemies":"Gremlin Gang","floor":10,"turns":4},{"damage":4,"enemies":"conspire:2 RoseBushes","floor":11,"turns":5},{"damage":19,"enemies":"Gremlin Nob","floor":12,"turns":4},{"damage":2,"enemies":"3 Louse","floor":14,"turns":3},{"damage":13,"enemies":"2 Fungi Beasts","floor":15,"turns":3},{"damage":16,"enemies":"DF_ARCHETYPE_STREAMLINE","floor":16,"turns":9},{"damage":32,"enemies":"conspire:FuzzyDice","floor":19,"turns":7},{"damage":17,"enemies":"3 Byrds","floor":20,"turns":4},{"damage":3,"enemies":"downfall:FleeingMerchant","floor":21,"turns":4},{"damage":14,"enemies":"conspire:HollyBat","floor":22,"turns":8},{"damage":8,"enemies":"Shelled Parasite and Fungi","floor":25,"turns":4},{"damage":9,"enemies":"downfall:FleeingMerchant","floor":27,"turns":4},{"damage":15,"enemies":"Snake Plant","floor":28,"turns":3},{"damage":29,"enemies":"Gremlin Leader","floor":29,"turns":9},{"damage":13,"enemies":"3 Cultists","floor":30,"turns":6},{"damage":0,"enemies":"conspire:SneckoGhost","floor":31,"turns":5},{"damage":0,"enemies":"conspire:HollyBat","floor":32,"turns":8},{"damage":92,"enemies":"SI_MIRROR_ARCHETYPE","floor":33,"turns":8}],"seed_played":"-3417952845315281252","potions_obtained":[{"floor":3.0,"key":"Strength Potion"},{"floor":6,"key":"Ancient Potion"},{"floor":11,"key":"sneckomod:MuddlingPotion"},{"floor":15,"key":"AttackPotion"},{"floor":16,"key":"GamblersBrew"},{"floor":20,"key":"BlessingOfTheForge"},{"floor":29,"key":"Energy Potion"},{"floor":30,"key":"SteroidPotion"},{"floor":31,"key":"bronze:BurnAndBuffPotion"}],"is_trial":false,"path_per_floor":["R","?","M","$","?","E","T","M","M","M","M","E","R","M","M","B",null,"R","M","M","$","M","R","T","M","R","$","M","E","M","E","M","B"],"character_chosen":"THE_AUTOMATON","items_purchased":["hubris:OldNail","Swift Potion","bronze:Frontload","Vajra","hubris:SphereOfDissonance","DuplicationPotion","PowerPotion","Secret Technique","Pear","Guardian:GemstoneGun"],"campfire_rested":2,"item_purchase_floors":[4,4,4,21,21,21,21,21,27,27],"current_hp_per_floor":[70,70,70,70,70,65,65,60,41,31,34,15,36,35,29,20,70,70,47,40,45,38,59,59,60,60,63,57,38,34,36,79,0,0],"gold":1179,"neow_bonus":"TRANSFORM_CARD","is_daily":false,"chose_seed":false,"campfire_upgraded":3,"win_rate":0.0,"timestamp":1610906508,"path_taken":["R","?","M","$","?","E","T","M","M","M","?","E","R","M","M","BOSS","R","M","M","$","?","R","T","M","R","$","M","E","M","E","M","BOSS"],"items_purchased_type":["Relic","Potion","Card","Relic","Relic","Potion","Potion","Card","Relic","Relic"],"build_version":"2020-12-22","purchased_purges":3,"victory":false,"max_hp_per_floor":[70,70,70,70,70,70,70,70,70,70,70,70,70,70,70,70,70,70,70,70,70,70,70,70,72,72,84,86,86,86,88,88,88,88],"card_choices":[{"not_picked":["bronze:Refactor","bronze:Constructor"],"picked":"bronze:Repulsor","floor":3.0},{"not_picked":["bronze:Overheat","bronze:Constructor"],"picked":"bronze:OilSpill","floor":4.0},{"not_picked":["bronze:CutThrough","bronze:BitShift"],"picked":"bronze:BuggyMess","floor":6},{"not_picked":["bronze:ForLoop","bronze:BugBarrage"],"picked":"bronze:Repair","floor":8},{"not_picked":["bronze:ChildClass","bronze:BugBarrage","bronze:Repulsor"],"picked":"SKIP","floor":9},{"not_picked":["bronze:Constructor","bronze:Deprecate","bronze:Shield"],"picked":"SKIP","floor":10},{"not_picked":["bronze:FollowUp","bronze:Constructor","bronze:DelayedSlice"],"picked":"SKIP","floor":11},{"not_picked":["bronze:Repair","bronze:Repulsor","bronze:Branch"],"picked":"SKIP","floor":12},{"not_picked":["bronze:Repair","bronze:Philosophize","bronze:Virus"],"picked":"SKIP","floor":14},{"not_picked":["bronze:GetLatest","bronze:Frontload","bronze:Turbo"],"picked":"SKIP","floor":15},{"not_picked":["bronze:HardenedForm","bronze:AlphaBuild"],"picked":"bronze:Verify","floor":16},{"not_picked":["bronze:Constructor","bronze:FollowUp","bronze:Frontload+1"],"picked":"SKIP","floor":19},{"not_picked":["bronze:Separator","bronze:WildBeam","bronze:Frontload"],"picked":"SKIP","floor":20},{"not_picked":["bronze:MaxOutput","bronze:Separator+1"],"picked":"bronze:AlphaBuild","floor":21},{"not_picked":["bronze:DelayedGuard","bronze:Branch+1"],"picked":"bronze:ForLoop","floor":22},{"not_picked":["bronze:WhirlingStrike","bronze:DelayedGuard","bronze:Separator+1"],"picked":"Singing Bowl","floor":25},{"not_picked":["bronze:Return","bronze:DelayedGuard","bronze:Overheat"],"picked":"Singing Bowl","floor":27},{"not_picked":["bronze:Break","bronze:Repulsor","bronze:CutThrough"],"picked":"Singing Bowl","floor":28},{"not_picked":["bronze:Deprecate+1","bronze:BronzeArmor"],"picked":"bronze:BuggyMess","floor":29},{"not_picked":["bronze:BronzeOrb","bronze:DelayedGuard","bronze:Refactor+1"],"picked":"SKIP","floor":30},{"not_picked":["bronze:RecursiveStrike","bronze:DelayedSlice","bronze:CutThrough"],"picked":"Singing Bowl","floor":31},{"not_picked":["bronze:Turbo","bronze:ForLoop"],"picked":"bronze:BuggyMess+1","floor":32}],"player_experience":1110956,"relics_obtained":[{"floor":6,"key":"Old Coin"},{"floor":7,"key":"Guardian:PocketSentry"},{"floor":12,"key":"hubris:FunFungus"},{"floor":24,"key":"Singing Bowl"},{"floor":29,"key":"The Courier"},{"floor":31,"key":"hubris:PeanutButter"}],"event_choices":[],"is_beta":false,"boss_relics":[{"not_picked":["Pandora\u0027s Box","Sozu"],"picked":"Philosopher\u0027s Stone"}],"items_purged_floors":[4,21,27],"is_endless":false,"potions_floor_spawned":[3,6,11,15,16,20,28,29,30,31,32],"killed_by":"SI_MIRROR_ARCHETYPE","ascension_level":0}}