{"host":"dh4nu8nelr2izibb","time":1610859558,"event":{"mods":["100% Spire Juice","BaseMod","Card Forge","Displayed Cursed Tome","HololiveMod","Marisa????????","Minty Spire (QoL Compilation)","Poor People Problems","Puzzle Mod","Quick Restart","Relic Filter","StSLib","The Marked","The Servant 0.9.4","WarShipGirlsR/????R mod","Yakumo Yukari mod"],"gold_per_floor":[12,2,2,2,19,19,29,29,52,70,100,119,132,132,132,211,211,227,227,259,184,99,99,134,152,203,217,237,249,249,268,268,340,340,350,350,362,362,362],"floor_reached":38,"language":"ENG","playtime":1355,"items_purged":["Strike_G"],"score":846,"play_id":"fed30acd-2f22-4726-9b4e-4abae426f9df","local_time":"20210116235918","is_ascension_mode":true,"campfire_choices":[{"data":"Neutralize","floor":6.0,"key":"SMITH"},{"data":"Blade Dance","floor":8.0,"key":"SMITH"},{"floor":15.0,"key":"REST"},{"data":"Finisher","floor":23.0,"key":"SMITH"},{"data":"Malaise","floor":30,"key":"SMITH"},{"floor":32,"key":"REST"}],"circlet_count":0,"master_deck":["AscendersBane","Strike_G","Strike_G","Defend_G","Defend_G","Defend_G+1","Survivor+1","Neutralize+1","Blade Dance+1","Calculated Gamble","Quick Slash","Finisher+1","Blade Dance","Cloak And Dagger+1","Sucker Punch+1","Malaise+1","Blade Dance","PiercingWail","Blade Dance","Die Die Die","Cloak And Dagger+1","Blade Dance+1","Blur","Finisher+1","Cloak And Dagger","Cloak And Dagger+1","Prepared","Bullet Time","Footwork"],"relics":["Ring of the Snake","Hammer of Thor","Seething Fire","Anvil of the Gods","Torii","Pen Nib","Prayer Wheel","Hololive_Finger","Red Mask","Potion Belt","Matryoshka","Meat on the Bone","Bag of Marbles","Black Star"],"acts_visited":["Exordium","TheCity","TheBeyond"],"potions_floor_usage":[33,38],"damage_taken":[{"damage":0.0,"enemies":"2 Louse","floor":1.0,"turns":2.0},{"damage":0.0,"enemies":"Cultist","floor":5.0,"turns":3.0},{"damage":0.0,"enemies":"Jaw Worm","floor":7.0,"turns":3.0},{"damage":7.0,"enemies":"Exordium Thugs","floor":10.0,"turns":5.0},{"damage":26.0,"enemies":"Gremlin Nob","floor":11.0,"turns":4.0},{"damage":0.0,"enemies":"Large Slime","floor":12.0,"turns":3.0},{"damage":1.0,"enemies":"Looter","floor":13.0,"turns":3.0},{"damage":8.0,"enemies":"The Guardian","floor":16.0,"turns":10.0},{"damage":11.0,"enemies":"2 Thieves","floor":18.0,"turns":4.0},{"damage":3.0,"enemies":"Masked Bandits","floor":20.0,"turns":4.0},{"damage":23.0,"enemies":"Book of Stabbing","floor":24.0,"turns":5.0},{"damage":0.0,"enemies":"Spheric Guardian","floor":25.0,"turns":3.0},{"damage":0.0,"enemies":"Cultist and Chosen","floor":27.0,"turns":1.0},{"damage":0.0,"enemies":"3 Cultists","floor":28.0,"turns":3.0},{"damage":2,"enemies":"Snake Plant","floor":29,"turns":4},{"damage":1,"enemies":"Shelled Parasite and Fungi","floor":31,"turns":4},{"damage":11,"enemies":"Champ","floor":33,"turns":10},{"damage":0,"enemies":"3 Shapes","floor":35,"turns":1},{"damage":13,"enemies":"3 Darklings","floor":37,"turns":5},{"damage":7,"enemies":"Writhing Mass","floor":38,"turns":5}],"seed_played":"-8012850388028645533","potions_obtained":[{"floor":7.0,"key":"Regen Potion"},{"floor":11.0,"key":"ColorlessPotion"},{"floor":24.0,"key":"CultistPotion"},{"floor":27.0,"key":"Regen Potion"},{"floor":28.0,"key":"SpeedPotion"},{"floor":31,"key":"Block Potion"},{"floor":33,"key":"ColorlessPotion"}],"is_trial":false,"path_per_floor":["M","?","?","$","M","R","M","R","T","M","E","M","M","?","R","B",null,"M","?","?","$","?","R","E","M","T","M","M","M","R","M","R","B",null,"M","?","M","M"],"character_chosen":"THE_SILENT","items_purchased":[],"campfire_rested":2,"item_purchase_floors":[],"current_hp_per_floor":[59,59,39,39,39,39,39,39,39,46,20,20,19,8,27,19,54,43,43,40,40,40,40,17,17,17,29,41,39,39,38,57,46,61,61,61,48,41,41],"gold":362,"neow_bonus":"ONE_RARE_RELIC","is_daily":false,"chose_seed":false,"campfire_upgraded":4,"win_rate":0.0,"timestamp":1610859558,"path_taken":["M","?","?","?","?","R","M","R","T","M","E","M","M","?","R","BOSS","M","?","?","$","?","R","E","M","T","M","M","M","R","M","R","BOSS","M","?","M","M"],"items_purchased_type":[],"build_version":"2020-12-22","purchased_purges":1,"victory":false,"max_hp_per_floor":[66,66,66,66,66,66,66,66,66,66,66,66,66,66,66,66,66,66,66,66,66,66,66,66,66,66,66,66,66,66,66,66,66,66,66,63,63,63,63],"card_choices":[{"not_picked":["Poisoned Stab","Masterful Stab"],"picked":"Blade Dance","floor":1.0},{"not_picked":[],"picked":"Calculated Gamble","floor":2.0},{"not_picked":[],"picked":"Quick Slash","floor":2.0},{"not_picked":["Catalyst","Bouncing Flask","Eviscerate"],"picked":"SKIP","floor":5.0},{"not_picked":["Well Laid Plans","Quick Slash"],"picked":"Finisher","floor":7.0},{"not_picked":["Tactician","Caltrops","Bane"],"picked":"SKIP","floor":10.0},{"not_picked":["Masterful Stab","Backflip"],"picked":"Blade Dance","floor":11.0},{"not_picked":["Blur","Heel Hook"],"picked":"Cloak And Dagger","floor":12.0},{"not_picked":["Crippling Poison","Outmaneuver","Calculated Gamble"],"picked":"SKIP","floor":12.0},{"not_picked":["Crippling Poison","Outmaneuver","Calculated Gamble"],"picked":"SKIP","floor":12.0},{"not_picked":["Bane","Doppelganger"],"picked":"Sucker Punch","floor":13.0},{"not_picked":["Bane","Setup","Bouncing Flask"],"picked":"SKIP","floor":13.0},{"not_picked":["Unload","Grand Finale"],"picked":"Malaise","floor":16.0},{"not_picked":["Deadly Poison","Poisoned Stab"],"picked":"Blade Dance","floor":18.0},{"not_picked":["Sucker Punch","Caltrops"],"picked":"PiercingWail","floor":18.0},{"not_picked":["Predator","Dagger Throw"],"picked":"Blade Dance","floor":20.0},{"not_picked":["PiercingWail","Skewer"],"picked":"Die Die Die","floor":24.0},{"not_picked":["Backflip+1","Quick Slash"],"picked":"Cloak And Dagger+1","floor":25.0},{"not_picked":["Flying Knee","Choke","Infinite Blades"],"picked":"SKIP","floor":25.0},{"not_picked":["Deflect","Noxious Fumes"],"picked":"Blade Dance+1","floor":27.0},{"not_picked":["Slice","Dodge and Roll"],"picked":"Blur","floor":27.0},{"not_picked":["Escape Plan","Dagger Spray+1"],"picked":"Finisher+1","floor":28.0},{"not_picked":["Finisher","Deflect","Predator"],"picked":"SKIP","floor":28.0},{"not_picked":["Prepared","Infinite Blades"],"picked":"Cloak And Dagger","floor":29},{"not_picked":["Eviscerate","Outmaneuver","Bane"],"picked":"SKIP","floor":29},{"not_picked":["Well Laid Plans","Heel Hook"],"picked":"Cloak And Dagger+1","floor":31},{"not_picked":["Grand Finale","Outmaneuver+1"],"picked":"Prepared","floor":31},{"not_picked":["Tools of the Trade","Storm of Steel"],"picked":"Bullet Time","floor":33},{"not_picked":["Escape Plan+1","Poisoned Stab+1","Backstab+1"],"picked":"SKIP","floor":35},{"not_picked":["Poisoned Stab+1","Outmaneuver","Underhanded Strike+1"],"picked":"SKIP","floor":35},{"not_picked":["Blade Dance","Quick Slash"],"picked":"Footwork","floor":37},{"not_picked":["Bane","Bouncing Flask+1","Slice"],"picked":"SKIP","floor":37}],"player_experience":1137778,"relics_obtained":[{"floor":9.0,"key":"Pen Nib"},{"floor":11.0,"key":"Prayer Wheel"},{"floor":20.0,"key":"Red Mask"},{"floor":24.0,"key":"Matryoshka"},{"floor":26.0,"key":"Meat on the Bone"},{"floor":26.0,"key":"Bag of Marbles"}],"event_choices":[{"damage_healed":0.0,"max_hp_gain":0.0,"max_hp_loss":0.0,"gold_gain":0.0,"event_name":"Shining Light","player_choice":"Entered Light","floor":3.0,"gold_loss":0.0,"damage_taken":20.0,"cards_upgraded":["Survivor","Defend_G"]},{"damage_healed":0.0,"max_hp_gain":0.0,"max_hp_loss":0.0,"gold_gain":0.0,"event_name":"Scrap Ooze","player_choice":"Fled","floor":14.0,"gold_loss":0.0,"damage_taken":11.0},{"damage_healed":0.0,"max_hp_gain":0.0,"max_hp_loss":0.0,"gold_gain":0.0,"event_name":"Beggar","player_choice":"Ignored","floor":19.0,"gold_loss":0.0,"damage_taken":0.0},{"damage_healed":0.0,"max_hp_gain":0.0,"max_hp_loss":0.0,"gold_gain":0.0,"event_name":"Masked Bandits","player_choice":"Fought Bandits","floor":20.0,"gold_loss":0.0,"damage_taken":0.0},{"damage_healed":0.0,"max_hp_gain":0.0,"max_hp_loss":0.0,"gold_gain":0.0,"event_name":"Addict","player_choice":"Obtained Relic","floor":22.0,"gold_loss":85.0,"damage_taken":0.0,"relics_obtained":["Potion Belt"]},{"damage_healed":0,"gold_gain":0,"player_choice":"Max HP","damage_taken":0,"max_hp_gain":0,"max_hp_loss":3,"event_name":"Winding Halls","floor":36,"gold_loss":0}],"is_beta":false,"boss_relics":[{"not_picked":["HoveringKite","Velvet Choker"],"picked":"Hololive_Finger"},{"not_picked":["SlaversCollar","Snecko Eye"],"picked":"Black Star"}],"items_purged_floors":[21],"is_endless":false,"potions_floor_spawned":[7,11,24,27,28,31,33,35],"killed_by":"Writhing Mass","ascension_level":20}}