{"host":"cwd5s03r1oaxs6mx","time":1610887584,"event":{"mods":["Act Like it!","BaseMod","Better Third Choice","BetterRewards","CapriCore","Card Filter","Colored Map","Custom Start","DeckTracker","Friendly Minions","Hubris","Infinite Spire","Marisa£¨Ùöéë¡¡Øª×âÞÞ£©","Minty Spire (QoL Compilation)","Quick Restart","Relic Stats","Shop Mod","Spicy Shops","StSLib","SuperFastMode"],"gold_per_floor":[113,113,129,229,245,245,55,55,55,55,72,92,103,34,34,134,134,149,161,260,276,286,318,318,335,335,352,452,452,452,452,452,550,550,570,585,585,585,585,620,620,639,714,732,732,758,758,808,808,808,808,808,111,141,141],"floor_reached":56,"language":"KOR","playtime":7900,"items_purged":["Strike_P","Strike_P","Eruption","Strike_P","TalkToTheHand","Injury"],"score":1562,"play_id":"57ac07a0-1e6f-45bb-b1b1-d39e0dba5be9","local_time":"20210117214624","is_ascension_mode":true,"campfire_choices":[{"data":"PathToVictory","floor":6.0,"key":"SMITH"},{"data":"DeceiveReality","floor":8.0,"key":"SMITH"},{"data":"Vault","floor":15.0,"key":"SMITH"},{"data":"infinitespire:Collect","floor":24.0,"key":"SMITH"},{"data":"Wireheading","floor":32.0,"key":"SMITH"},{"data":"Vault","floor":41,"key":"SMITH"},{"data":"Scrawl","floor":45,"key":"SMITH"},{"data":"DeceiveReality","floor":47,"key":"SMITH"},{"floor":49,"key":"RECALL"},{"data":"PathToVictory","floor":52,"key":"SMITH"}],"circlet_count":0,"master_deck":["Defend_P","Defend_P","Vigilance","PathToVictory+1","Wireheading+1","ThirdEye","InnerPeace","DeceiveReality+1","infinitespire:Collect+1","Vault+1","PathToVictory","PathToVictory+1","PathToVictory+1","Meditate","CrushJoints","infinitespire:NeuralNetwork+1","Vault+1","EmptyMind","DeceiveReality+1","Scrawl+1","Establishment+1","Nirvana+1","Sadistic Nature+1","Impatience"],"relics":["PureWater","Membership Card","hubris:FunFungus","infinitespire:Satchel","hubris:Towel","GoldenEye","Odd Mushroom","Sozu","Mercury Hourglass","Pantograph","Frozen Egg 2","Incense Burner","Cursed Key","Happy Flower","TeardropLocket","Darkstone Periapt","CatCart","Mango","Torii","Ginger","Nunchaku"],"acts_visited":["Exordium","TheCity","TheBeyond","TheEnding"],"potions_floor_usage":[],"damage_taken":[{"damage":2.0,"enemies":"Small Slimes","floor":1.0,"turns":4.0},{"damage":0.0,"enemies":"Jaw Worm","floor":3.0,"turns":5.0},{"damage":0.0,"enemies":"Cultist","floor":5.0,"turns":5.0},{"damage":8.0,"enemies":"Red Slaver","floor":11.0,"turns":4.0},{"damage":21.0,"enemies":"The Mushroom Lair","floor":12.0,"turns":7.0},{"damage":0.0,"enemies":"3 Louse","floor":13.0,"turns":3.0},{"damage":9.0,"enemies":"The Guardian","floor":16.0,"turns":7.0},{"damage":0.0,"enemies":"Shell Parasite","floor":18.0,"turns":6.0},{"damage":0.0,"enemies":"Chosen","floor":19.0,"turns":6.0},{"damage":5.0,"enemies":"Snake Plant","floor":21.0,"turns":5.0},{"damage":2.0,"enemies":"Chosen and Byrds","floor":22.0,"turns":9.0},{"damage":18.0,"enemies":"Book of Stabbing","floor":23.0,"turns":6.0},{"damage":0.0,"enemies":"Centurion and Healer","floor":25.0,"turns":7.0},{"damage":7.0,"enemies":"Snake Plant","floor":27.0,"turns":3.0},{"damage":3.0,"enemies":"Colosseum Slavers","floor":28.0,"turns":4.0},{"damage":0.0,"enemies":"Colosseum Nobs","floor":28.0,"turns":4.0},{"damage":10.0,"enemies":"hubris:MusketHawk","floor":33.0,"turns":4.0},{"damage":0.0,"enemies":"Orb Walker","floor":35.0,"turns":3.0},{"damage":11.0,"enemies":"3 Darklings","floor":36.0,"turns":4.0},{"damage":5,"enemies":"Giant Head","floor":40,"turns":5},{"damage":0,"enemies":"4 Shapes","floor":42,"turns":3},{"damage":0,"enemies":"Writhing Mass","floor":44,"turns":3},{"damage":0,"enemies":"Reptomancer","floor":46,"turns":4},{"damage":0,"enemies":"Orin","floor":48,"turns":5},{"damage":16,"enemies":"Donu and Deca","floor":50,"turns":6},{"damage":30,"enemies":"Shield and Spear","floor":54,"turns":5},{"damage":28,"enemies":"The Heart","floor":55,"turns":7}],"seed_played":"7807438979950764371","potions_obtained":[{"floor":11.0,"key":"Explosive Potion"},{"floor":13.0,"key":"FairyPotion"}],"is_trial":false,"path_per_floor":["M","?","M","?","M","R","$","R","T","?","M","?","M","$","R","B",null,"M","M","?","M","M","E","R","M","T","M","?","?","AVR","?","R","B",null,"M","M","AVR","?","?","E","R","M","T","M","R","E","R","?","R","B",null,"R","$","E","B",null],"character_chosen":"WATCHER","items_purchased":["Membership Card","hubris:FunFungus","infinitespire:Satchel","TalkToTheHand","PathToVictory","Wireheading","DeceiveReality","GoldenEye","Vault","Mango","Nirvana+1","Sadistic Nature+1","Torii","Ginger","Impatience"],"campfire_rested":0,"item_purchase_floors":[0,0,0,0,0,0,7,7,14,53,53,53,53,53,53],"current_hp_per_floor":[63,63,63,63,63,63,63,63,63,46,38,17,17,17,17,9,56,57,59,59,54,54,36,36,38,38,31,28,28,28,28,28,43,65,65,56,56,56,56,52,52,52,52,52,52,52,52,54,54,59,69,69,83,54,51],"gold":141,"neow_bonus":"","is_daily":false,"chose_seed":false,"campfire_upgraded":9,"win_rate":0.0,"timestamp":1610887584,"path_taken":["M","?","M","?","?","R","?","R","T","?","M","?","M","$","R","BOSS","M","M","?","M","M","E","R","M","T","M","?","?","AVR","?","R","BOSS","M","M","AVR","?","?","E","R","M","T","M","R","E","R","?","R","BOSS","R","$","E","BOSS"],"items_purchased_type":["Relic","Relic","Relic","Card","Card","Card","Card","Relic","Card","Relic","Card","Card","Relic","Relic","Card"],"build_version":"2020-12-22","purchased_purges":6,"victory":true,"max_hp_per_floor":[72,72,72,72,72,72,72,72,72,72,72,72,72,72,72,72,72,72,72,72,72,72,72,72,72,72,72,72,72,72,72,72,72,72,72,72,72,72,72,72,72,72,72,72,72,72,72,72,72,72,72,72,86,86,86],"relic_stats":{"Sozu":9,"Darkstone Periapt":0,"Nunchaku":[0],"Happy Flower":[11],"Torii":1,"counters":[349,1461],"Pantograph":68,"Ginger":[2],"GoldenEye":[133],"Cursed Key":1,"obtain_stats":[{"infinitespire:BottledMercury":40,"Ginger":43,"Bottled Tornado":23,"hubris:MysteriousPyramids":17,"Blood Vial":7,"infinitespire:ShieldingShard":0,"Sundial":13,"hubris:AstralHammer":44,"infinitespire:Golems Mask":6,"MealTicket":29,"Fusion Hammer":34,"HandDrill":53,"Kunai":9,"MerchantsRug":14,"Pen Nib":26,"Akabeko":24,"infinitespire:Lychee Nut":10,"MutagenicStrength":31,"Bird Faced Urn":10,"Snecko Eye":0,"hubris:TenFootPole":40,"StrikeDummy":25,"infinitespire:PuzzleCube":9,"infinitespire:Cupcake":17,"hubris:Reverence":14,"Lantern":26,"Regal Pillow":48,"Singing Bowl":8,"Torii":53,"Bag of Preparation":23,"hubris:EmptyBottle":53,"Smiling Mask":6,"Ancient Tea Set":39,"Cursed Key":34,"Matryoshka":11,"hubris:Backtick":17,"infinitespire:Bottled Soul":29,"hubris:ScarierMask":17,"hubris:CuriousFeather":11,"hubris:FunFungus":0,"Chemical X":19,"infinitespire:Eraser":44,"InkBottle":14,"hubris:GlazedTorus":37,"Potion Belt":7,"Lee\u0027s Waffle":13,"NeowsBlessing":0,"Golden Idol":3,"hubris:64BitClover":9,"Damaru":0,"Thread and Needle":12,"The Courier":43,"infinitespire:Joker Card":26,"Omamori":48,"infinitespire:Lucky Rock":9,"infinitespire:CheckeredPen":40,"hubris:Towel":19,"Frozen Egg 2":0,"MawBank":6,"GoldenEye":0,"Ornamental Fan":8,"Turnip":45,"Art of War":9,"Bottled Lightning":54,"Toy Ornithopter":53,"hubris:BottledRain":8,"Calipers":37,"hubris:CrystalStatue":6,"Tiny House":34,"Gremlin Horn":54,"CeramicFish":9,"hubris:VirtuousBlindfold":17,"hubris:TerracottaHorce":17,"Sozu":17,"Centennial Puzzle":6,"HornCleat":7,"DollysMirror":53,"Strawberry":53,"VioletLotus":17,"Toxic Egg 2":5,"hubris:Teleporter":31,"hubris:DuctTape":9,"Happy Flower":48,"Oddly Smooth Stone":53,"infinitespire:Beetle Shell":7,"Letter Opener":46,"War Paint":6,"Question Card":47,"Shuriken":8,"hubris:PeanutButter":9,"Molten Egg 2":0,"Black Star":17,"CatCart":48,"Meat on the Bone":23,"Darkstone Periapt":46,"Yang":54,"Mango":17,"Incense Burner":10,"hubris:SlimyHat":0,"TeardropLocket":20,"Empty Cage":34,"Nunchaku":42,"hubris:Icosahedron":12,"Mummified Hand":54,"Gambling Chip":0,"Pantograph":6,"Tiny Chest":10,"Red Mask":21,"Runic Pyramid":34,"infinitespire:FocusingShard":30,"hubris:MedicalManual":28,"Orichalcum":17,"Odd Mushroom":14,"Medical Kit":0,"Mercury Hourglass":38,"Calling Bell":17,"Cauldron":53,"Anchor":46,"CaptainsWheel":6,"infinitespire:WardingShard":9,"infinitespire:Satchel":12,"Bag of Marbles":41,"Membership Card":0,"PureWater":0,"hubris:Potato":0},{"infinitespire:BottledMercury":262,"Ginger":149,"Bottled Tornado":82,"hubris:MysteriousPyramids":210,"Blood Vial":22,"infinitespire:ShieldingShard":67,"Sundial":26,"hubris:AstralHammer":264,"infinitespire:Golems Mask":38,"MealTicket":141,"Fusion Hammer":260,"HandDrill":125,"Kunai":232,"MerchantsRug":166,"Pen Nib":32,"Akabeko":170,"infinitespire:Lychee Nut":74,"MutagenicStrength":114,"Bird Faced Urn":134,"Snecko Eye":159,"hubris:TenFootPole":119,"StrikeDummy":112,"infinitespire:PuzzleCube":237,"infinitespire:Cupcake":136,"hubris:Reverence":208,"Lantern":83,"Regal Pillow":124,"Singing Bowl":178,"Torii":226,"Bag of Preparation":187,"hubris:EmptyBottle":153,"Smiling Mask":64,"Ancient Tea Set":118,"Cursed Key":339,"Matryoshka":56,"hubris:Backtick":210,"infinitespire:Bottled Soul":310,"hubris:ScarierMask":107,"hubris:CuriousFeather":16,"hubris:FunFungus":322,"Chemical X":168,"infinitespire:Eraser":150,"InkBottle":181,"hubris:GlazedTorus":118,"Potion Belt":4,"Lee\u0027s Waffle":75,"NeowsBlessing":0,"Golden Idol":13,"hubris:64BitClover":133,"Damaru":270,"Thread and Needle":275,"The Courier":222,"infinitespire:Joker Card":255,"Omamori":152,"infinitespire:Lucky Rock":39,"infinitespire:CheckeredPen":314,"hubris:Towel":28,"Frozen Egg 2":155,"MawBank":54,"GoldenEye":155,"Ornamental Fan":133,"Turnip":95,"Art of War":104,"Bottled Lightning":98,"Toy Ornithopter":153,"hubris:BottledRain":47,"Calipers":89,"hubris:CrystalStatue":177,"Tiny House":312,"Gremlin Horn":126,"CeramicFish":192,"hubris:VirtuousBlindfold":8,"hubris:TerracottaHorce":27,"Sozu":278,"Centennial Puzzle":231,"HornCleat":246,"DollysMirror":268,"Strawberry":226,"VioletLotus":77,"Toxic Egg 2":3,"hubris:Teleporter":217,"hubris:DuctTape":73,"Happy Flower":267,"Oddly Smooth Stone":97,"infinitespire:Beetle Shell":104,"Letter Opener":224,"War Paint":73,"Question Card":96,"Shuriken":206,"hubris:PeanutButter":163,"Molten Egg 2":188,"Black Star":197,"CatCart":346,"Meat on the Bone":31,"Darkstone Periapt":345,"Yang":154,"Mango":167,"Incense Burner":5,"hubris:SlimyHat":17,"TeardropLocket":279,"Empty Cage":115,"Nunchaku":315,"hubris:Icosahedron":105,"Mummified Hand":227,"Gambling Chip":67,"Pantograph":132,"Tiny Chest":247,"Red Mask":186,"Runic Pyramid":86,"infinitespire:FocusingShard":142,"hubris:MedicalManual":310,"Orichalcum":167,"Odd Mushroom":196,"Medical Kit":127,"Mercury Hourglass":221,"Calling Bell":167,"Cauldron":125,"Anchor":122,"CaptainsWheel":163,"infinitespire:WardingShard":4,"infinitespire:Satchel":166,"Bag of Marbles":148,"Membership Card":17,"PureWater":0,"hubris:Potato":155},{"infinitespire:BottledMercury":1064,"Ginger":584,"Bottled Tornado":312,"hubris:MysteriousPyramids":831,"Blood Vial":96,"infinitespire:ShieldingShard":267,"Sundial":106,"hubris:AstralHammer":1072,"infinitespire:Golems Mask":150,"MealTicket":558,"Fusion Hammer":1055,"HandDrill":500,"Kunai":932,"MerchantsRug":652,"Pen Nib":126,"Akabeko":677,"infinitespire:Lychee Nut":288,"MutagenicStrength":440,"Bird Faced Urn":531,"Snecko Eye":628,"hubris:TenFootPole":472,"StrikeDummy":434,"infinitespire:PuzzleCube":951,"infinitespire:Cupcake":541,"hubris:Reverence":816,"Lantern":316,"Regal Pillow":493,"Singing Bowl":707,"Torii":899,"Bag of Preparation":750,"hubris:EmptyBottle":603,"Smiling Mask":257,"Ancient Tea Set":468,"Cursed Key":1416,"Matryoshka":218,"hubris:Backtick":831,"infinitespire:Bottled Soul":1284,"hubris:ScarierMask":412,"hubris:CuriousFeather":82,"hubris:FunFungus":1327,"Chemical X":665,"infinitespire:Eraser":587,"InkBottle":719,"hubris:GlazedTorus":468,"Potion Belt":10,"Lee\u0027s Waffle":290,"NeowsBlessing":0,"Golden Idol":61,"hubris:64BitClover":529,"Damaru":1106,"Thread and Needle":1120,"The Courier":877,"infinitespire:Joker Card":1033,"Omamori":596,"infinitespire:Lucky Rock":153,"infinitespire:CheckeredPen":1301,"hubris:Towel":112,"Frozen Egg 2":615,"MawBank":209,"GoldenEye":615,"Ornamental Fan":529,"Turnip":369,"Art of War":396,"Bottled Lightning":377,"Toy Ornithopter":603,"hubris:BottledRain":181,"Calipers":339,"hubris:CrystalStatue":701,"Tiny House":1293,"Gremlin Horn":503,"CeramicFish":761,"hubris:VirtuousBlindfold":33,"hubris:TerracottaHorce":111,"Sozu":1134,"Centennial Puzzle":929,"HornCleat":997,"DollysMirror":1095,"Strawberry":899,"VioletLotus":298,"Toxic Egg 2":4,"hubris:Teleporter":854,"hubris:DuctTape":283,"Happy Flower":1085,"Oddly Smooth Stone":376,"infinitespire:Beetle Shell":396,"Letter Opener":883,"War Paint":283,"Question Card":372,"Shuriken":811,"hubris:PeanutButter":642,"Molten Egg 2":751,"Black Star":782,"CatCart":1443,"Meat on the Bone":122,"Darkstone Periapt":1438,"Yang":607,"Mango":660,"Incense Burner":20,"hubris:SlimyHat":83,"TeardropLocket":1139,"Empty Cage":447,"Nunchaku":1306,"hubris:Icosahedron":400,"Mummified Hand":906,"Gambling Chip":267,"Pantograph":525,"Tiny Chest":1000,"Red Mask":746,"Runic Pyramid":328,"infinitespire:FocusingShard":563,"hubris:MedicalManual":1284,"Orichalcum":660,"Odd Mushroom":773,"Medical Kit":512,"Mercury Hourglass":870,"Calling Bell":660,"Cauldron":500,"Anchor":485,"CaptainsWheel":642,"infinitespire:WardingShard":10,"infinitespire:Satchel":652,"Bag of Marbles":581,"Membership Card":83,"PureWater":0,"hubris:Potato":615}],"Mercury Hourglass":[297]},"card_choices":[{"not_picked":["WreathOfFlame","Study"],"picked":"ThirdEye","floor":1.0},{"not_picked":["TalkToTheHand","WaveOfTheHand","BattleHymn"],"picked":"SKIP","floor":3.0},{"not_picked":["Tantrum","BattleHymn"],"picked":"InnerPeace","floor":5.0},{"not_picked":["infinitespire:UltimateForm","infinitespire:Starlight"],"picked":"infinitespire:Collect","floor":10.0},{"not_picked":["BowlingBash","CrushJoints","Swivel"],"picked":"SKIP","floor":11.0},{"not_picked":["Study","WaveOfTheHand","CrushJoints"],"picked":"SKIP","floor":13.0},{"not_picked":["Crescendo+1","Pray","ForeignInfluence+1"],"picked":"SKIP","floor":18.0},{"not_picked":["FlurryOfBlows","Indignation","CutThroughFate"],"picked":"SKIP","floor":19.0},{"not_picked":["Study","InnerPeace+1","Sanctity"],"picked":"SKIP","floor":21.0},{"not_picked":["CrushJoints","ReachHeaven","FlyingSleeves"],"picked":"SKIP","floor":22.0},{"not_picked":["Worship","CutThroughFate","InnerPeace+1"],"picked":"SKIP","floor":23.0},{"not_picked":["Consecrate+1","CrushJoints"],"picked":"PathToVictory","floor":25.0},{"not_picked":["EmptyMind+1","Sanctity"],"picked":"PathToVictory+1","floor":27.0},{"not_picked":["FlurryOfBlows","ReachHeaven"],"picked":"PathToVictory","floor":28.0},{"not_picked":["Judgement","Brilliance"],"picked":"Vault","floor":33.0},{"not_picked":["Consecrate+1","ClearTheMind+1"],"picked":"EmptyMind","floor":35.0},{"not_picked":["SashWhip","Prostrate+1","Ragnarok"],"picked":"SKIP","floor":36.0},{"not_picked":["Swivel","SashWhip","FlurryOfBlows+1"],"picked":"SKIP","floor":40},{"not_picked":["BattleHymn+1","FlurryOfBlows"],"picked":"DeceiveReality","floor":42},{"not_picked":["Prostrate+1","BowlingBash+1"],"picked":"Scrawl","floor":44},{"not_picked":["Consecrate+1","WheelKick","Weave"],"picked":"SKIP","floor":46},{"not_picked":["Pray+1","TalkToTheHand+1"],"picked":"Establishment+1","floor":48},{"not_picked":["Prostrate","CutThroughFate","ReachHeaven+1"],"picked":"SKIP","floor":54}],"player_experience":1050842,"relics_obtained":[{"floor":12.0,"key":"Odd Mushroom"},{"floor":23.0,"key":"Mercury Hourglass"},{"floor":26.0,"key":"Pantograph"},{"floor":28.0,"key":"Frozen Egg 2"},{"floor":28.0,"key":"Incense Burner"},{"floor":40,"key":"Happy Flower"},{"floor":43,"key":"TeardropLocket"},{"floor":46,"key":"Darkstone Periapt"},{"floor":48,"key":"CatCart"},{"floor":54,"key":"Nunchaku"}],"event_choices":[{"damage_healed":0.0,"max_hp_gain":0.0,"max_hp_loss":0.0,"gold_gain":100.0,"event_name":"Golden Shrine","player_choice":"Pray","floor":4.0,"gold_loss":0.0,"damage_taken":0.0},{"damage_healed":0.0,"max_hp_gain":0.0,"max_hp_loss":0.0,"gold_gain":0.0,"event_name":"Mushrooms","player_choice":"Fought Mushrooms","floor":12.0,"gold_loss":0.0,"damage_taken":0.0},{"damage_healed":0.0,"max_hp_gain":0.0,"max_hp_loss":0.0,"gold_gain":99.0,"event_name":"betterThird:BetterNest","player_choice":"Steal","floor":20.0,"gold_loss":0.0,"damage_taken":0.0},{"damage_healed":0.0,"max_hp_gain":0.0,"max_hp_loss":0.0,"gold_gain":0.0,"event_name":"Colosseum","player_choice":"Fight","floor":28.0,"gold_loss":0.0,"damage_taken":0.0},{"damage_healed":0.0,"max_hp_gain":0.0,"max_hp_loss":0.0,"gold_gain":0.0,"event_name":"Colosseum","player_choice":"Fought Nobs","floor":28.0,"gold_loss":0.0,"damage_taken":0.0},{"damage_healed":0.0,"max_hp_gain":0.0,"max_hp_loss":0.0,"gold_gain":0.0,"cards_transformed":["Defend_P","Strike_P"],"event_name":"Drug Dealer","player_choice":"Became Test Subject","floor":29.0,"gold_loss":0.0,"damage_taken":0.0,"cards_obtained":["Meditate","CrushJoints"]},{"damage_healed":0.0,"max_hp_gain":0.0,"max_hp_loss":0.0,"gold_gain":0.0,"event_name":"The Mausoleum","player_choice":"Ignored","floor":31.0,"gold_loss":0.0,"damage_taken":0.0},{"cards_removed":["Defend_P"],"damage_healed":0.0,"max_hp_gain":0.0,"max_hp_loss":0.0,"gold_gain":0.0,"event_name":"Falling","player_choice":"Removed Skill","floor":38.0,"gold_loss":0.0,"damage_taken":0.0},{"damage_healed":0,"gold_gain":0,"player_choice":"Fight","damage_taken":0,"max_hp_gain":0,"max_hp_loss":0,"event_name":"OrinTheCat","floor":48,"gold_loss":0}],"is_beta":false,"boss_relics":[{"not_picked":["Pandora\u0027s Box","Busted Crown"],"picked":"Sozu"},{"not_picked":["Velvet Choker","hubris:GrandSneckoEye"],"picked":"Cursed Key"}],"items_purged_floors":[0,0,0,30,37,53],"is_endless":false,"potions_floor_spawned":[11,13,18,19,21,23,28,35,36,42,46,54],"ascension_level":6}}