{"host":"5ffrjkuvgrxgllwx","time":1610894022,"event":{"mods":["AchievementEnabler","BaseMod","Colored Map","Colored Powertips","Downfall","Minty Spire (QoL Compilation)","Quick Restart","Rare Cards Sparkle","StSLib","everything is the same but u backflip on backflip"],"gold_per_floor":[99,114,129,142,142,176,203,203,222,222,240,271,271,206,222,327,327,327,10,20,35,35,35,59,59,59,79,96,96,96,122,138,138,138],"floor_reached":33,"language":"ENG","playtime":1761,"items_purged":[],"score":277,"play_id":"5f559514-ce5f-45cb-b20c-9b2ebaa80bbf","local_time":"20210117093342","is_ascension_mode":false,"campfire_choices":[{"data":"bronze:Goto","floor":1.0,"key":"SMITH"},{"data":"bronze:Boost","floor":8.0,"key":"SMITH"},{"data":"bronze:Replicate","floor":10.0,"key":"SMITH"},{"floor":13.0,"key":"REST"},{"data":"bronze:Overload","floor":18.0,"key":"SMITH"},{"floor":23.0,"key":"REST"},{"floor":26.0,"key":"REST"},{"floor":30,"key":"REST"}],"circlet_count":0,"master_deck":["bronze:Strike+1","bronze:Defend","bronze:Defend","bronze:Defend","bronze:Replicate+1","bronze:Goto+1","bronze:Boost+1","bronze:ForceShield","bronze:WildBeam+1","bronze:Repair","bronze:ClassDefault","bronze:CloningBeam","bronze:Overload+1","bronze:DelayedGuard","bronze:DigitalCarnage","bronze:Mutator","bronze:Fortify+1","bronze:Turbo+1","bronze:ChildClass+1","bronze:Overheat","bronze:ForLoop","bronze:Frontload+1","bronze:ChosenStrike","bronze:Branch","bronze:BronzeArmor+1"],"relics":["bronze:BronzeCore","Potion Belt","Whetstone","Bronze Scales","Astrolabe","Medical Kit","MealTicket","Omamori","MutagenicStrength","Bag of Preparation"],"acts_visited":["Exordium","TheCity"],"potions_floor_usage":[31,33,33,33,33],"damage_taken":[{"damage":0.0,"enemies":"Cultist","floor":2.0,"turns":4.0},{"damage":0.0,"enemies":"Small Slimes","floor":3.0,"turns":4.0},{"damage":4.0,"enemies":"2 Louse","floor":4.0,"turns":4.0},{"damage":11.0,"enemies":"Lagavulin","floor":6.0,"turns":7.0},{"damage":6.0,"enemies":"2 Fungi Beasts","floor":9.0,"turns":5.0},{"damage":21.0,"enemies":"Lots of Slimes","floor":11.0,"turns":5.0},{"damage":23.0,"enemies":"Gremlin Nob","floor":12.0,"turns":4.0},{"damage":0.0,"enemies":"downfall:FleeingMerchant","floor":14.0,"turns":4.0},{"damage":4.0,"enemies":"Blue Slaver","floor":15.0,"turns":3.0},{"damage":53.0,"enemies":"IC_STATUS_ARCHETYPE","floor":16.0,"turns":8.0},{"damage":0.0,"enemies":"downfall:FleeingMerchant","floor":19.0,"turns":4.0},{"damage":12.0,"enemies":"Chosen","floor":20.0,"turns":6.0},{"damage":36.0,"enemies":"Shell Parasite","floor":21.0,"turns":4.0},{"damage":10.0,"enemies":"Snecko","floor":27.0,"turns":6.0},{"damage":39.0,"enemies":"Cultist and Chosen","floor":28.0,"turns":10.0},{"damage":7,"enemies":"Slavers","floor":31,"turns":4},{"damage":20,"enemies":"Shelled Parasite and Fungi","floor":32,"turns":8},{"damage":46,"enemies":"DF_ARCHETYPE_CLAW","floor":33,"turns":8}],"seed_played":"-8815736922887641454","potions_obtained":[{"floor":2.0,"key":"Ancient Potion"},{"floor":4.0,"key":"ColorlessPotion"},{"floor":11.0,"key":"EntropicBrew"},{"floor":15.0,"key":"bronze:FreeFunctionsPotion"},{"floor":21.0,"key":"hexamod:SoulburnPotion"},{"floor":28.0,"key":"AttackPotion"},{"floor":31,"key":"Energy Potion"},{"floor":32,"key":"CultistPotion"}],"is_trial":false,"path_per_floor":["R","M","M","M","?","E","T","R","M","R","M","E","R","$","M","B",null,"R","$","M","M","?","R","T","?","R","M","M","?","R","E","M","B"],"character_chosen":"THE_AUTOMATON","items_purchased":["bronze:DelayedGuard","Medical Kit","MealTicket"],"campfire_rested":4,"item_purchase_floors":[14,19,19],"current_hp_per_floor":[77,77,77,73,73,62,62,62,63,63,49,33,56,63,66,20,77,77,77,65,29,15,39,39,39,63,60,28,28,52,52,39,0,0],"gold":138,"neow_bonus":"TEN_PERCENT_HP_BONUS","is_daily":false,"chose_seed":false,"campfire_upgraded":4,"win_rate":0.0,"timestamp":1610894022,"path_taken":["R","?","M","M","?","E","T","R","M","R","M","E","R","$","M","BOSS","R","$","M","M","?","R","T","?","R","?","M","?","R","E","M","BOSS"],"items_purchased_type":["Card","Relic","Relic"],"build_version":"2020-12-22","purchased_purges":0,"victory":false,"max_hp_per_floor":[77,77,77,77,77,77,77,77,77,77,77,77,77,77,77,77,77,77,77,77,77,82,82,82,82,82,82,82,82,82,82,82,82,82],"card_choices":[{"not_picked":["bronze:Frontload","bronze:GetLatest"],"picked":"bronze:Boost","floor":2.0},{"not_picked":["bronze:WildBeam","bronze:ForLoop"],"picked":"bronze:ForceShield","floor":3.0},{"not_picked":["bronze:Iterate","bronze:Turbo"],"picked":"bronze:WildBeam","floor":4.0},{"not_picked":["bronze:DelayedGuard","bronze:Fortify"],"picked":"bronze:Repair","floor":6.0},{"not_picked":["bronze:Frontload","bronze:DelayedSlice"],"picked":"bronze:ClassDefault","floor":9.0},{"not_picked":["bronze:Philosophize","bronze:Turbo","bronze:Allocate"],"picked":"SKIP","floor":11.0},{"not_picked":["bronze:Deprecate","bronze:FollowUp"],"picked":"bronze:CloningBeam","floor":12.0},{"not_picked":["bronze:DelayedGuard","bronze:BugBarrage"],"picked":"bronze:Overload","floor":14.0},{"not_picked":["bronze:ChildClass","bronze:GetLatest"],"picked":"bronze:DigitalCarnage","floor":15.0},{"not_picked":["bronze:Break","bronze:Format"],"picked":"bronze:Mutator","floor":16.0},{"not_picked":["bronze:BugBarrage","bronze:OilSpill"],"picked":"bronze:Overheat","floor":19.0},{"not_picked":["bronze:DelayedGuard","bronze:Safeguard"],"picked":"bronze:ForLoop","floor":20.0},{"not_picked":["bronze:ChildClass+1","bronze:Safeguard+1"],"picked":"bronze:Frontload+1","floor":21.0},{"not_picked":["bronze:Philosophize","bronze:Backtrace","bronze:CloningBeam"],"picked":"SKIP","floor":27.0},{"not_picked":["bronze:DelayedGuard","bronze:Turbo"],"picked":"bronze:ChosenStrike","floor":28.0},{"not_picked":["bronze:Frontload","bronze:BitShift"],"picked":"bronze:Branch","floor":31},{"not_picked":["bronze:Frontload","bronze:ChildClass+1"],"picked":"bronze:BronzeArmor+1","floor":32}],"player_experience":1398718,"relics_obtained":[{"floor":6.0,"key":"Potion Belt"},{"floor":7.0,"key":"Whetstone"},{"floor":12.0,"key":"Bronze Scales"},{"floor":24.0,"key":"Omamori"},{"floor":31,"key":"Bag of Preparation"}],"event_choices":[{"damage_healed":0.0,"max_hp_gain":0.0,"max_hp_loss":0.0,"gold_gain":0.0,"event_name":"NoteForYourself","player_choice":"Ignored","floor":25.0,"gold_loss":0.0,"damage_taken":0.0},{"damage_healed":0,"gold_gain":0,"player_choice":"Inject Mutagens","damage_taken":0,"relics_obtained":["MutagenicStrength"],"max_hp_gain":0,"max_hp_loss":0,"event_name":"Drug Dealer","floor":29,"gold_loss":0}],"is_beta":false,"boss_relics":[{"not_picked":["Sozu","Coffee Dripper"],"picked":"Astrolabe"}],"items_purged_floors":[],"is_endless":false,"potions_floor_spawned":[2,4,11,15,21,28,31,32],"killed_by":"DF_ARCHETYPE_CLAW","ascension_level":0}}