{"host":"pl1fbpkom0aq337f","time":1610909447,"event":{"mods":["AchievementEnabler","BaseMod","Colored Map","Minty Spire (QoL Compilation)"],"gold_per_floor":[118,132,78,78,3,3,31,31,43,124,139,155,155,55,67,78,78,78,149,149,161,161,174,190,190,190,215,215,215,215,215,231,231,231,262,262,337,337,355,1354,1354,820,833,833,861,861,876,876,481,306,324,324,159,159,159],"floor_reached":56,"language":"ENG","playtime":1666,"items_purged":["Strike_R","Strike_R","Parasite","Doubt","Strike_R+1"],"score":1666,"play_id":"8edbb1df-6f5b-4167-846c-76e95d82765a","local_time":"20210117195047","is_ascension_mode":true,"campfire_choices":[{"data":"Armaments","floor":6.0,"key":"SMITH"},{"data":"Searing Blow","floor":8.0,"key":"SMITH"},{"data":"Searing Blow+1","floor":13.0,"key":"SMITH"},{"data":"Searing Blow+2","floor":17.0,"key":"SMITH"},{"data":"Searing Blow+3","floor":18.0,"key":"SMITH"},{"data":"Searing Blow+4","floor":26.0,"key":"SMITH"},{"data":"Searing Blow+5","floor":28.0,"key":"SMITH"},{"data":"Searing Blow+6","floor":30.0,"key":"SMITH"},{"data":"Searing Blow+7","floor":33.0,"key":"SMITH"},{"data":"Searing Blow+8","floor":36.0,"key":"SMITH"},{"data":"Searing Blow+9","floor":44.0,"key":"SMITH"},{"data":"Searing Blow+10","floor":46.0,"key":"SMITH"},{"data":"Searing Blow+11","floor":52.0,"key":"SMITH"},{"data":"Searing Blow+12","floor":54.0,"key":"SMITH"}],"circlet_count":0,"master_deck":["AscendersBane","Strike_R+1","Strike_R+1","Defend_R+1","Defend_R+1","Defend_R+1","Defend_R+1","Bash","Searing Blow+13","Shrug It Off+1","Armaments+1","Shrug It Off","Feed","Shockwave","Double Tap","Flame Barrier","Headbutt","Shockwave+1","Searing Blow+12"],"relics":["Burning Blood","NeowsBlessing","Omamori","Meat on the Bone","Coffee Dripper","Bag of Preparation","Mummified Hand","Lizard Tail","MealTicket","Cursed Key","Question Card","Oddly Smooth Stone","Toolbox","Bottled Flame","InkBottle","Bag of Marbles","DollysMirror"],"acts_visited":["Exordium","TheCity","TheBeyond"],"potions_floor_usage":[55,55],"damage_taken":[{"damage":0.0,"enemies":"Cultist","floor":1.0,"turns":1.0},{"damage":0.0,"enemies":"Small Slimes","floor":2.0,"turns":1.0},{"damage":0.0,"enemies":"3 Sentries","floor":7.0,"turns":2.0},{"damage":7.0,"enemies":"Jaw Worm","floor":9.0,"turns":4.0},{"damage":2.0,"enemies":"Blue Slaver","floor":11.0,"turns":2.0},{"damage":19.0,"enemies":"Gremlin Gang","floor":12.0,"turns":6.0},{"damage":3.0,"enemies":"Large Slime","floor":15.0,"turns":6.0},{"damage":0.0,"enemies":"2 Fungi Beasts","floor":16.0,"turns":4.0},{"damage":14.0,"enemies":"The Guardian","floor":19.0,"turns":9.0},{"damage":17.0,"enemies":"Chosen","floor":21.0,"turns":4.0},{"damage":10.0,"enemies":"Shell Parasite","floor":23.0,"turns":3.0},{"damage":2.0,"enemies":"Centurion and Healer","floor":24.0,"turns":8.0},{"damage":40.0,"enemies":"Slavers","floor":27.0,"turns":6.0},{"damage":0.0,"enemies":"Snecko","floor":32.0,"turns":4.0},{"damage":11.0,"enemies":"Book of Stabbing","floor":35.0,"turns":4.0},{"damage":41.0,"enemies":"Champ","floor":37.0,"turns":9.0},{"damage":0.0,"enemies":"Orb Walker","floor":39.0,"turns":2.0},{"damage":0.0,"enemies":"3 Shapes","floor":43.0,"turns":8.0},{"damage":26.0,"enemies":"Reptomancer","floor":45.0,"turns":3.0},{"damage":8.0,"enemies":"Maw","floor":47.0,"turns":4.0},{"damage":0.0,"enemies":"Spire Growth","floor":51.0,"turns":1.0},{"damage":0,"enemies":"Time Eater","floor":55,"turns":1}],"seed_played":"-1460090827603723195","potions_obtained":[{"floor":2.0,"key":"Dexterity Potion"},{"floor":9.0,"key":"Fire Potion"},{"floor":11.0,"key":"BloodPotion"},{"floor":12.0,"key":"PowerPotion"},{"floor":23.0,"key":"Weak Potion"},{"floor":35.0,"key":"Weak Potion"},{"floor":37.0,"key":"SteroidPotion"},{"floor":45.0,"key":"ColorlessPotion"},{"floor":47.0,"key":"Dexterity Potion"}],"is_trial":false,"path_per_floor":["M","M","$","?","$","R","E","R","M","T","M","M","R","$","M","M","R","R","B",null,"M","?","M","M","?","R","E","R","T","R","?","M","R","T","E","R","B",null,"M","?","T","$","M","R","E","R","M","T","$","$","M","R","$","R","B",null],"character_chosen":"IRONCLAD","items_purchased":["Armaments","DuplicationPotion","Oddly Smooth Stone","Toolbox","Bag of Marbles","DuplicationPotion","DollysMirror"],"campfire_rested":0,"item_purchase_floors":[3,42,42,42,49,49,53],"current_hp_per_floor":[74,75,75,52,52,52,58,58,57,57,61,67,67,67,73,82,82,82,74,82,74,74,73,80,52,52,33,33,33,33,33,55,55,55,62,62,39,89,98,98,98,106,110,110,93,93,94,94,109,116,119,119,119,119,119],"gold":159,"neow_bonus":"THREE_ENEMY_KILL","is_daily":false,"chose_seed":false,"campfire_upgraded":14,"win_rate":0.0,"timestamp":1610909447,"path_taken":["M","M","?","?","$","R","E","R","M","T","M","M","R","?","M","M","R","R","BOSS","M","?","?","M","?","R","E","R","T","R","?","M","R","?","E","R","BOSS","M","?","?","$","M","R","E","R","M","T","?","$","M","R","$","R","BOSS"],"items_purchased_type":["Card","Potion","Relic","Relic","Relic","Potion","Relic"],"build_version":"2020-12-22","purchased_purges":5,"victory":true,"max_hp_per_floor":[75,75,75,75,75,75,75,75,75,75,75,79,79,79,82,85,85,85,85,85,88,88,91,94,99,99,102,102,102,102,102,106,106,106,106,106,106,106,109,109,109,106,110,110,113,113,116,116,116,116,119,119,119,119,119],"card_choices":[{"not_picked":["Perfected Strike","Armaments"],"picked":"Searing Blow","floor":1.0},{"not_picked":["Sword Boomerang","Heavy Blade"],"picked":"Shrug It Off","floor":2.0},{"not_picked":["Carnage","Feel No Pain","Dropkick"],"picked":"SKIP","floor":7.0},{"not_picked":["Havoc","Wild Strike"],"picked":"Shrug It Off","floor":9.0},{"not_picked":["Dropkick","Iron Wave"],"picked":"Feed","floor":11.0},{"not_picked":["Dropkick","Carnage","Iron Wave"],"picked":"SKIP","floor":12.0},{"not_picked":["Thunderclap","Warcry","Clothesline"],"picked":"SKIP","floor":15.0},{"not_picked":["Feel No Pain","Seeing Red"],"picked":"Shockwave","floor":16.0},{"not_picked":["Immolate","Fiend Fire"],"picked":"Double Tap","floor":19.0},{"not_picked":["Sword Boomerang","Feel No Pain"],"picked":"Flame Barrier","floor":21.0},{"not_picked":["Pommel Strike","Heavy Blade","Iron Wave"],"picked":"SKIP","floor":23.0},{"not_picked":["Metallicize","Heavy Blade+1"],"picked":"Headbutt","floor":24.0},{"not_picked":["Rage","Twin Strike","Shockwave"],"picked":"SKIP","floor":27.0},{"not_picked":["Flame Barrier","Rampage","Thunderclap"],"picked":"SKIP","floor":32.0},{"not_picked":["Evolve","Juggernaut","Inflame"],"picked":"SKIP","floor":35.0},{"not_picked":["Evolve","Juggernaut","Inflame"],"picked":"SKIP","floor":35.0},{"not_picked":["Headbutt","Power Through+1","Sword Boomerang"],"picked":"SKIP","floor":39.0},{"not_picked":["Flex","Demon Form","Armaments"],"picked":"Shockwave+1","floor":43.0},{"not_picked":["Warcry","Seeing Red","Intimidate+1","Wild Strike"],"picked":"SKIP","floor":45.0},{"not_picked":["Sword Boomerang","Shrug It Off","Disarm","Wild Strike"],"picked":"SKIP","floor":47.0},{"not_picked":["Sword Boomerang","Shrug It Off","Disarm","Wild Strike"],"picked":"SKIP","floor":47.0},{"not_picked":["Bludgeon","Perfected Strike","Reckless Charge","Havoc"],"picked":"SKIP","floor":51.0}],"player_experience":467829,"relics_obtained":[{"floor":7.0,"key":"Omamori"},{"floor":10.0,"key":"Meat on the Bone"},{"floor":27.0,"key":"Bag of Preparation"},{"floor":29.0,"key":"Mummified Hand"},{"floor":34.0,"key":"Lizard Tail"},{"floor":35.0,"key":"MealTicket"},{"floor":41.0,"key":"Question Card"},{"floor":45.0,"key":"Bottled Flame"},{"floor":48.0,"key":"InkBottle"}],"event_choices":[{"damage_healed":0.0,"max_hp_gain":0.0,"max_hp_loss":0.0,"gold_gain":0.0,"event_name":"Shining Light","player_choice":"Entered Light","floor":4.0,"gold_loss":0.0,"damage_taken":23.0,"cards_upgraded":["Strike_R","Shrug It Off"]},{"damage_healed":0.0,"max_hp_gain":0.0,"max_hp_loss":0.0,"gold_gain":0.0,"event_name":"Match and Keep!","player_choice":"0 cards matched","floor":22.0,"gold_loss":0.0,"damage_taken":0.0,"cards_obtained":[]},{"damage_healed":0.0,"max_hp_gain":5.0,"max_hp_loss":0.0,"gold_gain":0.0,"event_name":"Forgotten Altar","player_choice":"Shed Blood","floor":25.0,"gold_loss":0.0,"damage_taken":33.0},{"damage_healed":0.0,"max_hp_gain":0.0,"max_hp_loss":0.0,"gold_gain":0.0,"event_name":"Back to Basics","player_choice":"Simplicity","floor":31.0,"gold_loss":0.0,"damage_taken":0.0,"cards_upgraded":["Strike_R","Strike_R","Defend_R","Defend_R","Defend_R","Defend_R"]},{"damage_healed":0.0,"max_hp_gain":0.0,"max_hp_loss":0.0,"gold_gain":999.0,"event_name":"MindBloom","player_choice":"Gold","floor":40.0,"gold_loss":0.0,"damage_taken":0.0,"cards_obtained":["Normality","Normality"]}],"is_beta":false,"boss_relics":[{"not_picked":["SacredBark","Astrolabe"],"picked":"Coffee Dripper"},{"not_picked":["Philosopher\u0027s Stone","Black Blood"],"picked":"Cursed Key"}],"items_purged_floors":[5,14,42,49,50],"is_endless":false,"potions_floor_spawned":[2,9,11,12,19,21,23,35,37,43,45,47],"ascension_level":19}}