{"host":"51fyd6gkml7xavq8","time":1610912007,"event":{"mods":["BaseMod","BetterRewards","Colored Map","Energized Spire","Infinite Spire","Minty Spire (QoL Compilation)","Replay The Spire","Shop Mod","Spicy Shops","StSLib","The Blue Laboratory","[IsaacMod]????"],"gold_per_floor":[118,42,55,230,230,230,261,293,330,367,379,411,453,483,495,612,624,655,287,299,27,27,27,53,53,78,95,95,115,140,140,140,242,242,252,252,27,47,59,59,70,105,130,130,156,168,241,241,241,241],"floor_reached":51,"language":"ENG","playtime":4307,"items_purged":["Sickly","Doubt","Dualcast","Zap","Strike_B","Defend_B"],"score":1503,"play_id":"e11c4c86-a680-4fba-9a06-b1d285c88391","local_time":"20210117163327","is_ascension_mode":true,"campfire_choices":[{"data":"Madness","floor":6.0,"key":"SMITH"},{"data":"ReplayTheSpireMod:Chaos Vortex","floor":15.0,"key":"SMITH"},{"data":"ReplayTheSpireMod:Fabricate Wheel","floor":23.0,"key":"SMITH"},{"data":"Defragment","floor":25.0,"key":"SMITH"},{"data":"Buffer","floor":28.0,"key":"SMITH"},{"data":"Self Repair","floor":32,"key":"SMITH"},{"floor":40,"key":"REST"},{"data":"Defragment","floor":44,"key":"SMITH"},{"data":"Defragment","floor":49,"key":"SMITH"}],"circlet_count":0,"master_deck":["Defend_B","Defend_B","EpicFetus+1","Madness+1","Self Repair","Cold Snap+1","ReplayTheSpireMod:Chaos Vortex+1","Self Repair+1","Buffer+1","CurseOfTheBell","Defragment+1","EpicFetus+1","All For One+1","Cold Snap+1","Core Surge+1","Defragment+1","Defragment+1","Echo Form","Defragment+1","Capacitor"],"relics":["HushsDoor","D6","ReplayTheSpireMod:CursedCoin","MerchantsRug","PokeGo","Prayer Wheel","ReplayTheSpireMod:Lightbulb","Prayer Wheel","Pen Nib","Molten Egg 2","MealTicket","GnawedLeaf","Ginger","Pantograph","Replay:Blank Codex","Juzu Bracelet","Prayer Wheel","ReplayFunnel","Lantern","Prayer Wheel","Centennial Puzzle","Nunchaku","infinitespire:Bottled Soul"],"acts_visited":["Exordium","TheCity","TheBeyond"],"potions_floor_usage":[38],"damage_taken":[{"damage":6.0,"enemies":"Cultist","floor":1.0,"turns":4.0},{"damage":12.0,"enemies":"Jaw Worm","floor":3.0,"turns":4.0},{"damage":14.0,"enemies":"Replay:BlueRogue","floor":7.0,"turns":5.0},{"damage":5.0,"enemies":"Small Slimes","floor":8.0,"turns":4.0},{"damage":26.0,"enemies":"3 Sentries","floor":10.0,"turns":4.0},{"damage":8.0,"enemies":"Looter","floor":12.0,"turns":3.0},{"damage":0.0,"enemies":"Lagavulin","floor":13.0,"turns":5.0},{"damage":0.0,"enemies":"2 Fungi Beasts","floor":14.0,"turns":3.0},{"damage":0.0,"enemies":"Slime Boss","floor":16.0,"turns":4.0},{"damage":0.0,"enemies":"Chosen","floor":18.0,"turns":5.0},{"damage":0.0,"enemies":"3 Byrds","floor":20.0,"turns":4.0},{"damage":3.0,"enemies":"Replay:Snechameleon","floor":24.0,"turns":3.0},{"damage":0.0,"enemies":"Shelled Parasite and Fungi","floor":27.0,"turns":3.0},{"damage":0.0,"enemies":"Centurion and Healer","floor":29.0,"turns":6.0},{"damage":6.0,"enemies":"Gremlin Leader","floor":30.0,"turns":6.0},{"damage":22,"enemies":"Champ","floor":33,"turns":10},{"damage":14,"enemies":"Orb Walker","floor":35,"turns":4},{"damage":23,"enemies":"3 Darklings","floor":38,"turns":5},{"damage":50,"enemies":"Jaw Worm Horde","floor":39,"turns":7},{"damage":10,"enemies":"Writhing Mass","floor":41,"turns":9},{"damage":0,"enemies":"R_Hoarder","floor":42,"turns":6},{"damage":0,"enemies":"Reptomancer","floor":45,"turns":4},{"damage":0,"enemies":"Maw","floor":46,"turns":7},{"damage":38,"enemies":"Time Eater","floor":50,"turns":11}],"seed_played":"2743223230592440833","potions_obtained":[{"floor":8.0,"key":"blueLaboratory:BottledHope"},{"floor":12.0,"key":"Adrenaline Potion"},{"floor":14.0,"key":"ColorlessPotion"},{"floor":18.0,"key":"SteroidPotion"},{"floor":20.0,"key":"SkillPotion"},{"floor":30.0,"key":"blueLaboratory:RecallPotion"},{"floor":33,"key":"blueLaboratory:HummingbirdPotion"},{"floor":35,"key":"PotionOfCapacity"},{"floor":37,"key":"blueLaboratory:RecallPotion"},{"floor":37,"key":"blueLaboratory:HorrorPotion"},{"floor":37,"key":"FearPotion"},{"floor":37,"key":"blueLaboratory:ImpenetrablePotion"},{"floor":37,"key":"SpeedPotion"},{"floor":45,"key":"blueLaboratory:PhilterOfMotion"},{"floor":46,"key":"blueLaboratory:CoolantVial"}],"is_trial":false,"path_per_floor":["M","$","M","?","AVR","R","E","M","T","E","?","M","E","M","R","B",null,"M","$","M","$","?","R","E","R","T","M","R","M","E","?","R","B",null,"M","?","$","M","M","R","M","E","T","R","E","M","$","?","R","B",null],"character_chosen":"DEFECT","items_purchased":["Madness","ReplayTheSpireMod:CursedCoin","Self Repair","MerchantsRug","PokeGo","ReplayTheSpireMod:Fabricate Wheel","Pantograph","Omamori","DollysMirror","ReplayTheSpireMod:Fabricate Wheel","Cauldron","Lantern","Defragment","Capacitor"],"campfire_rested":1,"item_purchase_floors":[0,0,0,0,0,2,19,19,21,21,37,37,37,47],"current_hp_per_floor":[60,60,55,55,55,55,55,57,57,38,38,37,44,51,51,58,71,75,75,75,75,59,59,63,63,63,70,70,70,75,69,69,70,57,57,57,57,51,11,28,32,39,39,39,39,53,57,57,57,36],"gold":241,"neow_bonus":"","is_daily":false,"chose_seed":false,"campfire_upgraded":8,"win_rate":0.0,"timestamp":1610912007,"path_taken":["M","?","M","?","$","R","E","?","T","E","?","M","E","M","R","BOSS","M","$","M","$","?","R","E","R","T","M","R","M","E","?","R","BOSS","M","?","$","M","M","R","M","E","T","R","E","M","$","?","R","BOSS"],"items_purchased_type":["Card","Relic","Card","Relic","Relic","Card","Relic","Relic","Relic","Card","Relic","Relic","Card","Card"],"build_version":"2020-12-22","purchased_purges":6,"victory":true,"max_hp_per_floor":[75,75,75,75,75,75,75,75,75,75,75,75,75,75,75,75,75,75,75,75,75,75,75,75,75,75,75,75,75,75,75,75,75,57,57,57,57,57,57,57,57,57,57,57,57,57,57,57,57,57],"card_choices":[{"not_picked":[],"picked":"EpicFetus","floor":0.0},{"not_picked":["Gash","Panic Button","Go for the Eyes"],"picked":"SKIP","floor":1.0},{"not_picked":["Gash","Tempest"],"picked":"Cold Snap","floor":3.0},{"not_picked":["Conserve Battery","Blizzard","Rip and Tear"],"picked":"SKIP","floor":3.0},{"not_picked":["Coolheaded","Static Discharge","Sweeping Beam"],"picked":"SKIP","floor":7.0},{"not_picked":["Pulse","Hello World"],"picked":"ReplayTheSpireMod:Fabricate Wheel","floor":8.0},{"not_picked":["Stack","Turbo","Fusion"],"picked":"SKIP","floor":8.0},{"not_picked":["Go for the Eyes","ReplaySolidLightProjector","All For One"],"picked":"SKIP","floor":10.0},{"not_picked":["Streamline","Ball Lightning","Recycle"],"picked":"SKIP","floor":12.0},{"not_picked":["BasicCrystalCard","Steam Power","FTL"],"picked":"SKIP","floor":12.0},{"not_picked":["Beam Cell","Conserve Battery","Scrape"],"picked":"SKIP","floor":12.0},{"not_picked":["Beam Cell+1","Static Discharge","Stack"],"picked":"SKIP","floor":13.0},{"not_picked":["Steam","Leap"],"picked":"Self Repair","floor":14.0},{"not_picked":["BasicCrystalCard","Hologram","Blizzard+1"],"picked":"SKIP","floor":14.0},{"not_picked":["ReplaySort","Stack","Redo"],"picked":"SKIP","floor":14.0},{"not_picked":["Reboot","Electrodynamics"],"picked":"Buffer","floor":16.0},{"not_picked":["Pulse+1","Sweeping Beam+1","Rebound+1"],"picked":"SKIP","floor":18.0},{"not_picked":["Turbo+1","Beam Cell+1","ReplayTheSpireMod:Omega Cannon+1"],"picked":"SKIP","floor":18.0},{"not_picked":["Barrage+1","Rebound+1","Ball Lightning+1"],"picked":"SKIP","floor":18.0},{"not_picked":["Pulse+1","Sweeping Beam+1","Rebound+1"],"picked":"SKIP","floor":18.0},{"not_picked":["Turbo+1","Beam Cell+1","ReplayTheSpireMod:Omega Cannon+1"],"picked":"SKIP","floor":18.0},{"not_picked":["Barrage+1","Rebound+1","Ball Lightning+1"],"picked":"SKIP","floor":18.0},{"not_picked":["Go for the Eyes+1","Sweeping Beam+1"],"picked":"Defragment","floor":20.0},{"not_picked":["Distribution","Reprogram","Panic Button"],"picked":"SKIP","floor":20.0},{"not_picked":["Go for the Eyes+1","White Noise","Hologram"],"picked":"SKIP","floor":20.0},{"not_picked":["ReplayTheSpireMod:Omega Cannon+1","Go for the Eyes+1","Coolheaded"],"picked":"SKIP","floor":24.0},{"not_picked":["Skim+1","Panic Button","Barrage+1"],"picked":"SKIP","floor":27.0},{"not_picked":["Lockon+1","Go for the Eyes+1","Gash+1"],"picked":"SKIP","floor":27.0},{"not_picked":["Rebound+1","Turbo","Gash+1"],"picked":"SKIP","floor":27.0},{"not_picked":["Heatsinks+1","Ball Lightning+1"],"picked":"Cold Snap+1","floor":29.0},{"not_picked":["Creative AI","ReplayTheSpireMod:GoodbyeWorld+1","Rebound+1"],"picked":"SKIP","floor":29.0},{"not_picked":["Stack+1","Hologram","Leap"],"picked":"SKIP","floor":29.0},{"not_picked":["Hello World+1","Coolheaded+1","Rebound+1"],"picked":"SKIP","floor":29.0},{"not_picked":["ReplaySort+1","Sweeping Beam+1","Conserve Battery"],"picked":"SKIP","floor":30.0},{"not_picked":["All For One+1","ReplayRNGCard"],"picked":"Core Surge+1","floor":33},{"not_picked":["Heatsinks","Fusion"],"picked":"Defragment+1","floor":35},{"not_picked":["Redo+1","Panic Button+1","Pulse+1"],"picked":"SKIP","floor":35},{"not_picked":["Pulse","Redo+1","BasicCrystalCard+1"],"picked":"SKIP","floor":35},{"not_picked":["Storm+1","Panic Button+1","Reinforced Body"],"picked":"SKIP","floor":35},{"not_picked":["Leap","Beam Cell+1"],"picked":"Echo Form","floor":38},{"not_picked":["Rebound+1","Tempest+1","Coolheaded+1"],"picked":"SKIP","floor":38},{"not_picked":["Steam","Panic Button+1","Redo"],"picked":"SKIP","floor":38},{"not_picked":["Gash+1","Cold Snap+1","Stack"],"picked":"SKIP","floor":38},{"not_picked":["Lockon+1","Cold Snap+1"],"picked":"ReplayTheSpireMod:Fabricate Wheel","floor":39},{"not_picked":["Auto Shields","Rip and Tear+1","Stack"],"picked":"SKIP","floor":39},{"not_picked":["Ball Lightning+1","ReplayTheSpireMod:GoodbyeWorld","Rebound+1"],"picked":"SKIP","floor":39},{"not_picked":["Coolheaded+1","Cold Snap+1","Beam Cell+1"],"picked":"SKIP","floor":39},{"not_picked":["BasicCrystalCard+1","ReplayTheSpireMod:System Scan+1","BootSequence+1"],"picked":"SKIP","floor":41},{"not_picked":["Sweeping Beam+1","Turbo","Go for the Eyes+1"],"picked":"SKIP","floor":41},{"not_picked":["Rebound+1","Gash+1","Conserve Battery"],"picked":"SKIP","floor":41},{"not_picked":["Compile Driver+1","Heatsinks+1","Streamline+1"],"picked":"SKIP","floor":41},{"not_picked":["Steam","Streamline+1","Chaos+1"],"picked":"SKIP","floor":41},{"not_picked":["Chill+1","Compile Driver+1"],"picked":"Defragment","floor":42},{"not_picked":["Coolheaded+1","Fusion","Amplify"],"picked":"SKIP","floor":45},{"not_picked":["Barrage+1","Turbo","Ball Lightning+1"],"picked":"SKIP","floor":46},{"not_picked":["White Noise","Cold Snap+1","Darkness"],"picked":"SKIP","floor":46},{"not_picked":["Coolheaded+1","ReplaySolidLightProjector+1","Stack"],"picked":"SKIP","floor":46},{"not_picked":["ReplayTheSpireMod:Reroute Power","Turbo","Panic Button+1"],"picked":"SKIP","floor":46},{"not_picked":["Ball Lightning+1","Consume+1","Reboot"],"picked":"SKIP","floor":46}],"player_experience":575439,"relics_obtained":[{"floor":7.0,"key":"MawBank"},{"floor":9.0,"key":"ReplayTheSpireMod:Lightbulb"},{"floor":10.0,"key":"Pen Nib"},{"floor":13.0,"key":"Molten Egg 2"},{"floor":17.0,"key":"MealTicket"},{"floor":17.0,"key":"GnawedLeaf"},{"floor":17.0,"key":"Ginger"},{"floor":22.0,"key":"Replay:Blank Codex"},{"floor":24.0,"key":"Potion Belt"},{"floor":26.0,"key":"Juzu Bracelet"},{"floor":30.0,"key":"ReplayFunnel"},{"floor":42,"key":"Centennial Puzzle"},{"floor":43,"key":"Nunchaku"},{"floor":45,"key":"infinitespire:Bottled Soul"}],"event_choices":[{"damage_healed":0.0,"max_hp_gain":0.0,"max_hp_loss":0.0,"gold_gain":175.0,"event_name":"Liars Game","player_choice":"AGREE","floor":4.0,"gold_loss":0.0,"damage_taken":0.0,"cards_obtained":["Doubt"]},{"damage_healed":0.0,"max_hp_gain":0.0,"max_hp_loss":0.0,"gold_gain":0.0,"event_name":"Cursed Tome","player_choice":"Obtained Book","floor":22.0,"gold_loss":0.0,"damage_taken":16.0},{"damage_healed":0,"gold_gain":0,"player_choice":"","damage_taken":6,"max_hp_gain":0,"max_hp_loss":0,"event_name":"Knowing Skull","floor":31,"potions_obtained":[],"gold_loss":0,"cards_obtained":[]},{"damage_healed":0,"gold_gain":0,"player_choice":"Upgraded","damage_taken":0,"max_hp_gain":0,"max_hp_loss":0,"event_name":"Upgrade Shrine","floor":36,"gold_loss":0,"cards_upgraded":["Cold Snap"]},{"damage_healed":0,"gold_gain":0,"player_choice":"Ignored","damage_taken":0,"max_hp_gain":0,"max_hp_loss":0,"event_name":"Tomb of Lord Red Mask","floor":48,"gold_loss":0}],"is_beta":false,"boss_relics":[{"not_picked":["ChewingGum","Kintsugi"],"picked":"Calling Bell"},{"not_picked":[]},{"not_picked":["energizedSpire:NeverEndingSparkler","energizedSpire:StickyHand"],"picked":"Replay:Drink Me"},{"not_picked":[]}],"items_purged_floors":[0,5,19,19,37,47],"is_endless":false,"potions_floor_spawned":[8,12,14,18,20,30,33,35,45,46],"ascension_level":8}}