{"host":"mku5fdaoqz3qihec","time":1610866317,"event":{"mods":["2.2 Compatiblity","AchievementEnabler","Arknights The Spire","BaseMod","Colored Map","Colored Powertips","Minty Spire (QoL Compilation)","Rare Cards Sparkle","StSLib","SuperFastMode"],"gold_per_floor":[117,117,132,57,68,87,117,117,117,128,147,147,47,65,65,161,161,181,181,198,48,60,79,79,79,79],"floor_reached":25,"language":"KOR","playtime":882,"items_purged":["ats:Defend","ats:Strike V","ats:Poison Spread"],"score":197,"play_id":"a9d53d07-0967-400b-9033-caa8a3364385","local_time":"20210117155157","is_ascension_mode":false,"campfire_choices":[{"data":"ats:Soul Rend","floor":8.0,"key":"SMITH"},{"data":"ats:Emotion Absorption","floor":12.0,"key":"SMITH"},{"data":"ats:Cat Scratch","floor":15.0,"key":"SMITH"},{"data":"ats:Blood Oath","floor":24,"key":"SMITH"}],"circlet_count":0,"master_deck":["ats:Armor Crushing Shot","ats:Emotion Absorption+1","ats:Soul Rend+1","ats:Curse Doll","ats:Shell Defense","ats:Cat Scratch+1","ats:Powerful Strike","ats:Shell Defense","ats:Blood Oath+1","ats:Powerful Strike","ats:Sunburst","ats:Apocalypse","ats:Shell Defense","ats:Cat Scratch+1"],"relics":["ats:Sanity","Mango","Pandora\u0027s Box"],"acts_visited":["Exordium","TheCity"],"potions_floor_usage":[20,22,23],"damage_taken":[{"damage":0.0,"enemies":"2 Louse","floor":1.0,"turns":2.0},{"damage":9.0,"enemies":"Cultist","floor":3.0,"turns":6.0},{"damage":9.0,"enemies":"Jaw Worm","floor":5.0,"turns":4.0},{"damage":17.0,"enemies":"2 Fungi Beasts","floor":6.0,"turns":6.0},{"damage":10.0,"enemies":"Red Slaver","floor":10.0,"turns":3.0},{"damage":12.0,"enemies":"Large Slime","floor":11.0,"turns":8.0},{"damage":5.0,"enemies":"2 Fungi Beasts","floor":14.0,"turns":3.0},{"damage":32.0,"enemies":"Hexaghost","floor":16.0,"turns":9.0},{"damage":17,"enemies":"Spheric Guardian","floor":18,"turns":4},{"damage":19,"enemies":"3 Byrds","floor":20,"turns":5},{"damage":20,"enemies":"Snake Plant","floor":22,"turns":5},{"damage":36,"enemies":"Centurion and Healer","floor":23,"turns":8},{"damage":56,"enemies":"Slavers","floor":25,"turns":5}],"seed_played":"-6568773323210469872","potions_obtained":[{"floor":1.0,"key":"LiquidMemories"},{"floor":6.0,"key":"Fire Potion"},{"floor":10.0,"key":"PowerPotion"},{"floor":11.0,"key":"BlessingOfTheForge"},{"floor":19,"key":"LiquidBronze"},{"floor":19,"key":"LiquidMemories"},{"floor":19,"key":"Ancient Potion"},{"floor":20,"key":"Explosive Potion"}],"is_trial":false,"path_per_floor":["M","?","M","$","M","M","?","R","T","M","M","R","$","M","R","B",null,"M","?","M","$","M","M","R","E"],"character_chosen":"DOCTOR_CLASS","items_purchased":["ats:Shell Defense"],"campfire_rested":0,"item_purchase_floors":[21],"current_hp_per_floor":[65,65,57,57,52,41,41,41,55,47,50,50,50,51,51,43,79,62,62,55,55,47,45,45,0,0],"gold":79,"neow_bonus":"THREE_RARE_CARDS","is_daily":false,"chose_seed":false,"campfire_upgraded":4,"win_rate":0.0,"timestamp":1610866317,"path_taken":["M","?","M","$","M","?","?","R","T","M","M","R","?","M","R","BOSS","M","?","?","$","M","M","R","E"],"items_purchased_type":["Card"],"build_version":"2020-12-22","purchased_purges":3,"victory":false,"max_hp_per_floor":[65,65,65,65,65,65,65,65,79,79,79,79,79,79,79,79,79,79,79,79,79,79,79,79,79,79],"card_choices":[{"not_picked":["ats:Roar Of Ursus","ats:Disruption Kick"],"picked":"ats:Soul Rend","floor":0.0},{"not_picked":["ats:Soul Absorption","ats:Revitalization"],"picked":"ats:Curse Doll","floor":1.0},{"not_picked":["ats:Explosion Area Strengthen","ats:Directed Diagnosis"],"picked":"ats:Shell Defense","floor":3.0},{"not_picked":["ats:Automatic Cover","ats:Magnetic Hammer","ats:Guardian Obelisk"],"picked":"SKIP","floor":5.0},{"not_picked":["ats:Assault Order","ats:Leaping Hammer","ats:LN2 Cannon"],"picked":"SKIP","floor":6.0},{"not_picked":["ats:Shell Defense","ats:Hammer On"],"picked":"ats:Cat Scratch","floor":10.0},{"not_picked":["ats:Revitalization","ats:Curse Doll"],"picked":"ats:Powerful Strike","floor":11.0},{"not_picked":["ats:Assault Order","ats:Consecutive Shot Auto"],"picked":"ats:Shell Defense","floor":14.0},{"not_picked":["ats:Neurotoxin","ats:Leaping Hammer","ats:Steam Pump"],"picked":"SKIP","floor":18},{"not_picked":["ats:Leaping Hammer","ats:Revitalization","ats:Ignite+1"],"picked":"SKIP","floor":20},{"not_picked":["ats:Ignite","ats:Shadow Raid","ats:Hammer On"],"picked":"SKIP","floor":22},{"not_picked":["ats:Revitalization","ats:Calcification"],"picked":"ats:Cat Scratch+1","floor":23}],"player_experience":250522,"relics_obtained":[{"floor":9.0,"key":"Mango"}],"event_choices":[{"cards_removed":["ats:Strike C"],"damage_healed":0.0,"max_hp_gain":0.0,"max_hp_loss":0.0,"gold_gain":0.0,"event_name":"Bonfire Elementals","player_choice":"Offered Basic","floor":2.0,"gold_loss":0.0,"damage_taken":0.0},{"damage_healed":0.0,"max_hp_gain":0.0,"max_hp_loss":0.0,"gold_gain":30.0,"event_name":"Dead Adventurer","player_choice":"Searched \u00271\u0027 times","floor":7.0,"gold_loss":0.0,"damage_taken":0.0},{"damage_healed":0,"gold_gain":0,"player_choice":"Got Potions","damage_taken":0,"max_hp_gain":0,"max_hp_loss":0,"event_name":"Lab","floor":19,"gold_loss":0}],"is_beta":false,"boss_relics":[{"not_picked":["Velvet Choker","Runic Pyramid"],"picked":"Pandora\u0027s Box"}],"items_purged_floors":[4,13,21],"is_endless":false,"potions_floor_spawned":[1,6,10,11,20],"killed_by":"Slavers","ascension_level":0}}