{"host":"jyuuog6ydc2s7nd8","time":1610890620,"event":{"mods":["BaseMod","Better Vampires","Minty Spire (QoL Compilation)","Shop Mod","StSLib","The Hierophant","The Servant 0.9.4","TheBandit","[IsaacMod]ÒÔÈö¼âËþ"],"gold_per_floor":[362,376,426,426,443,472,472,500,527,553,571,606,396,411,411,486,486,505,505,555,565,459,459,459],"floor_reached":23,"language":"ZHS","playtime":609,"items_purged":["Strike_R","Strike_R","Strike_R","Strike_R"],"score":518,"play_id":"df4a6a0d-0f70-465a-8045-a1c7cdb5037c","local_time":"20210117213700","is_ascension_mode":true,"campfire_choices":[{"data":"Pommel Strike","floor":7.0,"key":"SMITH"},{"data":"Bash","floor":15.0,"key":"SMITH"}],"circlet_count":0,"master_deck":["AscendersBane","Strike_R","Defend_R+1","Defend_R","Defend_R","Defend_R","Bash+1","BloodyBrimstone","Pommel Strike+1","Second Wind+1","Dark Embrace","Shrug It Off","Offering","Bloodletting","Fiend Fire","True Grit+1","Body Slam"],"relics":["Burning Blood","HushsDoor","D6","Chaos","War Paint","Gambling Chip","SlaversCollar","Smiling Mask","Mummified Hand","BlankCard","Centennial Puzzle","Incense Burner","GuppysCollar","GuppysTail","SatanicBible"],"acts_visited":["Exordium","TheCity"],"potions_floor_usage":[16],"damage_taken":[{"damage":8.0,"enemies":"2 Louse","floor":1.0,"turns":3.0},{"damage":1.0,"enemies":"Cultist","floor":2.0,"turns":3.0},{"damage":32.0,"enemies":"Hiden Room Battle","floor":3.0,"turns":5.0},{"damage":0.0,"enemies":"Jaw Worm","floor":5.0,"turns":2.0},{"damage":7.0,"enemies":"3 Sentries","floor":6.0,"turns":6.0},{"damage":9.0,"enemies":"Gremlin Nob","floor":8.0,"turns":3.0},{"damage":6.0,"enemies":"2 Fungi Beasts","floor":11.0,"turns":3.0},{"damage":18.0,"enemies":"Lagavulin","floor":12.0,"turns":4.0},{"damage":9.0,"enemies":"Looter","floor":14.0,"turns":1.0},{"damage":9,"enemies":"Hexaghost","floor":16,"turns":3},{"damage":6,"enemies":"3 Byrds","floor":18,"turns":3},{"damage":6,"enemies":"Spheric Guardian","floor":21,"turns":1},{"damage":6,"enemies":"Gremlin Leader","floor":23,"turns":1}],"seed_played":"4392311786137739094","potions_obtained":[{"floor":2.0,"key":"ColorlessPotion"},{"floor":5.0,"key":"Weak Potion"},{"floor":6.0,"key":"Dexterity Potion"},{"floor":16,"key":"FairyPotion"}],"is_trial":false,"path_per_floor":["M","M","?","?","M","E","R","E","T","T","M","E","$","M","R","B",null,"M","?","?","M","$","E"],"character_chosen":"IRONCLAD","items_purchased":["Centennial Puzzle","GuppysCollar","GuppysTail","SatanicBible","Body Slam"],"campfire_rested":0,"item_purchase_floors":[13,17,17,17,22],"current_hp_per_floor":[48,53,12,36,42,41,41,38,38,38,38,26,26,23,23,20,9,9,9,9,9,9,3,3],"gold":459,"neow_bonus":"TWO_FIFTY_GOLD","is_daily":false,"chose_seed":false,"campfire_upgraded":2,"win_rate":0.0,"timestamp":1610890620,"path_taken":["M","M","?","?","?","E","R","E","T","?","M","E","$","M","R","BOSS","M","?","?","M","$","E"],"items_purchased_type":["Relic","Relic","Relic","Relic","Card"],"build_version":"2020-12-22","purchased_purges":4,"victory":false,"max_hp_per_floor":[75,75,72,72,69,66,66,66,66,66,66,63,63,63,63,54,9,9,9,9,9,9,9,9],"card_choices":[{"not_picked":[],"picked":"BloodyBrimstone","floor":0.0},{"not_picked":["Havoc","Body Slam"],"picked":"Pommel Strike","floor":1.0},{"not_picked":["Metallicize","Carnage"],"picked":"Second Wind","floor":2.0},{"not_picked":["Thunderclap","Anger"],"picked":"Dark Embrace","floor":3.0},{"not_picked":["Wild Strike","Clothesline"],"picked":"Shrug It Off","floor":5.0},{"not_picked":["Burning Pact","Cleave"],"picked":"Offering","floor":6.0},{"not_picked":["Shrug It Off","Iron Wave","Spot Weakness"],"picked":"SKIP","floor":8.0},{"not_picked":["True Grit","Headbutt"],"picked":"Bloodletting","floor":11.0},{"not_picked":["Anger","Cleave","Armaments"],"picked":"SKIP","floor":12.0},{"not_picked":["Anger","Headbutt","Twin Strike"],"picked":"SKIP","floor":14.0},{"not_picked":["Reaper","Offering"],"picked":"Fiend Fire","floor":16},{"not_picked":["Heavy Blade","Iron Wave"],"picked":"True Grit+1","floor":18},{"not_picked":["Burning Pact","True Grit","Heavy Blade"],"picked":"SKIP","floor":21}],"player_experience":1832629,"relics_obtained":[{"floor":3.0,"key":"Chaos"},{"floor":3.0,"key":"War Paint"},{"floor":6.0,"key":"Gambling Chip"},{"floor":8.0,"key":"SlaversCollar"},{"floor":9.0,"key":"Smiling Mask"},{"floor":10.0,"key":"Mummified Hand"},{"floor":12.0,"key":"BlankCard"}],"event_choices":[{"damage_healed":0.0,"max_hp_gain":0.0,"max_hp_loss":0.0,"gold_gain":0.0,"event_name":"HidenRoomEvent","player_choice":"Fight","floor":3.0,"gold_loss":0.0,"damage_taken":0.0},{"damage_healed":24.0,"max_hp_gain":0.0,"max_hp_loss":0.0,"gold_gain":0.0,"event_name":"Big Fish","player_choice":"Banana","floor":4.0,"gold_loss":0.0,"damage_taken":0.0},{"damage_healed":0,"gold_gain":0,"player_choice":"Ignored","damage_taken":0,"max_hp_gain":0,"max_hp_loss":0,"event_name":"Vampires","floor":19,"gold_loss":0},{"damage_healed":0,"gold_gain":50,"player_choice":"Stole From Cult","damage_taken":0,"max_hp_gain":0,"max_hp_loss":0,"event_name":"Nest","floor":20,"gold_loss":0}],"is_beta":false,"boss_relics":[{"not_picked":["Tingsha","Girya"],"picked":"Incense Burner"},{"not_picked":[]}],"items_purged_floors":[13,17,17,22],"is_endless":false,"potions_floor_spawned":[2,5,6,16],"killed_by":"Gremlin Leader","ascension_level":20}}