{"host":"sc0o2qwpf9j16a4i","time":1610882374,"event":{"mods":["AchievementEnabler","BaseMod","BetterRewards","Block Reminder","Colored Map","Colored Powertips","Custom Start","Highlight Path","Minty Spire (QoL Compilation)","Relic Stats"],"gold_per_floor":[119,130,145,59,77,77,110,133,210,210,240,240,4,79,79,154,154,166,166,166,166,200,200,28,47,73,73,86,113,30,57,57,130,130,149,39,54,54,69,69,86,115,127,139,139],"floor_reached":44,"language":"ENG","playtime":1906,"items_purged":["Strike_R"],"score":1289,"play_id":"8ef7444a-702d-499c-95b5-e91bf7738773","local_time":"20210117131934","is_ascension_mode":true,"campfire_choices":[{"floor":6,"key":"REST"},{"floor":10,"key":"REST"},{"data":"Feel No Pain","floor":12,"key":"SMITH"},{"data":"Feel No Pain","floor":15,"key":"SMITH"},{"data":"Juggernaut","floor":23,"key":"SMITH"},{"floor":27,"key":"DIG"},{"floor":32,"key":"DIG"},{"floor":40,"key":"DIG"}],"circlet_count":0,"master_deck":["AscendersBane","Strike_R+1","Strike_R+1","Strike_R+1","Defend_R+1","Defend_R+1","Defend_R+1","Defend_R+1","Bash","Feel No Pain+1","Spot Weakness","Flame Barrier","Rampage","Sword Boomerang","Wild Strike","Feel No Pain+1","Shockwave","Clothesline","Battle Trance","Evolve","Flame Barrier","Dark Embrace","Sentinel+1","Juggernaut+1","Dual Wield","Warcry","Ghostly","Ghostly","Ghostly","Shockwave","Impervious","True Grit","Shrug It Off+1","Shockwave","Feel No Pain","Exhume","Fire Breathing+1","Shrug It Off","Body Slam","Uppercut","Warcry","Disarm","Parasite"],"relics":["Burning Blood","Bronze Scales","Prayer Wheel","Medical Kit","Bag of Preparation","Blood Vial","Shovel","Odd Mushroom","Blue Candle","Toy Ornithopter","Philosopher\u0027s Stone","Red Mask","Orichalcum","Bird Faced Urn","InkBottle","Sundial","Regal Pillow","Cursed Key","Red Skull","MawBank"],"acts_visited":["Exordium","TheCity","TheBeyond"],"potions_floor_usage":[7,8,18,31,33,35,42],"damage_taken":[{"damage":6,"enemies":"Cultist","floor":1,"turns":3},{"damage":10,"enemies":"2 Louse","floor":2,"turns":2},{"damage":9,"enemies":"Jaw Worm","floor":3,"turns":4},{"damage":12,"enemies":"Blue Slaver","floor":5,"turns":4},{"damage":13,"enemies":"Lagavulin","floor":7,"turns":6},{"damage":19,"enemies":"The Mushroom Lair","floor":8,"turns":5},{"damage":20,"enemies":"3 Sentries","floor":11,"turns":10},{"damage":10,"enemies":"Hexaghost","floor":16,"turns":11},{"damage":4,"enemies":"3 Byrds","floor":18,"turns":3},{"damage":22,"enemies":"Masked Bandits","floor":22,"turns":7},{"damage":3,"enemies":"Spheric Guardian","floor":25,"turns":6},{"damage":1,"enemies":"Snake Plant","floor":28,"turns":6},{"damage":13,"enemies":"Gremlin Leader","floor":29,"turns":9},{"damage":4,"enemies":"Book of Stabbing","floor":31,"turns":6},{"damage":34,"enemies":"Collector","floor":33,"turns":13},{"damage":11,"enemies":"3 Shapes","floor":35,"turns":4},{"damage":0,"enemies":"Orb Walker","floor":37,"turns":5},{"damage":0,"enemies":"Sphere and 2 Shapes","floor":39,"turns":4},{"damage":4,"enemies":"Spire Growth","floor":41,"turns":7},{"damage":24,"enemies":"Reptomancer","floor":42,"turns":8},{"damage":45,"enemies":"Giant Head","floor":44,"turns":10}],"seed_played":"-8320007125150470953","potions_obtained":[{"floor":3,"key":"FairyPotion"},{"floor":7,"key":"Energy Potion"},{"floor":11,"key":"Block Potion"},{"floor":22,"key":"Fire Potion"},{"floor":29,"key":"Fruit Juice"},{"floor":33,"key":"SkillPotion"},{"floor":35,"key":"Ancient Potion"},{"floor":41,"key":"EssenceOfSteel"}],"is_trial":false,"path_per_floor":["M","M","M","$","M","R","E","?","T","R","E","R","$","?","R","B",null,"M","?","?","?","?","R","$","M","T","R","M","E","$","E","R","B",null,"M","?","M","$","M","R","M","E","T","E"],"character_chosen":"IRONCLAD","items_purchased":["Bronze Scales","Feel No Pain","Spot Weakness","Prayer Wheel","Medical Kit","Bag of Preparation","Blood Vial","Flame Barrier","Rampage","PowerPotion","Sword Boomerang","Evolve","Dark Embrace","Sentinel","Impervious","Feel No Pain"],"campfire_rested":2,"item_purchase_floors":[0,0,0,0,0,0,0,0,0,0,0,4,13,13,24,30],"current_hp_per_floor":[23,21,20,20,16,38,33,22,22,44,32,32,32,21,21,19,61,70,49,49,40,24,24,24,29,29,29,40,35,35,45,45,22,39,42,42,45,45,45,45,45,37,37,0,0],"gold":139,"neow_bonus":"","is_daily":false,"chose_seed":false,"campfire_upgraded":3,"win_rate":0.0,"timestamp":1610882374,"path_taken":["M","M","?","$","M","R","E","?","T","R","E","R","$","?","R","BOSS","M","?","?","?","?","R","?","?","T","R","M","E","$","E","R","BOSS","M","?","M","$","M","R","M","E","T","E"],"items_purchased_type":["Relic","Card","Card","Relic","Relic","Relic","Relic","Card","Card","Potion","Card","Card","Card","Card","Card","Card"],"build_version":"2020-12-22","purchased_purges":1,"victory":false,"max_hp_per_floor":[75,75,75,75,75,75,75,75,75,75,75,75,75,75,75,75,75,75,80,80,40,40,40,40,40,40,40,40,40,40,45,45,45,45,45,45,45,45,45,45,45,45,45,45,45],"relic_stats":{"Regal Pillow":0,"counters":[71,430],"Blue Candle":[3],"Bag of Preparation":[62],"Orichalcum":[204],"Medical Kit":[29],"Cursed Key":1,"MawBank":72,"Burning Blood":224,"Blood Vial":30,"Shovel":3,"Sundial":[4],"Bronze Scales":[476],"Bird Faced Urn":[37],"Prayer Wheel":11,"obtain_stats":[{"Nilry\u0027s Codex":19,"Ginger":0,"Sozu":17,"Blood Vial":0,"HornCleat":14,"Sundial":31,"Strawberry":41,"Prayer Wheel":0,"Philosopher\u0027s Stone":17,"Pear":25,"Blue Candle":9,"Eternal Feather":0,"War Paint":47,"OrangePellets":11,"Shuriken":9,"Bronze Scales":0,"Bird Faced Urn":27,"Snecko Eye":34,"Molten Egg 2":0,"Pandora\u0027s Box":17,"Pocketwatch":34,"Regal Pillow":32,"Torii":26,"Juzu Bracelet":9,"Bag of Preparation":0,"Empty Cage":0,"Smiling Mask":41,"Cursed Key":34,"Burning Blood":0,"Dream Catcher":0,"Shovel":7,"Mummified Hand":14,"Red Mask":22,"Red Skull":8,"InkBottle":29,"Lee\u0027s Waffle":20,"Self Forming Clay":26,"Orichalcum":0,"Odd Mushroom":8,"MawBank":7,"Medical Kit":0,"White Beast Statue":45,"Mercury Hourglass":23,"Calling Bell":34,"Ornamental Fan":8,"Turnip":44,"Art of War":34,"Champion Belt":39,"Toy Ornithopter":11},{"Nilry\u0027s Codex":10,"Ginger":27,"Sozu":9,"Blood Vial":50,"HornCleat":35,"Sundial":64,"Strawberry":46,"Prayer Wheel":50,"Philosopher\u0027s Stone":58,"Pear":39,"Blue Candle":56,"Eternal Feather":27,"War Paint":24,"OrangePellets":33,"Shuriken":5,"Bronze Scales":50,"Bird Faced Urn":61,"Snecko Eye":16,"Molten Egg 2":27,"Pandora\u0027s Box":36,"Pocketwatch":42,"Regal Pillow":64,"Torii":13,"Juzu Bracelet":32,"Bag of Preparation":50,"Empty Cage":0,"Smiling Mask":20,"Cursed Key":65,"Burning Blood":0,"Dream Catcher":27,"Shovel":55,"Mummified Hand":8,"Red Mask":60,"Red Skull":5,"InkBottle":63,"Lee\u0027s Waffle":37,"Self Forming Clay":39,"Orichalcum":27,"Odd Mushroom":56,"MawBank":32,"Medical Kit":50,"White Beast Statue":23,"Mercury Hourglass":12,"Calling Bell":42,"Ornamental Fan":32,"Turnip":47,"Art of War":42,"Champion Belt":45,"Toy Ornithopter":57},{"Nilry\u0027s Codex":54,"Ginger":194,"Sozu":48,"Blood Vial":297,"HornCleat":221,"Sundial":379,"Strawberry":267,"Prayer Wheel":297,"Philosopher\u0027s Stone":342,"Pear":233,"Blue Candle":321,"Eternal Feather":194,"War Paint":136,"OrangePellets":214,"Shuriken":25,"Bronze Scales":297,"Bird Faced Urn":358,"Snecko Eye":96,"Molten Egg 2":194,"Pandora\u0027s Box":225,"Pocketwatch":248,"Regal Pillow":379,"Torii":70,"Juzu Bracelet":211,"Bag of Preparation":297,"Empty Cage":0,"Smiling Mask":117,"Cursed Key":392,"Burning Blood":0,"Dream Catcher":194,"Shovel":316,"Mummified Hand":33,"Red Mask":352,"Red Skull":25,"InkBottle":373,"Lee\u0027s Waffle":228,"Self Forming Clay":233,"Orichalcum":194,"Odd Mushroom":321,"MawBank":211,"Medical Kit":297,"White Beast Statue":130,"Mercury Hourglass":65,"Calling Bell":248,"Ornamental Fan":211,"Turnip":273,"Art of War":248,"Champion Belt":259,"Toy Ornithopter":331}],"Toy Ornithopter":17,"InkBottle":[19]},"card_choices":[{"not_picked":["Pommel Strike","Dual Wield"],"picked":"Wild Strike","floor":1},{"not_picked":["Clothesline","Rampage"],"picked":"Feel No Pain","floor":1},{"not_picked":["Battle Trance","Sword Boomerang"],"picked":"Shockwave","floor":2},{"not_picked":["Perfected Strike","Pommel Strike","Anger"],"picked":"SKIP","floor":2},{"not_picked":["Pommel Strike","Sword Boomerang"],"picked":"Clothesline","floor":3},{"not_picked":["Brutality","Warcry"],"picked":"Battle Trance","floor":3},{"not_picked":["Flex","Intimidate"],"picked":"Flame Barrier","floor":5},{"not_picked":["Flame Barrier","Thunderclap","Warcry"],"picked":"SKIP","floor":5},{"not_picked":["Heavy Blade","Pommel Strike","Wild Strike"],"picked":"SKIP","floor":7},{"not_picked":["Infernal Blade","Combust","Rupture"],"picked":"SKIP","floor":11},{"not_picked":["Immolate","Brutality"],"picked":"Juggernaut","floor":16},{"not_picked":["Combust","Clothesline"],"picked":"Dual Wield","floor":18},{"not_picked":["Thunderclap","Dark Embrace"],"picked":"Warcry","floor":18},{"not_picked":["Flex","Rampage"],"picked":"Shockwave","floor":22},{"not_picked":["Heavy Blade","Clash"],"picked":"True Grit","floor":25},{"not_picked":["Bloodletting","Fiend Fire"],"picked":"Shrug It Off+1","floor":25},{"not_picked":["Headbutt","Pommel Strike"],"picked":"Shockwave","floor":28},{"not_picked":["Iron Wave+1","Whirlwind","Rupture"],"picked":"SKIP","floor":28},{"not_picked":["Sword Boomerang","Flex","Bludgeon"],"picked":"SKIP","floor":29},{"not_picked":["Metallicize","Infernal Blade","Bloodletting"],"picked":"SKIP","floor":31},{"not_picked":["Fiend Fire","Demon Form"],"picked":"Exhume","floor":33},{"not_picked":["Warcry","Reckless Charge"],"picked":"Fire Breathing+1","floor":35},{"not_picked":["Sentinel","Hemokinesis","Shockwave"],"picked":"SKIP","floor":35},{"not_picked":["Clash","Whirlwind"],"picked":"Shrug It Off","floor":37},{"not_picked":["Twin Strike","Blood for Blood","Dual Wield"],"picked":"SKIP","floor":37},{"not_picked":["Second Wind","Flex"],"picked":"Body Slam","floor":39},{"not_picked":["Dark Embrace","Anger+1","Wild Strike"],"picked":"SKIP","floor":39},{"not_picked":["Pommel Strike","Dark Embrace+1"],"picked":"Uppercut","floor":41},{"not_picked":["Wild Strike","Iron Wave"],"picked":"Warcry","floor":41},{"not_picked":["Twin Strike+1","Anger"],"picked":"Disarm","floor":42}],"player_experience":684674,"relics_obtained":[{"floor":7,"key":"Shovel"},{"floor":8,"key":"Odd Mushroom"},{"floor":9,"key":"Blue Candle"},{"floor":11,"key":"Toy Ornithopter"},{"floor":22,"key":"Red Mask"},{"floor":26,"key":"Orichalcum"},{"floor":27,"key":"Bird Faced Urn"},{"floor":29,"key":"InkBottle"},{"floor":31,"key":"Sundial"},{"floor":32,"key":"Regal Pillow"},{"floor":40,"key":"Red Skull"},{"floor":42,"key":"MawBank"}],"event_choices":[{"damage_healed":0,"gold_gain":0,"player_choice":"Fought Mushrooms","damage_taken":0,"max_hp_gain":0,"max_hp_loss":0,"event_name":"Mushrooms","floor":8,"gold_loss":0},{"damage_healed":0,"gold_gain":75,"player_choice":"Gather Gold","damage_taken":11,"max_hp_gain":0,"max_hp_loss":0,"event_name":"World of Goop","floor":14,"gold_loss":0},{"damage_healed":0,"gold_gain":0,"player_choice":"Shed Blood","damage_taken":26,"max_hp_gain":5,"max_hp_loss":0,"event_name":"Forgotten Altar","floor":19,"gold_loss":0},{"damage_healed":0,"gold_gain":0,"player_choice":"Simplicity","damage_taken":0,"max_hp_gain":0,"max_hp_loss":0,"event_name":"Back to Basics","floor":20,"gold_loss":0,"cards_upgraded":["Strike_R","Strike_R","Strike_R","Strike_R","Defend_R","Defend_R","Defend_R","Defend_R"]},{"damage_healed":0,"gold_gain":0,"player_choice":"Became a Ghost","damage_taken":0,"max_hp_gain":0,"max_hp_loss":40,"event_name":"Ghosts","floor":21,"gold_loss":0,"cards_obtained":["Ghostly","Ghostly","Ghostly"]},{"damage_healed":0,"gold_gain":0,"player_choice":"Fought Bandits","damage_taken":0,"max_hp_gain":0,"max_hp_loss":0,"event_name":"Masked Bandits","floor":22,"gold_loss":0},{"cards_removed":["Strike_R"],"damage_healed":0,"gold_gain":0,"player_choice":"Upgrade and Remove","damage_taken":0,"max_hp_gain":0,"max_hp_loss":0,"event_name":"Designer","floor":36,"gold_loss":110,"cards_upgraded":["Sentinel"]}],"is_beta":false,"boss_relics":[{"not_picked":["Runic Cube","Empty Cage"],"picked":"Philosopher\u0027s Stone"},{"not_picked":["Calling Bell","Velvet Choker"],"picked":"Cursed Key"}],"items_purged_floors":[13],"is_endless":false,"potions_floor_spawned":[3,7,11,16,22,25,29,33,35,41],"killed_by":"Giant Head","ascension_level":20}}