{"host":"ny1uxs7aco9qql8p","time":1610916769,"event":{"mods":["AchievementEnabler","Alarm Clock","BaseMod","Bestiary","Colored Map","Colored Powertips","DeckTracker","Filter the Spire","Highlight Path","Minty Spire (QoL Compilation)","Permanent Neow","Quick Restart","Rare Cards Sparkle","Relic Stats"],"gold_per_floor":[110,56,74,94,110,110,126,159,159,159,179,354,354,17,17,116,116,130,130,144,161,161,161,189,189,189,114,14,47,47,67,67,172,172,190,190,210,264,264,264,264],"floor_reached":40,"language":"ENG","playtime":4702,"items_purged":["Strike_R"],"score":470,"play_id":"155b8fbb-afa7-44df-9cbd-c416d4d8f599","local_time":"20210117155249","is_ascension_mode":true,"campfire_choices":[{"data":"Demon Form","floor":6.0,"key":"SMITH"},{"data":"Rupture","floor":10.0,"key":"SMITH"},{"floor":15.0,"key":"REST"},{"floor":23.0,"key":"REST"},{"floor":25.0,"key":"REST"},{"floor":30.0,"key":"REST"},{"floor":32.0,"key":"RECALL"}],"circlet_count":0,"master_deck":["Strike_R","Strike_R","Strike_R","Defend_R","Defend_R","Defend_R","Defend_R","Bash","Cleave","Flame Barrier","Shrug It Off","Bloodletting","Demon Form+1","Armaments","Rage","Whirlwind","Carnage","Rupture+1","Blood for Blood","Brutality+1","Cleave","Doubt","Evolve+1","Double Tap","Blood for Blood","Dark Embrace+1","Combust+1","Havoc+1","Dark Embrace+1","Flex+1","Exhume","Writhe","Battle Trance","True Grit","Blood for Blood","Battle Trance","Combust+1","Immolate","Armaments+1","Headbutt","Warcry","Seeing Red+1","Warcry+1"],"relics":["Black Blood","Prayer Wheel","Bag of Preparation","Frozen Egg 2","Blue Candle","Black Star","Mummified Hand","HornCleat","Juzu Bracelet","Self Forming Clay","Omamori","WingedGreaves"],"acts_visited":["Exordium","TheCity","TheBeyond"],"potions_floor_usage":[37,40],"damage_taken":[{"damage":1.0,"enemies":"Cultist","floor":1.0,"turns":4.0},{"damage":0.0,"enemies":"Small Slimes","floor":3.0,"turns":3.0},{"damage":3.0,"enemies":"Jaw Worm","floor":4.0,"turns":2.0},{"damage":5.0,"enemies":"Large Slime","floor":5.0,"turns":10.0},{"damage":3.0,"enemies":"Blue Slaver","floor":7.0,"turns":4.0},{"damage":36.0,"enemies":"Lagavulin","floor":8.0,"turns":9.0},{"damage":8.0,"enemies":"Looter","floor":11.0,"turns":2.0},{"damage":22.0,"enemies":"Slime Boss","floor":16.0,"turns":7.0},{"damage":7.0,"enemies":"3 Byrds","floor":18.0,"turns":4.0},{"damage":23.0,"enemies":"Spheric Guardian","floor":20.0,"turns":4.0},{"damage":26.0,"enemies":"Snecko","floor":21.0,"turns":5.0},{"damage":22.0,"enemies":"Gremlin Leader","floor":24.0,"turns":6.0},{"damage":29.0,"enemies":"Book of Stabbing","floor":29.0,"turns":6.0},{"damage":11.0,"enemies":"Shelled Parasite and Fungi","floor":31.0,"turns":3.0},{"damage":53.0,"enemies":"Automaton","floor":33.0,"turns":7.0},{"damage":4.0,"enemies":"3 Shapes","floor":35.0,"turns":2.0},{"damage":15,"enemies":"Orb Walker","floor":37,"turns":3},{"damage":29,"enemies":"2 Orb Walkers","floor":38,"turns":5},{"damage":63,"enemies":"Nemesis","floor":40,"turns":6}],"seed_played":"4390868392020261295","potions_obtained":[{"floor":3.0,"key":"Block Potion"},{"floor":8.0,"key":"Weak Potion"},{"floor":16.0,"key":"ColorlessPotion"},{"floor":21.0,"key":"ColorlessPotion"},{"floor":24.0,"key":"Swift Potion"},{"floor":33.0,"key":"Explosive Potion"}],"is_trial":false,"path_per_floor":["M","$","M","M","M","R","M","E","T","R","M","?","?","$","R","B",null,"M","?","M","M","?","R","E","R","T","?","$","E","R","M","R","B",null,"M","?","M","?","?","E"],"character_chosen":"IRONCLAD","items_purchased":["Shrug It Off","Blue Candle","Evolve+1","True Grit"],"campfire_rested":4,"item_purchase_floors":[2,14,14,28],"current_hp_per_floor":[61,61,67,70,71,71,74,44,44,44,42,42,42,42,66,50,80,79,79,62,42,42,66,50,74,74,74,74,51,75,70,70,23,80,80,80,77,60,60,0,0],"gold":264,"neow_bonus":"ONE_RARE_RELIC","is_daily":false,"chose_seed":false,"campfire_upgraded":2,"win_rate":0.0,"timestamp":1610916769,"path_taken":["M","?","M","M","M","R","M","E","T","R","M","?","?","$","R","BOSS","M","?","M","M","?","R","E","R","T","?","$","E","R","M","R","BOSS","M","?","M","?","?","E"],"items_purchased_type":["Card","Relic","Card","Card"],"build_version":"2020-12-22","purchased_purges":1,"victory":false,"max_hp_per_floor":[80,80,80,80,80,80,80,80,80,80,80,80,80,80,80,80,80,80,80,80,80,80,80,80,80,80,80,80,80,80,80,80,80,80,80,80,80,80,80,80,80],"relic_stats":{"counters":[19,92],"Mummified Hand":[51],"Self Forming Clay":[126],"Blue Candle":[13],"Black Blood":118,"Prayer Wheel":12,"Bag of Preparation":[26],"Black Star":2,"Juzu Bracelet":0,"obtain_stats":[{"Self Forming Clay":29,"Blue Candle":14,"Black Blood":34,"Bag of Preparation":8,"Juzu Bracelet":24,"Omamori":29,"Frozen Egg 2":9,"Burning Blood":0,"HornCleat":24,"Mummified Hand":22,"Prayer Wheel":0,"WingedGreaves":38,"Black Star":17},{"Self Forming Clay":13,"Blue Candle":7,"Black Blood":15,"Bag of Preparation":6,"Juzu Bracelet":12,"Omamori":13,"Frozen Egg 2":6,"Burning Blood":0,"HornCleat":12,"Mummified Hand":11,"Prayer Wheel":0,"WingedGreaves":18,"Black Star":8},{"Self Forming Clay":66,"Blue Candle":34,"Black Blood":76,"Bag of Preparation":32,"Juzu Bracelet":60,"Omamori":66,"Frozen Egg 2":32,"Burning Blood":0,"HornCleat":60,"Mummified Hand":54,"Prayer Wheel":0,"WingedGreaves":86,"Black Star":41}]},"card_choices":[{"not_picked":["Thunderclap","Clothesline"],"picked":"Cleave","floor":1.0},{"not_picked":["Warcry","Cleave"],"picked":"Flame Barrier","floor":1.0},{"not_picked":["Sword Boomerang","Wild Strike"],"picked":"Bloodletting","floor":3.0},{"not_picked":["Dark Embrace","Iron Wave"],"picked":"Demon Form","floor":3.0},{"not_picked":["Thunderclap","Cleave"],"picked":"Flex","floor":4.0},{"not_picked":["Sword Boomerang","Wild Strike"],"picked":"Armaments","floor":4.0},{"not_picked":["Havoc","Flex"],"picked":"Rage","floor":5.0},{"not_picked":["Iron Wave","Reckless Charge"],"picked":"Whirlwind","floor":5.0},{"not_picked":["Thunderclap","Wild Strike"],"picked":"Carnage","floor":7.0},{"not_picked":["Shrug It Off","Inflame"],"picked":"Rupture","floor":7.0},{"not_picked":["Entrench","Armaments"],"picked":"Blood for Blood","floor":8.0},{"not_picked":["Infernal Blade","Clothesline"],"picked":"Brutality+1","floor":11.0},{"not_picked":["Havoc","Clothesline"],"picked":"Cleave","floor":11.0},{"not_picked":["Corruption+1","Juggernaut+1"],"picked":"Double Tap","floor":16.0},{"not_picked":["Reckless Charge","Anger"],"picked":"Blood for Blood","floor":18.0},{"not_picked":["Clash","Sever Soul+1"],"picked":"Dark Embrace+1","floor":18.0},{"not_picked":["Sentinel","Shrug It Off"],"picked":"Havoc+1","floor":20.0},{"not_picked":["Warcry","Searing Blow+1"],"picked":"Dark Embrace+1","floor":20.0},{"not_picked":["Twin Strike","Thunderclap+1"],"picked":"Flex+1","floor":21.0},{"not_picked":["Ghostly Armor+1","Shrug It Off"],"picked":"Exhume","floor":21.0},{"not_picked":["Carnage","Clash"],"picked":"Battle Trance","floor":24.0},{"not_picked":["Clash","Evolve+1"],"picked":"Blood for Blood","floor":29.0},{"not_picked":["Anger","Wild Strike"],"picked":"Battle Trance","floor":31.0},{"not_picked":["Flex","Sword Boomerang"],"picked":"Combust+1","floor":31.0},{"not_picked":["Exhume","Demon Form+1"],"picked":"Immolate","floor":33.0},{"not_picked":["Sword Boomerang","Anger"],"picked":"Armaments+1","floor":35.0},{"not_picked":["Anger+1","True Grit+1"],"picked":"Headbutt","floor":35.0},{"not_picked":["Clash","Pommel Strike"],"picked":"Warcry","floor":37},{"not_picked":["Carnage","Disarm+1"],"picked":"Seeing Red+1","floor":37},{"not_picked":["Armaments+1","Flex"],"picked":"Warcry+1","floor":38}],"player_experience":224337,"relics_obtained":[{"floor":8.0,"key":"Bag of Preparation"},{"floor":9.0,"key":"Frozen Egg 2"},{"floor":24.0,"key":"HornCleat"},{"floor":24.0,"key":"Juzu Bracelet"},{"floor":29.0,"key":"Self Forming Clay"},{"floor":29.0,"key":"Omamori"},{"floor":38,"key":"WingedGreaves"}],"event_choices":[{"damage_healed":0.0,"max_hp_gain":0.0,"max_hp_loss":0.0,"gold_gain":175.0,"event_name":"Liars Game","player_choice":"AGREE","floor":12.0,"gold_loss":0.0,"damage_taken":0.0,"cards_obtained":["Doubt"]},{"damage_healed":0.0,"max_hp_gain":0.0,"max_hp_loss":0.0,"gold_gain":0.0,"event_name":"Scrap Ooze","player_choice":"Fled","floor":13.0,"gold_loss":0.0,"damage_taken":0.0},{"damage_healed":0.0,"max_hp_gain":0.0,"max_hp_loss":0.0,"gold_gain":0.0,"event_name":"The Library","player_choice":"Read","floor":19.0,"gold_loss":0.0,"damage_taken":0.0,"cards_obtained":["Combust"]},{"damage_healed":0.0,"max_hp_gain":0.0,"max_hp_loss":0.0,"gold_gain":0.0,"event_name":"The Mausoleum","player_choice":"Opened","floor":22.0,"gold_loss":0.0,"damage_taken":0.0,"relics_obtained":["Mummified Hand"],"cards_obtained":["Writhe"]},{"cards_removed":["Strike_R"],"damage_healed":0.0,"max_hp_gain":0.0,"max_hp_loss":0.0,"gold_gain":0.0,"event_name":"Beggar","player_choice":"Gave Gold","floor":27.0,"gold_loss":75.0,"damage_taken":0.0},{"cards_removed":["Flex"],"damage_healed":0.0,"max_hp_gain":0.0,"max_hp_loss":0.0,"gold_gain":0.0,"event_name":"Falling","player_choice":"Removed Skill","floor":36.0,"gold_loss":0.0,"damage_taken":0.0},{"damage_healed":0,"gold_gain":0,"player_choice":"Fight","damage_taken":0,"max_hp_gain":0,"max_hp_loss":0,"event_name":"Mysterious Sphere","floor":38,"gold_loss":0},{"damage_healed":0,"gold_gain":0,"player_choice":"Ignored","damage_taken":0,"max_hp_gain":0,"max_hp_loss":0,"event_name":"Tomb of Lord Red Mask","floor":39,"gold_loss":0}],"is_beta":false,"boss_relics":[{"not_picked":["Coffee Dripper","Tiny House"],"picked":"Black Star"},{"not_picked":["Velvet Choker","Fusion Hammer"],"picked":"Black Blood"}],"items_purged_floors":[28],"is_endless":false,"potions_floor_spawned":[3,8,16,21,24,33],"killed_by":"Nemesis","ascension_level":1}}