{"host":"1zjc08c6hob33401","time":1610848864,"event":{"mods":["AchievementEnabler","Act Like it!","Aspiration","BaseMod","Downfall","Energized Spire","Evolution","Gensokyo","GifTheSpireLib","Hubris","Infinite Spire","Jedi Mod","Minty Spire (QoL Compilation)","Pale of the Ancients","Quick Restart","Retaliation","Shop Mod","StS++","StSLib","Stuff the Spire","The Blue Laboratory","Wandering Minibosses","vexMod"],"gold_per_floor":[114,114,114,129,229,229,245,245,245,264,264,25,39,39,39,136,136,153,453,466,466,274,287,287,287,287],"floor_reached":25,"language":"RUS","playtime":1230,"items_purged":["Strike_P","Alpha"],"score":273,"play_id":"9d43a5fb-08d2-4dd3-bf8d-640c327d930b","local_time":"20210117040104","is_ascension_mode":true,"campfire_choices":[{"floor":6.0,"key":"REST"},{"data":"Consecrate","floor":8.0,"key":"SMITH"},{"data":"Wish","floor":15.0,"key":"SMITH"},{"floor":24,"key":"REST"}],"circlet_count":0,"master_deck":["Strike_P","Strike_P","Defend_P","Defend_P","Eruption","Vigilance","Brilliance+1","SandsOfTime","Consecrate+1","SashWhip","Worship","Wish+1","Prostrate","Establishment","Establishment","Vault","Wish","DevaForm","DeusExMachina","StSpp:Faith","SpiritShield","ConjureBlade","MasterReality","StSpp:VitalPoint","Omniscience","Scrawl","Ragnarok+1","Blasphemy","Judgement","Devotion","jedi:nirvanicrebirth","StSpp:Patience","LessonLearned","Brilliance","Worship+1","infinitespire:Starlight","CarveReality","Gensokyo:ManorOfTheDishes","JustLucky+1"],"relics":["PureWater","EVO:Axolotl","Bag of Marbles","Pear","hubris:Icosahedron","StSpp:CrystalBall","Old Coin"],"acts_visited":["Gensokyo:Gensokyo","Gensokyo:Gensokyoer"],"potions_floor_usage":[],"damage_taken":[{"damage":3.0,"enemies":"Gensokyo:Gryphon","floor":1.0,"turns":3.0},{"damage":0.0,"enemies":"Gensokyo:Python","floor":4.0,"turns":1.0},{"damage":0.0,"enemies":"Gensokyo:3_Fairies","floor":7.0,"turns":3.0},{"damage":1.0,"enemies":"Gensokyo:Gryphon_and_Rabbit","floor":10.0,"turns":3.0},{"damage":0.0,"enemies":"Gensokyo:Python_and_Kodama","floor":13.0,"turns":2.0},{"damage":19.0,"enemies":"Gensokyo:Reimu","floor":16.0,"turns":6.0},{"damage":33.0,"enemies":"Gensokyo:CosmicMonolith","floor":18.0,"turns":3.0},{"damage":0.0,"enemies":"Gensokyo:2_Gloops","floor":20.0,"turns":2.0},{"damage":31,"enemies":"Gensokyo:Slime_Group","floor":23,"turns":3},{"damage":39,"enemies":"Gensokyo:Tenshi","floor":25,"turns":1}],"seed_played":"-5418060733745604900","potions_obtained":[{"floor":1.0,"key":"jedi:mysterypotion"},{"floor":10.0,"key":"blueLaboratory:RememoryPotion"},{"floor":13.0,"key":"SpeedPotion"},{"floor":23,"key":"StSpp:ScatteredPotion"}],"is_trial":false,"path_per_floor":["M","?","?","M","?","R","M","R","T","M","?","$","M","?","R","B",null,"M","AVR","M","?","COS","M","R","E"],"character_chosen":"WATCHER","items_purchased":["Wish"],"campfire_rested":2,"item_purchase_floors":[12],"current_hp_per_floor":[62,34,34,34,34,55,55,55,55,54,49,49,49,49,49,30,69,36,36,36,36,36,5,29,0,0],"gold":287,"neow_bonus":"ONE_RANDOM_RARE_CARD","is_daily":false,"chose_seed":false,"campfire_upgraded":2,"win_rate":0.0,"timestamp":1610848864,"path_taken":["M","?","?","?","?","R","?","R","T","M","?","$","M","?","R","BOSS","M","AVR","M","?","COS","?","R","E"],"items_purchased_type":["Card"],"build_version":"2020-12-22","purchased_purges":2,"victory":false,"max_hp_per_floor":[72,72,72,72,72,72,72,72,72,72,82,82,82,82,82,82,82,82,82,82,82,82,82,82,82,82],"card_choices":[{"not_picked":["ClearTheMind","Evaluate"],"picked":"SandsOfTime","floor":1.0},{"not_picked":["ThirdEye","StSpp:LatentStrike"],"picked":"Consecrate","floor":4.0},{"not_picked":["StSpp:LatentStrike","CrushJoints"],"picked":"SashWhip","floor":7.0},{"not_picked":["Crescendo","EmptyMind"],"picked":"Worship","floor":10.0},{"not_picked":["Weave","FollowUp"],"picked":"Prostrate","floor":13.0},{"not_picked":["Blasphemy","jedi:nirvanicrebirth"],"picked":"Establishment","floor":16.0},{"not_picked":["Crescendo","ThirdEye"],"picked":"Worship+1","floor":18.0},{"not_picked":["FlyingSleeves","Evaluate"],"picked":"CarveReality","floor":20.0},{"not_picked":["Adaptation+1","Evaluate"],"picked":"JustLucky+1","floor":23}],"player_experience":594448,"relics_obtained":[{"floor":9.0,"key":"Bag of Marbles"}],"event_choices":[],"is_beta":false,"boss_relics":[{"not_picked":["Ectoplasm","Runic Pyramid"],"picked":"StSpp:CrystalBall"}],"items_purged_floors":[12,19],"is_endless":false,"potions_floor_spawned":[1,10,13,23],"killed_by":"Gensokyo:Tenshi","ascension_level":6}}