{"host":"ga4s3hj9m6nkn6gp","time":1610842464,"event":{"mods":["AchievementEnabler","BaseMod","Bestiary","Colored Powertips","Highlight Path","Minty Spire (QoL Compilation)","Relic Stats","everything is the same but u backflip on backflip"],"gold_per_floor":[116,116,116,165,90,123,72,103,181,240,240,253,253,253],"floor_reached":13,"language":"ENG","playtime":329,"items_purged":["Regret"],"score":209,"play_id":"5ff0c8d7-ab6a-4398-b4e9-f6fd89b4fb32","local_time":"20210117011424","is_ascension_mode":true,"campfire_choices":[{"data":"Sunder","floor":11,"key":"SMITH"}],"circlet_count":0,"master_deck":["AscendersBane","Strike_B","Strike_B","Strike_B","Strike_B","Defend_B","Defend_B","Defend_B+1","Defend_B","Zap","Dualcast+1","Sunder+1","Capacitor","Ball Lightning","Consume","Coolheaded","Storm+1"],"relics":["Cracked Core","NeowsBlessing","InkBottle","Omamori","Peace Pipe","Dream Catcher","Frozen Egg 2"],"acts_visited":["Exordium"],"potions_floor_usage":[13],"damage_taken":[{"damage":0,"enemies":"Jaw Worm","floor":1,"turns":1},{"damage":0,"enemies":"3 Sentries","floor":6,"turns":1},{"damage":0,"enemies":"Lagavulin","floor":8,"turns":1},{"damage":29,"enemies":"Lagavulin Event","floor":10,"turns":5},{"damage":0,"enemies":"Small Slimes","floor":12,"turns":3},{"damage":30,"enemies":"3 Sentries","floor":13,"turns":2}],"seed_played":"-3480437957319792229","potions_obtained":[{"floor":10,"key":"EssenceOfDarkness"}],"is_trial":false,"path_per_floor":["M","?","?","T","$","E","$","E","T","?","R","M","E"],"character_chosen":"DEFECT","items_purchased":["Ball Lightning"],"campfire_rested":0,"item_purchase_floors":[7],"current_hp_per_floor":[68,68,53,53,53,53,53,53,53,24,24,24,0,0],"gold":253,"neow_bonus":"THREE_ENEMY_KILL","is_daily":false,"chose_seed":false,"campfire_upgraded":1,"win_rate":0.0,"timestamp":1610842464,"path_taken":["M","?","?","?","?","E","$","E","T","?","R","M","E"],"items_purchased_type":["Card"],"build_version":"2020-12-22","purchased_purges":1,"victory":false,"max_hp_per_floor":[75,75,75,75,75,75,75,75,75,75,75,75,75,75],"relic_stats":{"Peace Pipe":0,"Dream Catcher":0,"counters":[6,13],"obtain_stats":[{"Peace Pipe":6,"Dream Catcher":8,"NeowsBlessing":0,"Omamori":4,"Frozen Egg 2":10,"Cracked Core":0,"InkBottle":2},{"Peace Pipe":2,"Dream Catcher":3,"NeowsBlessing":0,"Omamori":1,"Frozen Egg 2":4,"Cracked Core":0,"InkBottle":1},{"Peace Pipe":2,"Dream Catcher":3,"NeowsBlessing":0,"Omamori":1,"Frozen Egg 2":8,"Cracked Core":0,"InkBottle":1}],"InkBottle":[2]},"card_choices":[{"not_picked":["Beam Cell","Undo"],"picked":"Sunder","floor":1},{"not_picked":["Conserve Battery","Streamline"],"picked":"Capacitor","floor":6},{"not_picked":["Genetic Algorithm","Leap"],"picked":"Consume","floor":8},{"not_picked":["Steam Power","Undo"],"picked":"Coolheaded","floor":10},{"not_picked":["Leap","Turbo"],"picked":"Storm+1","floor":12}],"player_experience":642530,"relics_obtained":[{"floor":4,"key":"Omamori"},{"floor":6,"key":"Peace Pipe"},{"floor":8,"key":"Dream Catcher"},{"floor":10,"key":"Frozen Egg 2"}],"event_choices":[{"damage_healed":0,"gold_gain":0,"player_choice":"Box","damage_taken":0,"relics_obtained":["InkBottle"],"max_hp_gain":0,"max_hp_loss":0,"event_name":"Big Fish","floor":2,"gold_loss":0,"cards_obtained":["Regret"]},{"damage_healed":0,"gold_gain":0,"player_choice":"Entered Light","damage_taken":15,"max_hp_gain":0,"max_hp_loss":0,"event_name":"Shining Light","floor":3,"gold_loss":0,"cards_upgraded":["Defend_B","Dualcast"]},{"damage_healed":0,"gold_gain":30,"player_choice":"Searched \u00272\u0027 times","damage_taken":0,"max_hp_gain":0,"max_hp_loss":0,"event_name":"Dead Adventurer","floor":10,"gold_loss":0}],"is_beta":false,"boss_relics":[],"items_purged_floors":[5],"is_endless":false,"potions_floor_spawned":[10],"killed_by":"3 Sentries","ascension_level":10}}