{"host":"2brg86hfzr3u5cix","time":1610860531,"event":{"mods":["AchievementEnabler","Ascension Unlocker","BaseMod","CapriCore","DeckTracker","Highlight Path","Keyboard Shortcuts","Minty Spire (QoL Compilation)","Permanent Neow","Relic Stats","StSLib","Twitch Utils","Uncapped","UnlockEverythingMod"],"gold_per_floor":[113,38,38,113,113,113,125,125,125,125,125],"floor_reached":10,"language":"KOR","playtime":183,"items_purged":["Strike_P"],"score":108,"play_id":"332bcff7-f68e-4ca1-a397-001e97bdba16","local_time":"20210117141531","is_ascension_mode":true,"campfire_choices":[{"data":"Eruption","floor":6.0,"key":"SMITH"}],"circlet_count":0,"master_deck":["AscendersBane","Strike_P","Strike_P+1","Strike_P","Defend_P","Defend_P","Defend_P","Defend_P","Eruption+1","Vigilance+1","Dramatic Entrance","FollowUp","MentalFortress"],"relics":["PureWater","Happy Flower","Pear"],"acts_visited":["Exordium"],"potions_floor_usage":[10],"damage_taken":[{"damage":19.0,"enemies":"Jaw Worm","floor":1.0,"turns":2.0},{"damage":2.0,"enemies":"2 Louse","floor":7.0,"turns":3.0},{"damage":18,"enemies":"3 Sentries","floor":10,"turns":8}],"seed_played":"-2372919993516634577","potions_obtained":[{"floor":1.0,"key":"GamblersBrew"}],"is_trial":false,"path_per_floor":["M","$","?","?","?","R","M","?","T","E"],"character_chosen":"WATCHER","items_purchased":[],"campfire_rested":0,"item_purchase_floors":[],"current_hp_per_floor":[42,42,64,53,33,33,31,13,23,5,5],"gold":125,"neow_bonus":"RANDOM_COLORLESS","is_daily":false,"chose_seed":false,"campfire_upgraded":1,"win_rate":0.0,"timestamp":1610860531,"path_taken":["M","$","?","?","?","R","M","?","T","E"],"items_purchased_type":[],"build_version":"2020-12-22","purchased_purges":1,"victory":false,"max_hp_per_floor":[68,68,68,68,68,68,68,68,78,78,78],"relic_stats":{"Happy Flower":[2],"counters":[3,13],"obtain_stats":[{"Pear":9,"Happy Flower":8,"PureWater":0},{"Pear":2,"Happy Flower":2,"PureWater":0},{"Pear":5,"Happy Flower":5,"PureWater":0}]},"card_choices":[{"not_picked":["Blind","Good Instincts"],"picked":"Dramatic Entrance","floor":0.0},{"not_picked":["Crescendo","JustLucky"],"picked":"FollowUp","floor":1.0},{"not_picked":["EmptyBody","ForeignInfluence"],"picked":"MentalFortress","floor":7}],"player_experience":322376,"relics_obtained":[{"floor":9,"key":"Pear"}],"event_choices":[{"damage_healed":22.0,"max_hp_gain":0.0,"max_hp_loss":0.0,"gold_gain":0.0,"event_name":"Big Fish","player_choice":"Banana","floor":3.0,"gold_loss":0.0,"damage_taken":0.0},{"damage_healed":0.0,"max_hp_gain":0.0,"max_hp_loss":0.0,"gold_gain":75.0,"event_name":"World of Goop","player_choice":"Gather Gold","floor":4.0,"gold_loss":0.0,"damage_taken":11.0},{"damage_healed":0.0,"max_hp_gain":0.0,"max_hp_loss":0.0,"gold_gain":0.0,"event_name":"Shining Light","player_choice":"Entered Light","floor":5.0,"gold_loss":0.0,"damage_taken":20.0,"cards_upgraded":["Strike_P","Vigilance"]},{"damage_healed":0,"gold_gain":0,"player_choice":"Success","damage_taken":18,"relics_obtained":["Happy Flower"],"max_hp_gain":0,"max_hp_loss":0,"event_name":"Scrap Ooze","floor":8,"gold_loss":0}],"is_beta":false,"boss_relics":[],"items_purged_floors":[2],"is_endless":false,"potions_floor_spawned":[1],"killed_by":"3 Sentries","ascension_level":20}}