{"host":"wg29woj1pduqw9vg","time":1610869714,"event":{"mods":["BaseMod","Bestiary","Better Third Choice","Colored Map","Downfall","Highlight Path","Minty Spire (QoL Compilation)","Quick Restart","StSLib"],"gold_per_floor":[99,109,109,119,133,133,182,211,225,238,238,338,372,390,403,403,403],"floor_reached":16,"language":"ENG","playtime":952,"items_purged":[],"score":139,"play_id":"2f00369a-e472-4075-bc7a-a5d3aad908de","local_time":"20210116234834","is_ascension_mode":false,"campfire_choices":[{"data":"bronze:Replicate","floor":1,"key":"SMITH"},{"data":"bronze:CutThrough","floor":11,"key":"SMITH"}],"circlet_count":0,"master_deck":["bronze:Strike","bronze:Strike","bronze:Strike","bronze:Strike","bronze:Defend","bronze:Defend","bronze:Defend","bronze:Defend","bronze:Replicate+1","bronze:Goto","bronze:BronzeOrb","bronze:WhirlingStrike","bronze:DelayedGuard","bronze:CutThrough+1","bronze:DarkDash","bronze:Frontload"],"relics":["bronze:BronzeCore","Potion Belt","InkBottle","Blood Vial"],"acts_visited":["Exordium"],"potions_floor_usage":[6,8,16],"damage_taken":[{"damage":1,"enemies":"Jaw Worm","floor":2,"turns":3},{"damage":0,"enemies":"Cultist","floor":4,"turns":3},{"damage":0,"enemies":"Small Slimes","floor":5,"turns":3},{"damage":30,"enemies":"Lagavulin","floor":8,"turns":6},{"damage":2,"enemies":"Blue Slaver","floor":9,"turns":3},{"damage":14,"enemies":"Large Slime","floor":10,"turns":9},{"damage":13,"enemies":"3 Sentries","floor":13,"turns":8},{"damage":0,"enemies":"2 Fungi Beasts","floor":14,"turns":2},{"damage":0,"enemies":"3 Louse","floor":15,"turns":4},{"damage":37,"enemies":"IC_STATUS_ARCHETYPE","floor":16,"turns":8}],"seed_played":"-8947153460707050981","potions_obtained":[{"floor":4,"key":"bronze:BuildAFunctionPotion"},{"floor":5,"key":"sneckomod:MuddlingPotion"},{"floor":6,"key":"Fruit Juice"},{"floor":6,"key":"champ:CounterPotion"},{"floor":10,"key":"ColorlessPotion"},{"floor":14,"key":"Fire Potion"}],"is_trial":false,"path_per_floor":["R","M","?","M","M","?","T","E","M","M","R","?","E","M","M","B"],"character_chosen":"THE_AUTOMATON","items_purchased":[],"campfire_rested":0,"item_purchase_floors":[],"current_hp_per_floor":[77,76,81,81,81,86,86,56,54,40,40,40,27,29,31,0,0],"gold":403,"neow_bonus":"TEN_PERCENT_HP_BONUS","is_daily":false,"chose_seed":false,"campfire_upgraded":2,"win_rate":0.0,"timestamp":1610869714,"path_taken":["R","M","?","M","M","?","T","E","M","?","R","?","E","M","M","BOSS"],"items_purchased_type":[],"build_version":"2020-12-22","purchased_purges":0,"victory":false,"max_hp_per_floor":[77,77,82,82,82,87,87,87,87,87,87,87,87,87,87,87,87],"card_choices":[{"not_picked":["bronze:DelayedSlice","bronze:Overheat"],"picked":"bronze:BronzeOrb","floor":2},{"not_picked":["bronze:Deprecate","bronze:Shield"],"picked":"bronze:WhirlingStrike","floor":4},{"not_picked":["bronze:GetLatest","bronze:DelayedSlice","bronze:BitShift"],"picked":"SKIP","floor":5},{"not_picked":["bronze:Flail","bronze:Overload"],"picked":"bronze:DelayedGuard","floor":8},{"not_picked":["bronze:Overheat","bronze:OilSpill","bronze:BugBarrage"],"picked":"SKIP","floor":9},{"not_picked":["bronze:BitShift","bronze:Overheat"],"picked":"bronze:CutThrough","floor":10},{"not_picked":["bronze:BuggyMess","bronze:MaxOutput","bronze:CutThrough"],"picked":"SKIP","floor":13},{"not_picked":["bronze:BugBarrage","bronze:Verify"],"picked":"bronze:DarkDash","floor":14},{"not_picked":["bronze:CutThrough","bronze:ChildClass"],"picked":"bronze:Frontload","floor":15}],"player_experience":52381,"relics_obtained":[{"floor":7,"key":"Potion Belt"},{"floor":8,"key":"InkBottle"},{"floor":13,"key":"Blood Vial"}],"event_choices":[{"damage_healed":0,"gold_gain":0,"player_choice":"Donut","damage_taken":0,"max_hp_gain":5,"max_hp_loss":0,"event_name":"Big Fish","floor":3,"gold_loss":0},{"damage_healed":0,"gold_gain":0,"player_choice":"Got Potions","damage_taken":0,"max_hp_gain":0,"max_hp_loss":0,"event_name":"Lab","floor":6,"gold_loss":0}],"is_beta":false,"boss_relics":[],"items_purged_floors":[],"is_endless":false,"potions_floor_spawned":[4,5,10,14],"killed_by":"IC_STATUS_ARCHETYPE","ascension_level":0}}