{"host":"r6jigiblrojhp6xe","time":1610903561,"event":{"mods":["AchievementEnabler","BaseMod","DeckTracker","Minty Spire (QoL Compilation)","Quick Restart","Rare Cards Sparkle","Relic Stats","Replay The Spire","StSLib","SuperFastMode","The Cursed","everything is the same but u backflip on backflip"],"gold_per_floor":[116,141,166,166,166,199,199,219,267,308,328,2,26,62,62,70,70],"floor_reached":16,"language":"KOR","playtime":475,"items_purged":["Strike_R"],"score":282,"play_id":"d02fdebc-5ecd-428d-97d6-e57a076ea2f7","local_time":"20210118021241","is_ascension_mode":true,"campfire_choices":[{"data":"Shockwave","floor":7.0,"key":"SMITH"},{"floor":15,"key":"REST"}],"circlet_count":0,"master_deck":["AscendersBane","Strike_R","Strike_R","Strike_R+1","Strike_R","Defend_R","Defend_R+1","Defend_R","Defend_R","Bash","Shockwave+1","Pommel Strike","Disarm","Feed","Wild Strike","Uppercut"],"relics":["Burning Blood","NeowsBlessing","Replay:Bandana","Matryoshka","Blue Candle","Snack Pack","Tiny Chest","MealTicket","Toy Ornithopter","ReplayTheSpireMod:Lightbulb","PreservedInsect","CeramicFish"],"acts_visited":["Exordium"],"potions_floor_usage":[14,14,16],"damage_taken":[{"damage":0.0,"enemies":"2 Louse","floor":1.0,"turns":2.0},{"damage":0.0,"enemies":"Gremlin Nob","floor":6.0,"turns":1.0},{"damage":0.0,"enemies":"Jaw Worm","floor":8.0,"turns":1.0},{"damage":26,"enemies":"Lagavulin","floor":10,"turns":6},{"damage":4,"enemies":"Small Slimes","floor":11,"turns":4},{"damage":25,"enemies":"Gremlin Nob","floor":14,"turns":4},{"damage":75,"enemies":"Fading Forest","floor":16,"turns":9}],"seed_played":"-3649548202316442047","potions_obtained":[{"floor":1.0,"key":"Energy Potion"},{"floor":2.0,"key":"Reflective Coating"},{"floor":2.0,"key":"Weak Potion"},{"floor":11,"key":"ColorlessPotion"}],"is_trial":false,"path_per_floor":["M","?","T","?","?","E","R","M","T","E","M","$","T","E","R","B"],"character_chosen":"IRONCLAD","items_purchased":["Toy Ornithopter","Uppercut"],"campfire_rested":1,"item_purchase_floors":[12,12],"current_hp_per_floor":[74,50,50,39,16,22,22,28,28,12,17,32,32,26,50,0,0],"gold":70,"neow_bonus":"THREE_ENEMY_KILL","is_daily":false,"chose_seed":false,"campfire_upgraded":1,"win_rate":0.0,"timestamp":1610903561,"path_taken":["M","?","?","?","?","E","R","M","T","E","M","$","?","E","R","BOSS"],"items_purchased_type":["Relic","Card"],"build_version":"2020-12-22","purchased_purges":1,"victory":false,"max_hp_per_floor":[75,75,75,75,75,75,75,75,75,75,78,78,78,81,81,81,81],"relic_stats":{"counters":[7,27],"Blue Candle":[0],"CeramicFish":0,"Tiny Chest":0,"MealTicket":15,"PreservedInsect":22,"obtain_stats":[{"Replay:Bandana":3,"Matryoshka":4,"NeowsBlessing":0,"Blue Candle":6,"CeramicFish":14,"Tiny Chest":9,"MealTicket":10,"PreservedInsect":13,"Snack Pack":9,"ReplayTheSpireMod:Lightbulb":13,"Burning Blood":0,"Toy Ornithopter":12},{"Replay:Bandana":1,"Matryoshka":1,"NeowsBlessing":0,"Blue Candle":2,"CeramicFish":6,"Tiny Chest":3,"MealTicket":4,"PreservedInsect":5,"Snack Pack":3,"ReplayTheSpireMod:Lightbulb":5,"Burning Blood":0,"Toy Ornithopter":5},{"Replay:Bandana":2,"Matryoshka":2,"NeowsBlessing":0,"Blue Candle":3,"CeramicFish":18,"Tiny Chest":4,"MealTicket":10,"PreservedInsect":14,"Snack Pack":4,"ReplayTheSpireMod:Lightbulb":14,"Burning Blood":0,"Toy Ornithopter":14}],"Burning Blood":36,"Toy Ornithopter":15},"card_choices":[{"not_picked":["Searing Blow","Sword Boomerang"],"picked":"Shockwave","floor":1.0},{"not_picked":["Shockwave","Pummel"],"picked":"Pommel Strike","floor":2.0},{"not_picked":["Dual Wield","Abandon"],"picked":"Disarm","floor":6.0},{"not_picked":["Armaments","Sentinel","Anger"],"picked":"SKIP","floor":8.0},{"not_picked":["Anger","Dropkick"],"picked":"Feed","floor":10},{"not_picked":["Body Slam","Replay:Undeath\u0027s Touch"],"picked":"Wild Strike","floor":11},{"not_picked":["Sever Soul","Thunderclap","Sword Boomerang"],"picked":"SKIP","floor":14}],"player_experience":574452,"relics_obtained":[{"floor":3.0,"key":"Replay:Bandana"},{"floor":6.0,"key":"Blue Candle"},{"floor":9.0,"key":"Snack Pack"},{"floor":9.0,"key":"Tiny Chest"},{"floor":10,"key":"MealTicket"},{"floor":13,"key":"ReplayTheSpireMod:Lightbulb"},{"floor":13,"key":"PreservedInsect"},{"floor":14,"key":"CeramicFish"}],"event_choices":[{"damage_healed":0.0,"max_hp_gain":0.0,"max_hp_loss":0.0,"gold_gain":0.0,"event_name":"Scrap Ooze","player_choice":"Success","floor":4.0,"gold_loss":0.0,"damage_taken":11.0,"relics_obtained":["Matryoshka"]},{"damage_healed":0.0,"max_hp_gain":0.0,"max_hp_loss":0.0,"gold_gain":0.0,"event_name":"Shining Light","player_choice":"Entered Light","floor":5.0,"gold_loss":0.0,"damage_taken":23.0,"cards_upgraded":["Strike_R","Defend_R"]}],"is_beta":false,"boss_relics":[],"items_purged_floors":[12],"is_endless":false,"potions_floor_spawned":[1,8,11],"killed_by":"Fading Forest","ascension_level":20}}