{"host":"37dk0reb6x0du8wx","time":1610872760,"event":{"mods":["BaseMod","Colored Map","DeckTracker","Minty Spire (QoL Compilation)","Quick Restart","StSLib"],"gold_per_floor":[111,111,58,138,88,88,105,140,167,167,194,209,8,27,27,124,124,139,89,89,353,369,369,369,379,379,394,404,52,52,68,68,172,172,186,1298,1348,1348,1367,1392,1408,1408,1708,1198,1231,1231,1258,1270,1270,1270],"floor_reached":51,"language":"KOR","playtime":1490,"items_purged":["Strike_G","Defend_G","Strike_G","Forethought","Strike_G","Poisoned Stab+1"],"score":962,"play_id":"f9d2fa10-718b-4e15-a057-3e6cd3e29c02","local_time":"20210117173920","is_ascension_mode":true,"campfire_choices":[{"data":"Deadly Poison","floor":6,"key":"SMITH"},{"data":"Crippling Poison","floor":10,"key":"SMITH"},{"floor":15,"key":"REST"},{"data":"Catalyst","floor":23,"key":"SMITH"},{"floor":30,"key":"REST"},{"floor":32,"key":"REST"},{"floor":46,"key":"REST"},{"floor":49,"key":"REST"}],"circlet_count":0,"master_deck":["Defend_G","Defend_G","Defend_G","Survivor","Neutralize","Deadly Poison+1","Crippling Poison+1","Catalyst+1","Infinite Blades+1","Burst","Crippling Poison","Bane","Noxious Fumes+1","Catalyst","Deadly Poison","Catalyst+1","Deadly Poison","Deadly Poison+1","Deadly Poison+1","Bandage Up"],"relics":["Empty Cage","Frozen Egg 2","Potion Belt","Smiling Mask","Centennial Puzzle","ClockworkSouvenir","Kunai","Toy Ornithopter","Runic Pyramid","Snake Skull","Chemical X","Mercury Hourglass","Bronze Scales","Anchor","Lantern","Sozu","Darkstone Periapt","Matryoshka","Orrery","Du-Vu Doll","Prayer Wheel","Omamori","Old Coin","MealTicket","Blood Vial","OrangePellets","Bird Faced Urn","Juzu Bracelet","Bag of Marbles"],"acts_visited":["Exordium","TheCity","TheBeyond"],"potions_floor_usage":[16,16,25,27,33,50],"damage_taken":[{"damage":0,"enemies":"Jaw Worm","floor":1,"turns":7},{"damage":1,"enemies":"Cultist","floor":7,"turns":4},{"damage":21,"enemies":"Gremlin Nob","floor":8,"turns":5},{"damage":8,"enemies":"Lagavulin","floor":11,"turns":6},{"damage":3,"enemies":"Small Slimes","floor":12,"turns":3},{"damage":8,"enemies":"3 Louse","floor":14,"turns":3},{"damage":8,"enemies":"Hexaghost","floor":16,"turns":8},{"damage":0,"enemies":"Chosen","floor":18,"turns":4},{"damage":10,"enemies":"3 Byrds","floor":22,"turns":2},{"damage":14,"enemies":"Snake Plant","floor":25,"turns":3},{"damage":7,"enemies":"3 Cultists","floor":27,"turns":3},{"damage":18,"enemies":"Centurion and Healer","floor":28,"turns":3},{"damage":0,"enemies":"Cultist and Chosen","floor":31,"turns":3},{"damage":29,"enemies":"Collector","floor":33,"turns":4},{"damage":7,"enemies":"Orb Walker","floor":35,"turns":3},{"damage":23,"enemies":"Mind Bloom Boss Battle","floor":37,"turns":3},{"damage":37,"enemies":"3 Darklings","floor":39,"turns":3},{"damage":0,"enemies":"Nemesis","floor":40,"turns":3},{"damage":6,"enemies":"4 Shapes","floor":41,"turns":3},{"damage":0,"enemies":"Reptomancer","floor":45,"turns":3},{"damage":6,"enemies":"Transient","floor":48,"turns":4},{"damage":31,"enemies":"Donu and Deca","floor":50,"turns":5}],"seed_played":"8208386636865617752","potions_obtained":[{"floor":2,"key":"Weak Potion"},{"floor":2,"key":"Explosive Potion"},{"floor":2,"key":"SmokeBomb"},{"floor":11,"key":"FearPotion"},{"floor":12,"key":"EssenceOfSteel"},{"floor":16,"key":"AttackPotion"},{"floor":22,"key":"Block Potion"},{"floor":28,"key":"Block Potion"},{"floor":33,"key":"Dexterity Potion"}],"is_trial":false,"path_per_floor":["M","?","$","T","?","R","M","E","T","R","E","M","$","M","R","B",null,"M","$","?","$","M","R","?","M","T","M","M","$","R","M","R","B",null,"M","$","?","?","M","E","M","?","T","$","E","R","T","M","R","B",null],"character_chosen":"THE_SILENT","items_purchased":["Deadly Poison","ClockworkSouvenir","Kunai","Toy Ornithopter","Infinite Blades+1","Chemical X","Mercury Hourglass","Bronze Scales","Noxious Fumes+1","Catalyst","Lantern","Deadly Poison","Darkstone Periapt","Matryoshka","Orrery","MealTicket","Blood Vial","OrangePellets"],"campfire_rested":5,"item_purchase_floors":[3,13,13,13,13,21,21,21,29,29,29,36,36,36,36,44,44,44],"current_hp_per_floor":[70,70,70,70,70,70,69,48,48,48,40,37,37,29,50,52,70,70,70,70,70,60,60,60,51,51,49,31,31,52,52,70,41,70,63,63,40,40,7,7,5,5,5,5,11,32,32,30,51,35],"gold":1270,"neow_bonus":"BOSS_RELIC","is_daily":false,"chose_seed":false,"campfire_upgraded":3,"win_rate":0.0,"timestamp":1610872760,"path_taken":["M","?","$","?","?","R","M","E","T","R","E","M","$","M","R","BOSS","M","$","?","?","M","R","?","M","T","M","M","$","R","M","R","BOSS","M","$","?","?","M","E","M","?","T","$","E","R","?","M","R","BOSS"],"items_purchased_type":["Card","Relic","Relic","Relic","Card","Relic","Relic","Relic","Card","Card","Relic","Card","Relic","Relic","Relic","Relic","Relic","Relic"],"build_version":"2020-12-22","purchased_purges":6,"victory":true,"max_hp_per_floor":[70,70,70,70,70,70,70,70,70,70,70,70,70,70,70,70,70,70,70,70,70,70,70,70,70,70,70,70,70,70,70,70,70,70,70,70,70,70,70,70,70,70,70,70,70,70,70,70,70,70],"card_choices":[{"not_picked":["Underhanded Strike","All Out Attack","Dagger Throw"],"picked":"SKIP","floor":1},{"not_picked":["Dagger Throw","Deflect"],"picked":"Crippling Poison","floor":7},{"not_picked":["Concentrate","Riddle With Holes","Expertise"],"picked":"SKIP","floor":8},{"not_picked":["Die Die Die","Dagger Throw"],"picked":"Catalyst","floor":11},{"not_picked":["Sucker Punch","Bane","Dagger Throw"],"picked":"SKIP","floor":12},{"not_picked":["Setup","Dagger Spray","Well Laid Plans+1"],"picked":"SKIP","floor":14},{"not_picked":["Glass Knife","Doppelganger"],"picked":"Burst","floor":16},{"not_picked":["Underhanded Strike","Cloak And Dagger","Riddle With Holes"],"picked":"SKIP","floor":18},{"not_picked":["Quick Slash+1","All Out Attack"],"picked":"Crippling Poison","floor":22},{"not_picked":["Dagger Spray+1","Backflip"],"picked":"Poisoned Stab+1","floor":25},{"not_picked":["Underhanded Strike+1","Doppelganger","Prepared+1"],"picked":"SKIP","floor":27},{"not_picked":["Poisoned Stab","Underhanded Strike","Eviscerate"],"picked":"SKIP","floor":28},{"not_picked":["Backflip","Dagger Throw+1"],"picked":"Deadly Poison","floor":31},{"not_picked":["Flying Knee","Dash+1"],"picked":"Catalyst+1","floor":35},{"not_picked":["Footwork+1","Deflect"],"picked":"Deadly Poison+1","floor":36},{"not_picked":["Cloak And Dagger+1","Tools of the Trade+1"],"picked":"Deadly Poison+1","floor":36},{"not_picked":["Panacea","Good Instincts"],"picked":"Bandage Up","floor":38},{"not_picked":["Quick Slash+1","Dash","Bane+1"],"picked":"SKIP","floor":39},{"not_picked":["Deadly Poison","Storm of Steel","Accuracy+1"],"picked":"SKIP","floor":40},{"not_picked":["Eviscerate+1","Sucker Punch","Well Laid Plans+1"],"picked":"SKIP","floor":41},{"not_picked":["Finisher","Dodge and Roll+1","Accuracy+1"],"picked":"SKIP","floor":41},{"not_picked":["Escape Plan+1","Setup+1","Deflect+1"],"picked":"SKIP","floor":45},{"not_picked":["Outmaneuver+1","Dagger Throw+1","PiercingWail+1"],"picked":"SKIP","floor":48},{"not_picked":["Tactician","Bane+1","Well Laid Plans+1"],"picked":"SKIP","floor":48}],"player_experience":213458,"relics_obtained":[{"floor":4,"key":"Frozen Egg 2"},{"floor":8,"key":"Potion Belt"},{"floor":9,"key":"Smiling Mask"},{"floor":11,"key":"Centennial Puzzle"},{"floor":26,"key":"Anchor"},{"floor":37,"key":"Du-Vu Doll"},{"floor":40,"key":"Prayer Wheel"},{"floor":43,"key":"Omamori"},{"floor":43,"key":"Old Coin"},{"floor":45,"key":"Bird Faced Urn"},{"floor":47,"key":"Juzu Bracelet"},{"floor":47,"key":"Bag of Marbles"}],"event_choices":[{"damage_healed":0,"gold_gain":0,"player_choice":"Got Potions","damage_taken":0,"max_hp_gain":0,"max_hp_loss":0,"event_name":"Lab","floor":2,"gold_loss":0},{"cards_removed":["Defend_G"],"damage_healed":0,"gold_gain":0,"player_choice":"Card Removal","damage_taken":0,"max_hp_gain":0,"max_hp_loss":0,"event_name":"The Cleric","floor":5,"gold_loss":50},{"damage_healed":0,"gold_gain":0,"player_choice":"Gave Potion","damage_taken":0,"relics_obtained":["Snake Skull"],"max_hp_gain":0,"max_hp_loss":0,"event_name":"WeMeetAgain","floor":20,"gold_loss":0},{"damage_healed":0,"gold_gain":0,"player_choice":"2 cards matched","damage_taken":0,"max_hp_gain":0,"max_hp_loss":0,"event_name":"Match and Keep!","floor":24,"gold_loss":0,"cards_obtained":["Forethought","Bane"]},{"damage_healed":0,"gold_gain":0,"player_choice":"Fight","damage_taken":0,"max_hp_gain":0,"max_hp_loss":0,"event_name":"MindBloom","floor":37,"gold_loss":0},{"damage_healed":0,"gold_gain":0,"player_choice":"Memory 1","damage_taken":0,"max_hp_gain":0,"max_hp_loss":0,"event_name":"SensoryStone","floor":38,"gold_loss":0},{"damage_healed":0,"gold_gain":0,"player_choice":"Ignored","damage_taken":0,"max_hp_gain":0,"max_hp_loss":0,"event_name":"Tomb of Lord Red Mask","floor":42,"gold_loss":0}],"is_beta":false,"boss_relics":[{"not_picked":["Philosopher\u0027s Stone","Tiny House"],"picked":"Runic Pyramid"},{"not_picked":["Black Star","SacredBark"],"picked":"Sozu"}],"items_purged_floors":[13,19,21,29,36,44],"is_endless":false,"potions_floor_spawned":[11,12,16,22,28,33,37,39,45],"ascension_level":2}}