{"host":"f5y45f7z7ziu0smp","time":1610859053,"event":{"mods":["AchievementEnabler","BaseMod","Marisa£¨Ùöéë¡¡Øª×âÞÞ£©","Minty Spire (QoL Compilation)","Permanent Neow","Starting Relic: Pandora\u0027s Box","SuperFastMode","¡¼?Úª?ø«¡½REMEMod"],"gold_per_floor":[110,110,120,136,61,61,92,106,106,121,121,149,46,64,64,168,168,387,97,113,328,355,583,583,583,636,512,722,772,772,1003,1003,1104,1104,1122,1122,1134,1154,1154,1182,1430,1430,1481,1493,793,793,825,473,473,473],"floor_reached":51,"language":"KOR","playtime":1798,"items_purged":["Dualcast","Steam Power","Writhe","Writhe","Shame","Injury"],"score":1161,"play_id":"9d068219-7c4b-43fc-b5e9-6de40f2a853b","local_time":"20210117135053","is_ascension_mode":true,"campfire_choices":[{"data":"Genetic Algorithm","floor":6,"key":"SMITH"},{"data":"Zap","floor":15,"key":"SMITH"},{"floor":25,"key":"REST"},{"data":"Beam Cell","floor":30,"key":"SMITH"},{"data":"Beam Cell","floor":32,"key":"SMITH"},{"data":"Skim","floor":44,"key":"SMITH"},{"data":"Buffer","floor":46,"key":"SMITH"},{"data":"Turbo","floor":49,"key":"SMITH"}],"circlet_count":0,"master_deck":["Zap+1","Genetic Algorithm+1","Gash","Compile Driver","Cold Snap","Sweeping Beam","REME_CRH+1","Go for the Eyes","Beam Cell+1","Gash","Gash","Beam Cell+1","All For One","Finesse+1","Gash","Clumsy","Gash","Chill","Buffer+1","Skim+1","Flash of Steel","Zap","Double Energy+1","Beam Cell+1","Clumsy","Gash","Turbo+1"],"relics":["REME_ComplimentaryCards","Empty Cage","Blue Candle","Letter Opener","Smiling Mask","REME_DemonsWealth","Medical Kit","Red Mask","War Paint","Orichalcum","Ancient Tea Set","SlaversCollar","Akabeko","CatCart","MawBank","Lizard Tail","REME_HandOfSuture","TheAbacus","CeramicFish","PreservedInsect","REME_CardOfGreed"],"acts_visited":["Exordium","TheCity","TheBeyond"],"potions_floor_usage":[33,33],"damage_taken":[{"damage":0,"enemies":"2 Louse","floor":1,"turns":1},{"damage":0,"enemies":"Cultist","floor":3,"turns":1},{"damage":0,"enemies":"Small Slimes","floor":4,"turns":2},{"damage":0,"enemies":"Lagavulin","floor":7,"turns":3},{"damage":1,"enemies":"Gremlin Gang","floor":8,"turns":2},{"damage":0,"enemies":"Exordium Wildlife","floor":10,"turns":2},{"damage":0,"enemies":"Gremlin Nob","floor":12,"turns":1},{"damage":11,"enemies":"3 Louse","floor":14,"turns":2},{"damage":38,"enemies":"The Guardian","floor":16,"turns":5},{"damage":22,"enemies":"2 Thieves","floor":18,"turns":2},{"damage":0,"enemies":"Chosen","floor":20,"turns":1},{"damage":0,"enemies":"Centurion and Healer","floor":21,"turns":3},{"damage":0,"enemies":"Masked Bandits","floor":22,"turns":1},{"damage":10,"enemies":"Book of Stabbing","floor":23,"turns":3},{"damage":0,"enemies":"Snecko","floor":28,"turns":3},{"damage":0,"enemies":"Gremlin Leader","floor":31,"turns":2},{"damage":28,"enemies":"Collector","floor":33,"turns":4},{"damage":7,"enemies":"Orb Walker","floor":35,"turns":3},{"damage":5,"enemies":"3 Darklings","floor":37,"turns":3},{"damage":1,"enemies":"Sphere and 2 Shapes","floor":38,"turns":4},{"damage":3,"enemies":"Reptomancer","floor":40,"turns":2},{"damage":3,"enemies":"Orin","floor":41,"turns":4},{"damage":1,"enemies":"Giant Head","floor":47,"turns":3},{"damage":2,"enemies":"Donu and Deca","floor":50,"turns":2}],"seed_played":"8864455439391122860","potions_obtained":[{"floor":14,"key":"LiquidMemories"},{"floor":28,"key":"EssenceOfDarkness"},{"floor":38,"key":"Regen Potion"},{"floor":42,"key":"DuplicationPotion"},{"floor":42,"key":"CultistPotion"}],"is_trial":false,"path_per_floor":["M","?","M","M","$","R","E","M","T","M","?","E","$","M","R","B",null,"M","$","M","M","?","E","?","R","T","$","M","?","R","E","R","B",null,"M","?","M","M","?","E","?","?","T","R","$","R","E","$","R","B",null],"character_chosen":"DEFECT","items_purchased":["Gash","Medical Kit","Finesse","Chill","Lizard Tail","Gash","REME_HandOfSuture","Turbo","TheAbacus","PreservedInsect","REME_CardOfGreed"],"campfire_rested":1,"item_purchase_floors":[13,19,19,27,45,45,45,45,45,48,48],"current_hp_per_floor":[75,75,75,75,75,75,75,74,74,74,75,75,75,64,64,26,75,53,53,53,53,53,43,29,53,53,53,53,53,53,53,53,25,80,73,73,68,67,67,64,61,61,61,61,61,61,60,60,60,58],"gold":473,"neow_bonus":"BOSS_RELIC","is_daily":false,"chose_seed":false,"campfire_upgraded":7,"win_rate":0.0,"timestamp":1610859053,"path_taken":["M","?","M","M","$","R","E","?","T","M","?","E","$","?","R","BOSS","M","$","M","M","?","E","?","R","T","$","M","?","R","E","R","BOSS","M","?","?","M","?","E","?","?","T","R","$","R","E","$","R","BOSS"],"items_purchased_type":["Card","Relic","Card","Card","Relic","Card","Relic","Card","Relic","Relic","Relic"],"build_version":"2020-12-22","purchased_purges":6,"victory":true,"max_hp_per_floor":[75,75,75,75,75,75,75,75,75,75,75,75,75,75,75,75,75,75,75,75,75,75,75,80,80,80,80,80,80,80,80,80,80,80,80,80,80,80,76,76,76,76,76,76,76,76,76,76,76,76],"card_choices":[{"not_picked":["Ball Lightning","Hologram","Defragment"],"picked":"SKIP","floor":1},{"not_picked":["Darkness","Redo"],"picked":"Go for the Eyes","floor":3},{"not_picked":["Steam","Reinforced Body","Sunder"],"picked":"SKIP","floor":4},{"not_picked":["Conserve Battery","Electrodynamics","Ball Lightning"],"picked":"SKIP","floor":7},{"not_picked":["Undo","Rebound","Turbo"],"picked":"SKIP","floor":8},{"not_picked":["Defragment","Fusion"],"picked":"Beam Cell","floor":10},{"not_picked":["Hologram","Lockon"],"picked":"Gash","floor":12},{"not_picked":["Ball Lightning","Sweeping Beam"],"picked":"Beam Cell","floor":14},{"not_picked":["Creative AI","Seek"],"picked":"All For One","floor":16},{"not_picked":["Redo","Blizzard","Stack+1"],"picked":"Writhe","floor":18},{"not_picked":["REME_Compress","Go for the Eyes+1","Injury"],"picked":"Gash","floor":20},{"not_picked":["Conserve Battery+1","Reprogram+1","Skim"],"picked":"Clumsy","floor":21},{"not_picked":["Coolheaded+1","REME_SelfUpgrade","REME_CurseOfMatryoshka"],"picked":"Gash","floor":22},{"not_picked":["Coolheaded","Storm","Turbo"],"picked":"Writhe","floor":23},{"not_picked":["Barrage","Go for the Eyes","Blizzard+1"],"picked":"Shame","floor":28},{"not_picked":["Rebound+1","Static Discharge","Echo Form"],"picked":"Injury","floor":31},{"not_picked":["Core Surge","Amplify","Parasite"],"picked":"Buffer","floor":33},{"not_picked":["Steam Power","Beam Cell","Shame"],"picked":"Skim","floor":35},{"not_picked":["Defragment","Capacitor","Go for the Eyes+1","Injury"],"picked":"SKIP","floor":37},{"not_picked":["Blizzard+1","Ball Lightning","Decay"],"picked":"Double Energy+1","floor":38},{"not_picked":["Go for the Eyes+1","Sweeping Beam","Injury"],"picked":"Beam Cell+1","floor":40},{"not_picked":["Meteor Strike","Leap","Sweeping Beam"],"picked":"Clumsy","floor":41},{"not_picked":["FTL","Auto Shields","Barrage","Decay"],"picked":"SKIP","floor":47}],"player_experience":126989,"relics_obtained":[{"floor":7,"key":"Blue Candle"},{"floor":9,"key":"Letter Opener"},{"floor":12,"key":"Smiling Mask"},{"floor":22,"key":"Red Mask"},{"floor":23,"key":"War Paint"},{"floor":26,"key":"Orichalcum"},{"floor":31,"key":"Ancient Tea Set"},{"floor":40,"key":"Akabeko"},{"floor":41,"key":"CatCart"},{"floor":43,"key":"MawBank"},{"floor":47,"key":"CeramicFish"}],"event_choices":[{"damage_healed":0,"gold_gain":0,"player_choice":"Upgraded","damage_taken":0,"max_hp_gain":0,"max_hp_loss":0,"event_name":"Upgrade Shrine","floor":2,"gold_loss":0,"cards_upgraded":["REME_CRH"]},{"damage_healed":1,"gold_gain":0,"player_choice":"Full Heal","damage_taken":0,"max_hp_gain":0,"max_hp_loss":0,"event_name":"Wheel of Change","floor":11,"gold_loss":0},{"damage_healed":0,"gold_gain":0,"player_choice":"Fought Bandits","damage_taken":0,"max_hp_gain":0,"max_hp_loss":0,"event_name":"Masked Bandits","floor":22,"gold_loss":0},{"damage_healed":0,"gold_gain":0,"player_choice":"Shed Blood","damage_taken":19,"max_hp_gain":5,"max_hp_loss":0,"event_name":"Forgotten Altar","floor":24,"gold_loss":0},{"damage_healed":0,"gold_gain":100,"player_choice":"Bet on Murderer","damage_taken":0,"max_hp_gain":0,"max_hp_loss":0,"event_name":"The Joust","floor":29,"gold_loss":50},{"damage_healed":0,"gold_gain":0,"player_choice":"2 cards matched","damage_taken":0,"max_hp_gain":0,"max_hp_loss":0,"event_name":"Match and Keep!","floor":36,"gold_loss":0,"cards_obtained":["Flash of Steel","Zap"]},{"damage_healed":0,"gold_gain":0,"player_choice":"Max HP","damage_taken":0,"max_hp_gain":0,"max_hp_loss":4,"event_name":"Winding Halls","floor":39,"gold_loss":0},{"damage_healed":0,"gold_gain":0,"player_choice":"Fight","damage_taken":0,"max_hp_gain":0,"max_hp_loss":0,"event_name":"OrinTheCat","floor":41,"gold_loss":0},{"damage_healed":0,"gold_gain":0,"player_choice":"Got Potions","damage_taken":0,"max_hp_gain":0,"max_hp_loss":0,"event_name":"Lab","floor":42,"gold_loss":0}],"is_beta":false,"boss_relics":[{"not_picked":["Black Star","Coffee Dripper"],"picked":"REME_DemonsWealth"},{"not_picked":["REME_ChargedStone","SacredBark"],"picked":"SlaversCollar"}],"items_purged_floors":[5,13,19,27,45,48],"is_endless":false,"potions_floor_spawned":[1,10,12,14,21,28,38,47],"ascension_level":3}}