{"host":"z4nt7tdd4gjrinn7","time":1610908836,"event":{"mods":["100% Spire Juice","BaseMod","Minty Spire (QoL Compilation)","StSLib"],"gold_per_floor":[112,112,112,131,131,164,164,164,164,164,164,188,68,80,80,80,80],"floor_reached":16,"language":"ENG","playtime":550,"items_purged":[],"score":121,"play_id":"e63a1b43-beb7-4544-a1dd-6090bb00efc2","local_time":"20210117134036","is_ascension_mode":false,"campfire_choices":[{"data":"Moonworks:Ambush","floor":7,"key":"SMITH"},{"data":"Moonworks:EvilSpyWorkPreparation","floor":11,"key":"SMITH"},{"floor":15,"key":"REST"}],"circlet_count":0,"master_deck":["Moonworks:Strike","Moonworks:Strike","Moonworks:Strike","Moonworks:Strike","Moonworks:Defend","Moonworks:Defend","Moonworks:Defend","Moonworks:Defend","Moonworks:Ambush+1","Moonworks:LongDistanceShot","Moonworks:EvilSpyWorkPreparation","Moonworks:ForcedRevival","Moonworks:EvilSpyWorkPreparation+1","Moonworks:SakisCookie","Moonworks:EvilSpyWorkPreparation"],"relics":["Moonworks:BrokenBomb","Moonworks:Homemark","NeowsBlessing","HornCleat","Ice Cream","Odd Mushroom"],"acts_visited":["Exordium"],"potions_floor_usage":[12,16,16],"damage_taken":[{"damage":0,"enemies":"Jaw Worm","floor":1,"turns":1},{"damage":0,"enemies":"2 Louse","floor":4,"turns":1},{"damage":0,"enemies":"Lagavulin","floor":6,"turns":1},{"damage":3,"enemies":"The Mushroom Lair","floor":12,"turns":4},{"damage":4,"enemies":"Small Slimes","floor":14,"turns":3},{"damage":66,"enemies":"Hexaghost","floor":16,"turns":9}],"seed_played":"653149117129826778","potions_obtained":[{"floor":4,"key":"Block Potion"},{"floor":12,"key":"SpeedPotion"},{"floor":14,"key":"Block Potion"}],"is_trial":false,"path_per_floor":["M","$","?","M","$","E","R","?","T","?","R","?","?","M","R","B"],"character_chosen":"THE_STARBREAKER","items_purchased":[],"campfire_rested":1,"item_purchase_floors":[],"current_hp_per_floor":[60,60,60,60,60,60,60,60,60,60,60,57,57,53,60,0,0],"gold":80,"neow_bonus":"THREE_ENEMY_KILL","is_daily":false,"chose_seed":false,"campfire_upgraded":2,"win_rate":0.0,"timestamp":1610908836,"path_taken":["M","$","?","M","$","E","R","?","T","?","R","?","?","M","R","BOSS"],"items_purchased_type":[],"build_version":"2020-12-22","purchased_purges":0,"victory":false,"max_hp_per_floor":[60,60,60,60,60,60,60,60,60,60,60,60,60,60,60,60,60],"card_choices":[{"not_picked":["Moonworks:SakisCookie","Moonworks:StiffCrystal"],"picked":"Moonworks:EvilSpyWorkPreparation","floor":1},{"not_picked":["Moonworks:Assault","Moonworks:BigMagnum"],"picked":"Moonworks:ForcedRevival","floor":4},{"not_picked":["Moonworks:ReproductionOfRecords","Moonworks:UnluckyCharm"],"picked":"Moonworks:EvilSpyWorkPreparation","floor":6},{"not_picked":["Moonworks:Assault","Moonworks:ExtendedPhotonRifle"],"picked":"Moonworks:SakisCookie","floor":12},{"not_picked":["Moonworks:ImOnFire","Moonworks:Assault"],"picked":"Moonworks:EvilSpyWorkPreparation","floor":14}],"player_experience":68051,"relics_obtained":[{"floor":6,"key":"HornCleat"},{"floor":9,"key":"Ice Cream"},{"floor":12,"key":"Odd Mushroom"}],"event_choices":[{"damage_healed":0,"gold_gain":0,"player_choice":"Leave","damage_taken":0,"max_hp_gain":0,"max_hp_loss":0,"event_name":"The Cleric","floor":3,"gold_loss":0},{"damage_healed":0,"gold_gain":0,"player_choice":"Ignored","damage_taken":0,"max_hp_gain":0,"max_hp_loss":0,"event_name":"Golden Wing","floor":8,"gold_loss":0},{"damage_healed":0,"gold_gain":0,"player_choice":"Ignored","damage_taken":0,"max_hp_gain":0,"max_hp_loss":0,"event_name":"Shining Light","floor":10,"gold_loss":0},{"damage_healed":0,"gold_gain":0,"player_choice":"Fought Mushrooms","damage_taken":0,"max_hp_gain":0,"max_hp_loss":0,"event_name":"Mushrooms","floor":12,"gold_loss":0},{"damage_healed":0,"gold_gain":0,"player_choice":"Ignored","damage_taken":0,"max_hp_gain":0,"max_hp_loss":0,"event_name":"Liars Game","floor":13,"gold_loss":0}],"is_beta":false,"boss_relics":[],"items_purged_floors":[],"is_endless":false,"potions_floor_spawned":[4,12,14],"killed_by":"Hexaghost","ascension_level":0}}