{"host":"z8n47vy4vaymw9pl","time":1610927431,"event":{"mods":["Act Like it!","Always Whale","BaseMod","Better Altar","Better Match","Better Note","Better Sensory Stone","Better Skull","Better Third Choice","Colored Map","Colored Powertips","Defuse TimeMaze Blight","Energized Spire","Hubris","Minty Spire (QoL Compilation)","Replay The Spire","StSLib","The Blue Laboratory","The Caster","Unceasing Turn Reminder"],"gold_per_floor":[109,211,211,61,85,85,101,101,101,117,117,133,133,133,133,253,253,268,62,82,32,32,32,131,131,131,164,164,164,182,182,182],"floor_reached":31,"language":"ENG","playtime":1477,"items_purged":["caster:strike","caster:defend"],"score":239,"play_id":"3acf92f1-bc91-45c8-9268-d4f157b265d0","local_time":"20210117155031","is_ascension_mode":false,"campfire_choices":[{"data":"caster:DiamondDust","floor":6,"key":"SMITH"},{"data":"caster:Tundra","floor":11,"key":"SMITH"},{"data":"caster:Grimoire","floor":15,"key":"SMITH"},{"data":"caster:GateOfBabylon","floor":23,"key":"SMITH"},{"data":"caster:ShivasGrace","floor":29,"key":"SMITH"}],"circlet_count":0,"master_deck":["caster:Meteor+1","caster:DivertFocus","caster:strike","caster:strike","caster:strike","caster:defend","caster:defend","caster:defend","caster:defend","caster:DiamondDust+1","caster:MagicWeapon","caster:Tundra+1","Apotheosis+1","caster:WallOfSwords","caster:Slick+1","caster:MagicBarrier","caster:Grimoire+1","caster:GateOfBabylon+1","caster:JupitelThunder","caster:Fissure","caster:Fissure","caster:Fireball","caster:ShivasGrace+1","caster:Tundra+1","caster:QuickCast+1","caster:Incinerate","caster:EchoingVoice"],"relics":["caster:MagicBook","Replay:Rubber Ducky","Membership Card","Nunchaku","Gremlin Horn","Golden Idol","energizedSpire:OgreHead","DollysMirror","Sundial","hubris:BottledRain","hubris:DeckOfHolding"],"acts_visited":["Exordium","TheCity"],"potions_floor_usage":[31],"damage_taken":[{"damage":3,"enemies":"2 Louse","floor":1,"turns":3},{"damage":13,"enemies":"Jaw Worm","floor":7,"turns":4},{"damage":13,"enemies":"Small Slimes","floor":10,"turns":3},{"damage":4,"enemies":"Exordium Wildlife","floor":12,"turns":6},{"damage":4,"enemies":"Hexaghost","floor":16,"turns":11},{"damage":3,"enemies":"Chosen","floor":18,"turns":5},{"damage":7,"enemies":"3 Byrds","floor":20,"turns":6},{"damage":25,"enemies":"Book of Stabbing","floor":27,"turns":6},{"damage":21,"enemies":"Shelled Parasite and Fungi","floor":30,"turns":4},{"damage":7,"enemies":"Snake Plant","floor":31,"turns":1}],"seed_played":"-1567488665809396038","potions_obtained":[{"floor":12,"key":"blueLaboratory:FrostheartPotion"},{"floor":18,"key":"Explosive Potion"}],"is_trial":false,"path_per_floor":["M","?","?","$","T","R","M","?","T","M","R","M","?","?","R","B",null,"M","$","M","$","?","R","?","?","T","E","T","R","M","M"],"character_chosen":"THE_CASTER","items_purchased":["Membership Card","caster:Fissure","caster:Fireball","caster:ShivasGrace","DollysMirror"],"campfire_rested":0,"item_purchase_floors":[4,19,19,19,19],"current_hp_per_floor":[61,45,45,45,45,45,32,32,32,19,19,15,15,15,15,11,59,56,56,49,49,49,49,49,49,49,24,24,24,3,0,0],"gold":182,"neow_bonus":"UPGRADE_CARD","is_daily":false,"chose_seed":false,"campfire_upgraded":5,"win_rate":0.0,"timestamp":1610927431,"path_taken":["M","?","?","$","?","R","M","?","T","?","R","M","?","?","R","BOSS","M","$","M","?","?","R","?","?","T","E","?","R","?","M"],"items_purchased_type":["Relic","Card","Card","Card","Relic"],"build_version":"2020-12-22","purchased_purges":2,"victory":false,"max_hp_per_floor":[64,64,64,64,64,64,64,64,64,64,64,64,59,59,59,59,59,59,59,59,59,59,59,59,59,59,59,59,59,59,59,59],"card_choices":[{"not_picked":["caster:MagicResonance","caster:FrostDriver"],"picked":"caster:DiamondDust","floor":1},{"not_picked":["caster:AshesToAshes","caster:MagicResonance"],"picked":"caster:MagicWeapon","floor":2},{"not_picked":["caster:FlashSpeed","caster:Sleet"],"picked":"caster:Tundra","floor":2},{"not_picked":["caster:FrigidBeam","caster:Enfeeble"],"picked":"caster:WallOfSwords","floor":7},{"not_picked":["caster:FlashSpeed","caster:Charge"],"picked":"caster:MagicBarrier","floor":10},{"not_picked":["caster:MagicWeapon","caster:Illusion"],"picked":"caster:Grimoire","floor":12},{"not_picked":["caster:Susanoo","caster:StormGust"],"picked":"caster:GateOfBabylon","floor":16},{"not_picked":["caster:ShivasGrace","caster:BookThrow+1"],"picked":"caster:JupitelThunder","floor":18},{"not_picked":["caster:IcicleLance","caster:WallOfSwords"],"picked":"caster:QuickCast+1","floor":20},{"not_picked":["caster:Sleet","caster:FlashSpeed"],"picked":"caster:Incinerate","floor":27},{"not_picked":["caster:Fireball+1","caster:IcicleLance"],"picked":"caster:EchoingVoice","floor":30}],"player_experience":425503,"relics_obtained":[{"floor":2,"key":"Replay:Rubber Ducky"},{"floor":5,"key":"Nunchaku"},{"floor":9,"key":"Gremlin Horn"},{"floor":26,"key":"Sundial"},{"floor":27,"key":"hubris:BottledRain"},{"floor":28,"key":"hubris:DeckOfHolding"}],"event_choices":[{"damage_healed":45,"gold_gain":0,"player_choice":"Embrace","damage_taken":0,"max_hp_gain":0,"max_hp_loss":64,"event_name":"betterThird:BetterShining","floor":3,"gold_loss":0},{"damage_healed":0,"gold_gain":0,"player_choice":"Lose Max HP","damage_taken":0,"relics_obtained":["Golden Idol"],"max_hp_gain":0,"max_hp_loss":5,"event_name":"Golden Idol","floor":13,"gold_loss":0},{"damage_healed":0,"gold_gain":0,"player_choice":"Ignored","damage_taken":0,"max_hp_gain":0,"max_hp_loss":0,"event_name":"betterNote:BetterNote","floor":14,"gold_loss":0,"cards_obtained":["Ghostly"]},{"damage_healed":0,"gold_gain":0,"player_choice":"Ignored","damage_taken":0,"max_hp_gain":0,"max_hp_loss":0,"event_name":"Ghosts","floor":22,"gold_loss":0},{"damage_healed":0,"gold_gain":99,"player_choice":"Steal","damage_taken":0,"max_hp_gain":0,"max_hp_loss":0,"event_name":"betterThird:BetterNest","floor":24,"gold_loss":0}],"is_beta":false,"boss_relics":[{"not_picked":["hubris:Stopwatch","Busted Crown"],"picked":"energizedSpire:OgreHead"}],"items_purged_floors":[19,21],"is_endless":false,"potions_floor_spawned":[12,18],"killed_by":"Snake Plant","ascension_level":0}}