{"host":"emhkbx8w48tb1pjr","time":1610914355,"event":{"mods":["AchievementEnabler","BaseMod","Better Note","Colored Map","Colored Powertips","DeckTracker","Downfall","Googly Eyes","Hermit","Marisa????????","Minty Spire (QoL Compilation)","Quick Restart","Rare Cards Sparkle","StSLib","The Bug Knight","The Cursed","The Jungle","The Servant 0.9.4","everything is the same but u backflip on backflip"],"gold_per_floor":[118,193,206,223,241,241,270,270,270,280,315,315,315,330,330,428,428,442,100,100,100,119,119,154,167,167,194,194,194,194],"floor_reached":29,"language":"ENG","playtime":1488,"items_purged":["hermit:Strike_Hermit"],"score":298,"play_id":"e381e2d9-4b88-48a2-89ce-2569fd370789","local_time":"20210117211235","is_ascension_mode":false,"campfire_choices":[{"data":"hermit:CursedWeapon","floor":6,"key":"SMITH"},{"data":"hermit:Glare","floor":8,"key":"SMITH"},{"data":"hermit:Quickdraw","floor":12,"key":"SMITH"},{"floor":15,"key":"REST"},{"data":"Apotheosis","floor":23,"key":"SMITH"}],"circlet_count":0,"master_deck":["hermit:Strike_Hermit","hermit:Strike_Hermit","hermit:Strike_Hermit","hermit:Defend_Hermit","hermit:Defend_Hermit","hermit:Defend_Hermit","hermit:Snapshot","hermit:Covet","hermit:Glare+1","hermit:CursedWeapon+1","hermit:GhostlyPresence","hermit:Determination","hermit:FinalCanter","hermit:Quickdraw+1","hermit:Vantage","Pain","hermit:BodyArmor","hermit:OverwhelmingPower","Apotheosis+1","hermit:ShadowCloak","hermit:LuckOfTheDraw+1","hermit:Desperado","Pain","hermit:Roulette+1","downfall:Aged"],"relics":["hermit:Momento","NeowsBlessing","HollowMod:LifeEnderRelic","CaptainsWheel","FossilizedHelix","WarpedTongs","Cursed Key","White Beast Statue","Molten Egg 2","Orichalcum","Mercury Hourglass"],"acts_visited":["Exordium","TheCity"],"potions_floor_usage":[16,24,27],"damage_taken":[{"damage":0,"enemies":"Jaw Worm","floor":1,"turns":1},{"damage":0,"enemies":"2 Louse","floor":3,"turns":1},{"damage":2,"enemies":"Cultist","floor":4,"turns":3},{"damage":2,"enemies":"Red Slaver","floor":5,"turns":3},{"damage":6,"enemies":"HollowMod:MossKnight","floor":7,"turns":11},{"damage":16,"enemies":"Large Slime","floor":10,"turns":6},{"damage":21,"enemies":"3 Sentries","floor":11,"turns":10},{"damage":2,"enemies":"Looter","floor":14,"turns":3},{"damage":24,"enemies":"Slime Boss","floor":16,"turns":13},{"damage":14,"enemies":"Chosen","floor":18,"turns":5},{"damage":10,"enemies":"2 Thieves","floor":22,"turns":3},{"damage":8,"enemies":"Book of Stabbing","floor":24,"turns":4},{"damage":2,"enemies":"Snake Plant","floor":25,"turns":4},{"damage":30,"enemies":"Slavers","floor":27,"turns":7},{"damage":9,"enemies":"Cultist and Chosen","floor":29,"turns":4}],"seed_played":"-5693411588308926875","potions_obtained":[{"floor":3,"key":"bronze:BurnAndBuffPotion"},{"floor":7,"key":"champ:CounterPotion"},{"floor":10,"key":"LiquidBronze"},{"floor":25,"key":"Swift Potion"},{"floor":27,"key":"DuplicationPotion"}],"is_trial":false,"path_per_floor":["M","?","M","M","M","R","E","R","T","M","E","R","?","M","R","B",null,"M","$","?","?","M","R","E","M","T","E","T","M"],"character_chosen":"HERMIT","items_purchased":["Apotheosis","hermit:ShadowCloak"],"campfire_rested":1,"item_purchase_floors":[19,19],"current_hp_per_floor":[75,64,64,62,60,60,54,54,54,38,17,17,17,15,37,13,75,61,61,55,55,45,45,37,35,35,5,5,0,0],"gold":194,"neow_bonus":"THREE_ENEMY_KILL","is_daily":false,"chose_seed":false,"campfire_upgraded":4,"win_rate":0.0,"timestamp":1610914355,"path_taken":["M","?","M","M","M","R","E","R","T","M","E","R","?","?","R","BOSS","M","$","?","?","M","R","E","M","T","E","?","M"],"items_purchased_type":["Card","Card"],"build_version":"2020-12-22","purchased_purges":1,"victory":false,"max_hp_per_floor":[75,75,75,75,75,75,75,75,75,75,75,75,75,75,75,75,75,75,75,75,75,75,75,75,75,75,75,75,75,75],"card_choices":[{"not_picked":["hermit:HoleUp","hermit:Headshot"],"picked":"hermit:Glare","floor":1},{"not_picked":["hermit:WideOpen","hermit:CalledShot"],"picked":"hermit:CursedWeapon","floor":3},{"not_picked":["hermit:Quickdraw","hermit:CalledShot"],"picked":"hermit:GhostlyPresence","floor":4},{"not_picked":["hermit:SprayPray","hermit:Snipe"],"picked":"hermit:Determination","floor":5},{"not_picked":["hermit:ItchyTrigger","hermit:Snipe"],"picked":"hermit:FinalCanter","floor":7},{"not_picked":["hermit:TrackingShot","hermit:ItchyTrigger"],"picked":"hermit:Quickdraw","floor":10},{"not_picked":["hermit:Manifest","hermit:Roulette"],"picked":"hermit:Vantage","floor":11},{"not_picked":["hermit:Combo","hermit:WideOpen"],"picked":"hermit:BodyArmor","floor":14},{"not_picked":["hermit:Magnum","hermit:Dissolve"],"picked":"hermit:OverwhelmingPower","floor":16},{"not_picked":["hermit:Manifest","hermit:WideOpen","hermit:CalledShot"],"picked":"SKIP","floor":18},{"not_picked":["hermit:Roulette","hermit:Quickdraw"],"picked":"hermit:LuckOfTheDraw+1","floor":22},{"not_picked":["hermit:LoneWolf","hermit:Roulette"],"picked":"hermit:Desperado","floor":24},{"not_picked":["hermit:Quickdraw","hermit:CalledShot","hermit:Snipe"],"picked":"SKIP","floor":25},{"not_picked":["hermit:DeadMansHand","hermit:Desperado+1"],"picked":"hermit:Roulette+1","floor":27}],"player_experience":28928,"relics_obtained":[{"floor":7,"key":"HollowMod:LifeEnderRelic"},{"floor":9,"key":"CaptainsWheel"},{"floor":11,"key":"FossilizedHelix"},{"floor":24,"key":"White Beast Statue"},{"floor":26,"key":"Molten Egg 2"},{"floor":27,"key":"Orichalcum"},{"floor":28,"key":"Mercury Hourglass"}],"event_choices":[{"damage_healed":0,"gold_gain":75,"player_choice":"Gather Gold","damage_taken":11,"max_hp_gain":0,"max_hp_loss":0,"event_name":"World of Goop","floor":2,"gold_loss":0},{"damage_healed":0,"gold_gain":0,"player_choice":"Rummage","damage_taken":0,"relics_obtained":["WarpedTongs"],"max_hp_gain":0,"max_hp_loss":0,"event_name":"Accursed Blacksmith","floor":13,"gold_loss":0,"cards_obtained":["Pain"]},{"damage_healed":0,"gold_gain":0,"player_choice":"","damage_taken":6,"max_hp_gain":0,"max_hp_loss":0,"event_name":"Knowing Skull","floor":20,"potions_obtained":[],"gold_loss":0,"cards_obtained":[]},{"cards_removed":["hermit:Defend_Hermit"],"damage_healed":0,"gold_gain":0,"player_choice":"Purged","damage_taken":0,"max_hp_gain":0,"max_hp_loss":0,"event_name":"Purifier","floor":21,"gold_loss":0}],"is_beta":false,"boss_relics":[{"not_picked":["Coffee Dripper","hermit:ClaspedLocket"],"picked":"Cursed Key"}],"items_purged_floors":[19],"is_endless":false,"potions_floor_spawned":[3,7,10,25,27],"killed_by":"Cultist and Chosen","ascension_level":0}}