{"host":"sav7uxregyirlf69","time":1610900691,"event":{"mods":["AchievementEnabler","BaseMod","Colored Map","DeckTracker","Keyboard Shortcuts","Minty Spire (QoL Compilation)","READ ME - Guardian Mod","StSLib","SuperFastMode"],"gold_per_floor":[113,113,126,142,142,142,67,96,96,114,146,165,199,212,212,314,314,330,510,525,3,3,3,15,44,44,44,75,75,75,102,102,205,205,218,218,93,138,158,186,186,201,225,236,263,17,17,34,34,34,34,34,8,40,40],"floor_reached":56,"language":"KOR","playtime":1509,"items_purged":["Defend_P","Strike_P","Strike_P","Strike_P"],"score":2012,"play_id":"a2c840e3-1735-45b9-87f0-bf5d00f900c0","local_time":"20210118012451","is_ascension_mode":true,"campfire_choices":[{"data":"Pray","floor":6.0,"key":"SMITH"},{"floor":15,"key":"REST"},{"data":"MentalFortress","floor":23,"key":"SMITH"},{"data":"Scrawl","floor":27,"key":"SMITH"},{"floor":32,"key":"REST"},{"floor":49,"key":"RECALL"},{"data":"MentalFortress","floor":52,"key":"SMITH"}],"circlet_count":0,"master_deck":["AscendersBane","Strike_P+1","Defend_P+1","Defend_P","Defend_P","Eruption+1","Vigilance","Pray+1","FearNoEvil","Prostrate","ConjureBlade+1","EmptyFist","Scrawl+1","MentalFortress+1","Brilliance","Crescendo+1","InnerPeace+1","Tantrum+1","MasterReality","Adaptation+1","MentalFortress+1"],"relics":["PureWater","Shuriken","Potion Belt","Ice Cream","StoneCalendar","VioletLotus","Lee\u0027s Waffle","Anchor","Mummified Hand","TeardropLocket","PreservedInsect","Black Star","FossilizedHelix","Damaru","Singing Bowl","War Paint","Blue Candle","Letter Opener","Membership Card","Vajra","StrikeDummy"],"acts_visited":["Exordium","TheCity","TheBeyond","TheEnding"],"potions_floor_usage":[18,28,31,38,50,50,55,55,55],"damage_taken":[{"damage":0.0,"enemies":"Jaw Worm","floor":1.0,"turns":2.0},{"damage":1.0,"enemies":"Small Slimes","floor":3.0,"turns":5.0},{"damage":11.0,"enemies":"Cultist","floor":4.0,"turns":5.0},{"damage":16.0,"enemies":"Gremlin Nob","floor":8.0,"turns":3.0},{"damage":10.0,"enemies":"Exordium Thugs","floor":10.0,"turns":5.0},{"damage":38.0,"enemies":"3 Sentries","floor":11.0,"turns":13.0},{"damage":0.0,"enemies":"2 Fungi Beasts","floor":12.0,"turns":2.0},{"damage":0,"enemies":"Lagavulin","floor":13,"turns":4},{"damage":0,"enemies":"Large Slime","floor":14,"turns":4},{"damage":0,"enemies":"Slime Boss","floor":16,"turns":6},{"damage":29,"enemies":"3 Byrds","floor":18,"turns":5},{"damage":0,"enemies":"Chosen","floor":20,"turns":3},{"damage":6,"enemies":"Centurion and Healer","floor":24,"turns":6},{"damage":18,"enemies":"Slavers","floor":25,"turns":5},{"damage":25,"enemies":"Gremlin Leader","floor":28,"turns":4},{"damage":24,"enemies":"Slavers","floor":31,"turns":4},{"damage":17,"enemies":"Champ","floor":33,"turns":7},{"damage":0,"enemies":"3 Shapes","floor":35,"turns":3},{"damage":17,"enemies":"2 Orb Walkers","floor":38,"turns":4},{"damage":0,"enemies":"Orb Walker","floor":39,"turns":3},{"damage":0,"enemies":"Reptomancer","floor":40,"turns":4},{"damage":0,"enemies":"Transient","floor":42,"turns":5},{"damage":0,"enemies":"Spire Growth","floor":44,"turns":3},{"damage":0,"enemies":"Nemesis","floor":45,"turns":3},{"damage":0,"enemies":"Jaw Worm Horde","floor":48,"turns":3},{"damage":43,"enemies":"Time Eater","floor":50,"turns":5},{"damage":0,"enemies":"Shield and Spear","floor":54,"turns":3},{"damage":27,"enemies":"The Heart","floor":55,"turns":7}],"seed_played":"-3872850888579256385","potions_obtained":[{"floor":1.0,"key":"Explosive Potion"},{"floor":4.0,"key":"Ancient Potion"},{"floor":8.0,"key":"EssenceOfSteel"},{"floor":12.0,"key":"Weak Potion"},{"floor":24,"key":"Energy Potion"},{"floor":25,"key":"StancePotion"},{"floor":33,"key":"Block Potion"},{"floor":38,"key":"Strength Potion"},{"floor":39,"key":"Energy Potion"},{"floor":40,"key":"SpeedPotion"}],"is_trial":false,"path_per_floor":["M","?","M","M","?","R","$","E","T","M","E","M","E","M","R","B",null,"M","?","M","$","T","R","M","E","T","R","E","$","?","E","R","B",null,"M","?","$","?","M","E","?","M","T","M","E","$","?","M","R","B",null,"R","$","E","B",null],"character_chosen":"WATCHER","items_purchased":["Lee\u0027s Waffle","LessonLearned","Anchor","BottledMiracle","Membership Card","MentalFortress","Strength Potion"],"campfire_rested":2,"item_purchase_floors":[21,21,21,21,46,46,53],"current_hp_per_floor":[72,77,76,65,65,65,65,49,49,39,1,1,1,1,26,26,70,41,22,22,91,91,91,85,67,67,67,42,42,42,18,45,28,75,75,101,101,84,84,84,86,88,88,90,92,92,92,94,94,51,92,92,92,94,67],"gold":40,"neow_bonus":"TEN_PERCENT_HP_BONUS","is_daily":false,"chose_seed":false,"campfire_upgraded":4,"win_rate":0.0,"timestamp":1610900691,"path_taken":["M","?","M","M","?","R","$","E","T","M","E","M","E","?","R","BOSS","M","?","M","$","?","R","M","E","T","R","E","$","?","E","R","BOSS","M","?","?","?","M","E","?","?","T","M","E","$","?","M","R","BOSS","R","$","E","BOSS"],"items_purchased_type":["Relic","Card","Relic","Potion","Relic","Card","Potion"],"build_version":"2020-12-22","purchased_purges":4,"victory":true,"max_hp_per_floor":[79,84,84,84,84,84,84,84,84,84,84,84,84,84,84,84,84,84,84,84,91,91,91,91,91,91,91,91,91,91,91,91,91,91,91,101,101,101,101,101,103,105,105,107,109,109,104,106,106,106,106,106,106,108,108],"card_choices":[{"not_picked":["Crescendo","Fasting2"],"picked":"Pray","floor":1.0},{"not_picked":["WreathOfFlame","Vengeance","SashWhip"],"picked":"SKIP","floor":3.0},{"not_picked":["BowlingBash","Halt"],"picked":"FearNoEvil","floor":4.0},{"not_picked":["BowlingBash","EmptyMind"],"picked":"Prostrate","floor":8.0},{"not_picked":["Pray","FlurryOfBlows"],"picked":"ConjureBlade","floor":10.0},{"not_picked":["SashWhip","ForeignInfluence"],"picked":"EmptyFist","floor":11.0},{"not_picked":["FearNoEvil","CutThroughFate","Crescendo"],"picked":"SKIP","floor":12.0},{"not_picked":["FearNoEvil","Evaluate"],"picked":"Scrawl","floor":13},{"not_picked":["EmptyBody","FollowUp"],"picked":"MentalFortress","floor":14},{"not_picked":["Establishment","Ragnarok"],"picked":"Brilliance","floor":16},{"not_picked":["JustLucky","CrushJoints","SashWhip+1"],"picked":"SKIP","floor":18},{"not_picked":["CrushJoints","Crescendo","MentalFortress"],"picked":"SKIP","floor":20},{"not_picked":["FlyingSleeves","Fasting2"],"picked":"Crescendo+1","floor":24},{"not_picked":["Meditate","MasterReality","FearNoEvil"],"picked":"SKIP","floor":25},{"not_picked":["Consecrate+1","ThirdEye+1"],"picked":"InnerPeace","floor":28},{"not_picked":["Prostrate","Perseverance+1","EmptyBody+1"],"picked":"SKIP","floor":31},{"not_picked":["ConjureBlade","Establishment"],"picked":"MasterReality","floor":33},{"not_picked":["SashWhip+1","Crescendo+1","FlyingSleeves+1"],"picked":"SKIP","floor":35},{"not_picked":["Ragnarok","Prostrate+1","ThirdEye+1"],"picked":"SKIP","floor":39},{"not_picked":["BattleHymn","Wallop+1"],"picked":"Adaptation+1","floor":40},{"not_picked":["Dark Shackles","Flash of Steel","PanicButton"],"picked":"Singing Bowl","floor":41},{"not_picked":["DeceiveReality","SignatureMove+1","CutThroughFate+1"],"picked":"Singing Bowl","floor":42},{"not_picked":["ClearTheMind","WaveOfTheHand","EmptyBody"],"picked":"Singing Bowl","floor":44},{"not_picked":["SpiritShield","Worship+1","DeceiveReality"],"picked":"Singing Bowl","floor":45},{"not_picked":["Weave+1","PathToVictory+1","Wireheading"],"picked":"Singing Bowl","floor":48},{"not_picked":["Protect+1","Halt","Collect+1"],"picked":"Singing Bowl","floor":54}],"player_experience":1305924,"relics_obtained":[{"floor":8.0,"key":"Shuriken"},{"floor":9.0,"key":"Potion Belt"},{"floor":11.0,"key":"Ice Cream"},{"floor":13,"key":"StoneCalendar"},{"floor":22,"key":"Mummified Hand"},{"floor":25,"key":"TeardropLocket"},{"floor":28,"key":"PreservedInsect"},{"floor":38,"key":"FossilizedHelix"},{"floor":40,"key":"Damaru"},{"floor":40,"key":"Singing Bowl"},{"floor":43,"key":"War Paint"},{"floor":45,"key":"Blue Candle"},{"floor":45,"key":"Letter Opener"},{"floor":54,"key":"Vajra"},{"floor":54,"key":"StrikeDummy"}],"event_choices":[{"damage_healed":0.0,"max_hp_gain":5.0,"max_hp_loss":0.0,"gold_gain":0.0,"event_name":"Big Fish","player_choice":"Donut","floor":2.0,"gold_loss":0.0,"damage_taken":0.0},{"damage_healed":0.0,"max_hp_gain":0.0,"max_hp_loss":0.0,"gold_gain":0.0,"event_name":"Upgrade Shrine","player_choice":"Upgraded","floor":5.0,"gold_loss":0.0,"damage_taken":0.0,"cards_upgraded":["Eruption"]},{"damage_healed":0,"gold_gain":180,"player_choice":"GOLD GOLD ","damage_taken":19,"max_hp_gain":0,"max_hp_loss":0,"event_name":"Knowing Skull","floor":19,"potions_obtained":[],"gold_loss":0,"cards_obtained":[]},{"damage_healed":0,"gold_gain":0,"player_choice":"Read","damage_taken":0,"max_hp_gain":0,"max_hp_loss":0,"event_name":"The Library","floor":30,"gold_loss":0,"cards_obtained":["Tantrum"]},{"cards_removed":["LessonLearned"],"damage_healed":16,"gold_gain":0,"player_choice":"Offered Rare","damage_taken":0,"max_hp_gain":10,"max_hp_loss":0,"event_name":"Bonfire Elementals","floor":36,"gold_loss":0},{"damage_healed":0,"gold_gain":0,"player_choice":"Fight","damage_taken":0,"max_hp_gain":0,"max_hp_loss":0,"event_name":"Mysterious Sphere","floor":38,"gold_loss":0},{"damage_healed":0,"gold_gain":0,"player_choice":"Memory 1","damage_taken":0,"max_hp_gain":0,"max_hp_loss":0,"event_name":"SensoryStone","floor":41,"gold_loss":0},{"damage_healed":0,"gold_gain":0,"player_choice":"Max HP","damage_taken":0,"max_hp_gain":0,"max_hp_loss":5,"event_name":"Winding Halls","floor":47,"gold_loss":0}],"is_beta":false,"boss_relics":[{"not_picked":["Snecko Eye","Coffee Dripper"],"picked":"VioletLotus"},{"not_picked":["Sozu","Tiny House"],"picked":"Black Star"}],"items_purged_floors":[7,21,37,46],"is_endless":false,"potions_floor_spawned":[1,4,8,12,24,25,33,38,39,40],"ascension_level":10}}