{"host":"bq4pt811tk9yrmjl","time":1610881796,"event":{"mods":["AchievementEnabler","BaseMod","Colored Map","Colored Powertips","Defuse TimeMaze Blight","Hermit","Minty Spire (QoL Compilation)","StSLib","SuperFastMode"],"gold_per_floor":[115,46,46,57,77,103,103,123,123,123,123,111,127,141,141,238,238,225,225,240,89,89,89],"floor_reached":22,"language":"ENG","playtime":465,"items_purged":[],"score":197,"play_id":"9aa80be0-2907-4236-b1c7-71b64c99418d","local_time":"20210117090956","is_ascension_mode":true,"campfire_choices":[{"data":"Noxious Fumes","floor":7.0,"key":"SMITH"},{"data":"Neutralize","floor":10.0,"key":"SMITH"},{"data":"Leg Sweep","floor":15.0,"key":"SMITH"}],"circlet_count":0,"master_deck":["Strike_G","Strike_G","Strike_G","Defend_G","Defend_G","Defend_G","Defend_G","Defend_G","Survivor","Neutralize+1","Infinite Blades+1","Noxious Fumes+1","PiercingWail","Flying Knee","Leg Sweep+1","Blade Dance","Blade Dance","After Image"],"relics":["Ring of the Snake","NeowsBlessing","Gambling Chip","Empty Cage","TwistedFunnel"],"acts_visited":["Exordium","TheCity"],"potions_floor_usage":[],"damage_taken":[{"damage":0.0,"enemies":"Jaw Worm","floor":1.0,"turns":1.0},{"damage":0.0,"enemies":"Cultist","floor":4.0,"turns":1.0},{"damage":0.0,"enemies":"Small Slimes","floor":5.0,"turns":1.0},{"damage":8.0,"enemies":"Lagavulin","floor":6.0,"turns":8.0},{"damage":0.0,"enemies":"3 Louse","floor":8.0,"turns":3.0},{"damage":2.0,"enemies":"Exordium Thugs","floor":12.0,"turns":4.0},{"damage":0.0,"enemies":"Large Slime","floor":13.0,"turns":5.0},{"damage":4.0,"enemies":"2 Fungi Beasts","floor":14.0,"turns":4.0},{"damage":11.0,"enemies":"Hexaghost","floor":16.0,"turns":9.0},{"damage":13.0,"enemies":"2 Thieves","floor":18.0,"turns":4.0},{"damage":1.0,"enemies":"Chosen","floor":20.0,"turns":6.0},{"damage":0,"enemies":"Shelled Parasite and Fungi","floor":22,"turns":2}],"seed_played":"2944806171992762372","potions_obtained":[{"floor":1.0,"key":"EntropicBrew"},{"floor":12.0,"key":"PowerPotion"},{"floor":16.0,"key":"DuplicationPotion"},{"floor":20.0,"key":"SpeedPotion"}],"is_trial":false,"path_per_floor":["M","$","?","M","M","E","R","M","T","R","$","M","M","M","R","B",null,"M","?","M","$","M"],"character_chosen":"THE_SILENT","items_purchased":["Infinite Blades","TwistedFunnel"],"campfire_rested":0,"item_purchase_floors":[2,21],"current_hp_per_floor":[70,70,70,70,70,62,62,62,62,62,62,60,60,56,56,45,70,57,51,50,50,50,50],"gold":89,"neow_bonus":"THREE_ENEMY_KILL","is_daily":false,"chose_seed":false,"campfire_upgraded":3,"win_rate":0.0,"timestamp":1610881796,"path_taken":["M","$","?","M","M","E","R","M","T","R","$","M","?","M","R","BOSS","M","?","?","?","?"],"items_purchased_type":["Card","Relic"],"build_version":"2020-12-22","purchased_purges":0,"victory":false,"max_hp_per_floor":[70,70,70,70,70,70,70,70,70,70,70,70,70,70,70,70,70,70,70,70,70,70,70],"card_choices":[{"not_picked":["Distraction","Footwork","Poisoned Stab"],"picked":"SKIP","floor":1.0},{"not_picked":["Crippling Poison","Underhanded Strike"],"picked":"Noxious Fumes","floor":4.0},{"not_picked":["Acrobatics","Dagger Throw"],"picked":"PiercingWail","floor":5.0},{"not_picked":["A Thousand Cuts","Poisoned Stab"],"picked":"Flying Knee","floor":6.0},{"not_picked":["Underhanded Strike","Dagger Spray"],"picked":"Leg Sweep","floor":8.0},{"not_picked":["Backstab","Footwork"],"picked":"Blade Dance","floor":12.0},{"not_picked":["PiercingWail","Slice"],"picked":"Blade Dance","floor":13.0},{"not_picked":["Catalyst","Backflip","Dagger Throw"],"picked":"SKIP","floor":14.0},{"not_picked":["Envenom","Grand Finale"],"picked":"After Image","floor":16.0},{"not_picked":["Masterful Stab","Quick Slash","Infinite Blades"],"picked":"SKIP","floor":18.0},{"not_picked":["Dagger Spray","Underhanded Strike","Footwork"],"picked":"SKIP","floor":20.0}],"player_experience":170056,"relics_obtained":[{"floor":6.0,"key":"Gambling Chip"}],"event_choices":[{"damage_healed":0.0,"max_hp_gain":0.0,"max_hp_loss":0.0,"gold_gain":0.0,"event_name":"Upgrade Shrine","player_choice":"Upgraded","floor":3.0,"gold_loss":0.0,"damage_taken":0.0,"cards_upgraded":["Infinite Blades"]},{"damage_healed":0.0,"max_hp_gain":0.0,"max_hp_loss":0.0,"gold_gain":0.0,"event_name":"Knowing Skull","player_choice":"","floor":19.0,"potions_obtained":[],"gold_loss":0.0,"damage_taken":6.0,"cards_obtained":[]}],"is_beta":false,"boss_relics":[{"not_picked":["Velvet Choker","Snecko Eye"],"picked":"Empty Cage"}],"items_purged_floors":[],"is_endless":false,"potions_floor_spawned":[1,5,12,16,20],"killed_by":"Shelled Parasite and Fungi","ascension_level":1}}