{"host":"vlqejv0notyktumz","time":1610854373,"event":{"mods":["AchievementEnabler","BaseMod","Colored Map","Colored Powertips","Downfall","Googly Eyes","Minty Spire (QoL Compilation)","StSLib"],"gold_per_floor":[114,126,126,126,126,126,151,151,178,178,239,255,289,309,309,406,406,421,145,0,17,37,37,37,37,37,69,82,82,10,24,24,126,126,137,37,53,53,3,3,28,54,89,101,141,169,181,210,222,234,234],"floor_reached":50,"language":"ENG","playtime":1271,"items_purged":["Strike_B","Defend_B"],"score":869,"play_id":"218b6578-cb98-4538-b552-c7e360c5dae7","local_time":"20210116213253","is_ascension_mode":true,"campfire_choices":[{"data":"Zap","floor":6,"key":"SMITH"},{"data":"Electrodynamics","floor":8,"key":"SMITH"},{"data":"FTL","floor":10,"key":"SMITH"},{"data":"Melter","floor":15,"key":"SMITH"},{"data":"Coolheaded","floor":23,"key":"SMITH"},{"data":"Go for the Eyes","floor":25,"key":"SMITH"},{"data":"FTL","floor":29,"key":"SMITH"},{"floor":32,"key":"REST"},{"data":"Conserve Battery","floor":40,"key":"SMITH"},{"floor":49,"key":"REST"}],"circlet_count":0,"master_deck":["Defend_B","Defend_B","Defend_B","Zap+1","Dualcast+1","FTL+1","Gash","Electrodynamics+1","Ball Lightning","FTL+1","Melter+1","All For One+1","Sweeping Beam+1","Go for the Eyes+1","Leap+1","Coolheaded+1","Bite","Bite","Bite","Bite","Bite","Defragment+1","Undo+1","Gash","Machine Learning","Stack+1","Conserve Battery+1","Defragment+1","Redo+1","BootSequence+1","Beam Cell+1"],"relics":["Cracked Core","NeowsBlessing","Unceasing Top","Dream Catcher","Singing Bowl","Sozu","Nunchaku","Symbiotic Virus","Centennial Puzzle","Runic Pyramid","MawBank","Bronze Scales","Pocketwatch"],"acts_visited":["Exordium","TheCity","TheBeyond"],"potions_floor_usage":[13,33,33,33],"damage_taken":[{"damage":0,"enemies":"Cultist","floor":1,"turns":1},{"damage":0,"enemies":"Jaw Worm","floor":2,"turns":1},{"damage":0,"enemies":"3 Sentries","floor":7,"turns":1},{"damage":5,"enemies":"3 Sentries","floor":11,"turns":3},{"damage":0,"enemies":"Small Slimes","floor":12,"turns":1},{"damage":10,"enemies":"Lagavulin","floor":13,"turns":5},{"damage":0,"enemies":"2 Fungi Beasts","floor":14,"turns":2},{"damage":0,"enemies":"Slime Boss","floor":16,"turns":5},{"damage":12,"enemies":"Chosen","floor":18,"turns":2},{"damage":0,"enemies":"3 Byrds","floor":21,"turns":2},{"damage":8,"enemies":"Snecko","floor":22,"turns":4},{"damage":33,"enemies":"Book of Stabbing","floor":27,"turns":5},{"damage":6,"enemies":"Snake Plant","floor":28,"turns":3},{"damage":17,"enemies":"Centurion and Healer","floor":31,"turns":3},{"damage":19,"enemies":"Champ","floor":33,"turns":8},{"damage":8,"enemies":"3 Darklings","floor":35,"turns":2},{"damage":7,"enemies":"3 Shapes","floor":37,"turns":3},{"damage":44,"enemies":"Nemesis","floor":41,"turns":9},{"damage":11,"enemies":"Sphere and 2 Shapes","floor":42,"turns":3},{"damage":12,"enemies":"Reptomancer","floor":45,"turns":4},{"damage":27,"enemies":"Jaw Worm Horde","floor":46,"turns":4},{"damage":5,"enemies":"4 Shapes","floor":48,"turns":5},{"damage":74,"enemies":"Time Eater","floor":50,"turns":4}],"seed_played":"-7467974882964115543","potions_obtained":[{"floor":7,"key":"PowerPotion"},{"floor":12,"key":"FocusPotion"},{"floor":13,"key":"Slimebound:ThreeZeroPotion"},{"floor":16,"key":"Dexterity Potion"}],"is_trial":false,"path_per_floor":["M","M","?","?","?","R","E","R","T","R","?","M","E","M","R","B",null,"M","$","?","M","M","R","?","R","T","E","M","R","$","M","R","B",null,"M","$","M","?","$","R","E","M","T","?","E","M","?","M","R","B"],"character_chosen":"DEFECT","items_purchased":["Go for the Eyes","Nunchaku","Undo","Conserve Battery"],"campfire_rested":2,"item_purchase_floors":[19,19,30,39],"current_hp_per_floor":[68,68,68,61,61,61,61,61,61,61,56,58,50,54,54,56,72,62,62,62,64,58,58,58,58,58,31,35,35,35,22,47,48,73,75,75,70,70,70,70,48,39,39,39,33,12,12,15,42,0,0],"gold":234,"neow_bonus":"THREE_ENEMY_KILL","is_daily":false,"chose_seed":false,"campfire_upgraded":8,"win_rate":0.0,"timestamp":1610854373,"path_taken":["M","M","?","?","?","R","E","R","T","R","?","M","E","M","R","BOSS","M","$","?","M","M","R","?","R","T","E","M","R","?","M","R","BOSS","M","$","M","?","?","R","E","M","T","?","E","?","?","?","R","BOSS"],"items_purchased_type":["Card","Relic","Card","Card"],"build_version":"2020-12-22","purchased_purges":2,"victory":false,"max_hp_per_floor":[75,75,75,75,75,75,75,75,75,75,75,75,75,77,77,77,77,77,77,77,77,77,77,77,77,77,77,79,79,79,79,81,81,81,83,83,83,83,83,83,85,85,85,85,85,85,85,85,87,87,87],"card_choices":[{"not_picked":["Go for the Eyes","Coolheaded"],"picked":"FTL","floor":1},{"not_picked":["Barrage","Coolheaded"],"picked":"Gash","floor":2},{"not_picked":["Static Discharge","Rebound"],"picked":"Electrodynamics","floor":7},{"not_picked":["Reinforced Body","Stack"],"picked":"Ball Lightning","floor":11},{"not_picked":["Sweeping Beam","Barrage"],"picked":"FTL","floor":12},{"not_picked":["White Noise","Cold Snap"],"picked":"Melter","floor":13},{"not_picked":["Rebound","Sweeping Beam","Steam"],"picked":"Singing Bowl","floor":14},{"not_picked":["Machine Learning","Meteor Strike"],"picked":"All For One","floor":16},{"not_picked":["Darkness","Turbo"],"picked":"Sweeping Beam+1","floor":18},{"not_picked":["Go for the Eyes+1","Ball Lightning"],"picked":"Leap+1","floor":21},{"not_picked":["Chaos","Force Field"],"picked":"Coolheaded","floor":22},{"not_picked":["Stack","Genetic Algorithm"],"picked":"Defragment+1","floor":27},{"not_picked":["Sunder","Go for the Eyes","Heatsinks"],"picked":"Singing Bowl","floor":28},{"not_picked":["Conserve Battery","All For One"],"picked":"Gash","floor":31},{"not_picked":["Cold Snap+1","Skim","Turbo"],"picked":"Singing Bowl","floor":32},{"not_picked":["Amplify","Electrodynamics"],"picked":"Machine Learning","floor":33},{"not_picked":["Steam Power","Coolheaded+1","Aggregate"],"picked":"Singing Bowl","floor":35},{"not_picked":["Hello World+1","Streamline"],"picked":"Stack+1","floor":37},{"not_picked":["Force Field","Fusion","Compile Driver"],"picked":"Singing Bowl","floor":41},{"not_picked":["Gash","Skim+1"],"picked":"Defragment+1","floor":42},{"not_picked":["Rebound+1","Go for the Eyes+1"],"picked":"Redo+1","floor":45},{"not_picked":["Compile Driver","Amplify"],"picked":"BootSequence+1","floor":46},{"not_picked":["Aggregate","Go for the Eyes"],"picked":"Beam Cell+1","floor":48},{"not_picked":["Go for the Eyes","Streamline","Genetic Algorithm+1"],"picked":"Singing Bowl","floor":49}],"player_experience":351908,"relics_obtained":[{"floor":7,"key":"Unceasing Top"},{"floor":9,"key":"Dream Catcher"},{"floor":11,"key":"Blood Vial"},{"floor":13,"key":"Singing Bowl"},{"floor":26,"key":"Symbiotic Virus"},{"floor":27,"key":"Centennial Puzzle"},{"floor":41,"key":"MawBank"},{"floor":43,"key":"Bronze Scales"},{"floor":45,"key":"Pocketwatch"}],"event_choices":[{"cards_removed":["Strike_B"],"damage_healed":0,"gold_gain":0,"player_choice":"Card Removal","damage_taken":7,"max_hp_gain":0,"max_hp_loss":0,"event_name":"Golden Wing","floor":4,"gold_loss":0},{"damage_healed":0,"gold_gain":0,"player_choice":"Grow","damage_taken":0,"max_hp_gain":0,"max_hp_loss":0,"event_name":"Living Wall","floor":5,"gold_loss":0,"cards_upgraded":["Dualcast"]},{"damage_healed":0,"gold_gain":0,"player_choice":"Searched \u00272\u0027 times","damage_taken":0,"max_hp_gain":0,"max_hp_loss":0,"event_name":"Dead Adventurer","floor":11,"gold_loss":0},{"damage_healed":0,"gold_gain":0,"player_choice":"Paid Fearfully","damage_taken":0,"max_hp_gain":0,"max_hp_loss":0,"event_name":"Masked Bandits","floor":20,"gold_loss":145},{"damage_healed":0,"gold_gain":0,"player_choice":"Became a vampire (Vial)","damage_taken":0,"max_hp_gain":0,"max_hp_loss":0,"event_name":"Vampires","floor":24,"relics_lost":["Blood Vial"],"gold_loss":0,"cards_obtained":["Bite","Bite","Bite","Bite","Bite"]},{"damage_healed":0,"gold_gain":0,"player_choice":"Forge","damage_taken":0,"max_hp_gain":0,"max_hp_loss":0,"event_name":"Accursed Blacksmith","floor":38,"gold_loss":0,"cards_upgraded":["Undo"]},{"damage_healed":0,"gold_gain":0,"player_choice":"Bought 0 Potions","damage_taken":0,"max_hp_gain":0,"max_hp_loss":0,"event_name":"The Woman in Blue","floor":44,"gold_loss":0},{"damage_healed":0,"gold_gain":0,"player_choice":"Upgraded","damage_taken":0,"max_hp_gain":0,"max_hp_loss":0,"event_name":"Upgrade Shrine","floor":47,"gold_loss":0,"cards_upgraded":["All For One"]}],"is_beta":false,"boss_relics":[{"not_picked":["SacredBark","Philosopher\u0027s Stone"],"picked":"Sozu"},{"not_picked":["FrozenCore","bronze:MakeshiftBattery"],"picked":"Runic Pyramid"}],"items_purged_floors":[19,36],"is_endless":false,"potions_floor_spawned":[7,12,13,16,18,21,33,35,42,45],"killed_by":"Time Eater","ascension_level":8}}