{"host":"nsu382cuivk29rjh","time":1610867823,"event":{"mods":["BaseMod","Downfall","Minty Spire (QoL Compilation)","StSLib"],"gold_per_floor":[99,99,99,99,147,47,47,47,78,78,107,123,123,137,152,248,248,248,248,267,267,284,284,284,297,325,345,345,377,391,417,428,428,428,428],"floor_reached":33,"language":"ZHS","playtime":1370,"items_purged":[],"score":422,"play_id":"ecbe69fe-f005-45e5-a8b7-98c4affc9104","local_time":"20210117151703","is_ascension_mode":true,"campfire_choices":[{"floor":1.0,"key":"RECALL"},{"data":"Guardian:TwinSlam","floor":6.0,"key":"SMITH"},{"data":"Guardian:Defend_Guardian","floor":8.0,"key":"SMITH"},{"data":"Guardian:TemporalShield","floor":10.0,"key":"SMITH"},{"data":"Guardian:BaubleBeam","floor":18.0,"key":"SMITH"},{"floor":28.0,"key":"REST"}],"circlet_count":0,"master_deck":["Guardian:Strike_Guardian","Guardian:Strike_Guardian","Guardian:Strike_Guardian+1","Guardian:Strike_Guardian","Guardian:Defend_Guardian+1","Guardian:Defend_Guardian","Guardian:Defend_Guardian+1","Guardian:Defend_Guardian","Guardian:CurlUp+1","Guardian:TwinSlam+1","Guardian:Gem_Red","Guardian:TemporalShield+1","Guardian:BaubleBeam+1","Guardian:StasisEngine","Guardian:RollAttack+1","Guardian:BronzeArmor","Pain","Guardian:CompilePackage","Guardian:Repulse+1","Guardian:Gem_Crimson","Guardian:Gem_Green","Guardian:Gem_Purple","Guardian:Gem_Lightblue","Guardian:BronzeArmor"],"relics":["Guardian:ModeShifter","downfall:HeartsMalice","Potion Belt","downfall:HeartBlessingRed","Lizard Tail","Omamori","Guardian:DefensiveModeMoreBlock","Spirit Poop","Philosopher\u0027s Stone","Du-Vu Doll","Darkstone Periapt","Nunchaku","Strawberry","Sundial"],"acts_visited":["Exordium","TheCity"],"potions_floor_usage":[31,31,31],"damage_taken":[{"damage":0.0,"enemies":"Cultist","floor":2.0,"turns":1.0},{"damage":0.0,"enemies":"2 Louse","floor":3.0,"turns":1.0},{"damage":0.0,"enemies":"Lagavulin","floor":9.0,"turns":1.0},{"damage":36.0,"enemies":"Gremlin Nob","floor":11.0,"turns":5.0},{"damage":1.0,"enemies":"Jaw Worm","floor":12.0,"turns":3.0},{"damage":0.0,"enemies":"3 Louse","floor":14.0,"turns":5.0},{"damage":0.0,"enemies":"Red Slaver","floor":15.0,"turns":4.0},{"damage":42.0,"enemies":"IC_STATUS_ARCHETYPE","floor":16.0,"turns":14.0},{"damage":1.0,"enemies":"Spheric Guardian","floor":20.0,"turns":5.0},{"damage":10.0,"enemies":"Centurion and Healer","floor":22.0,"turns":8.0},{"damage":6.0,"enemies":"3 Cultists","floor":25.0,"turns":5.0},{"damage":22.0,"enemies":"Slavers","floor":26.0,"turns":6.0},{"damage":10.0,"enemies":"Cultist and Chosen","floor":27.0,"turns":6.0},{"damage":31.0,"enemies":"Book of Stabbing","floor":29.0,"turns":6.0},{"damage":2.0,"enemies":"Snake Plant","floor":30.0,"turns":4.0},{"damage":22,"enemies":"Gremlin Leader","floor":31,"turns":7},{"damage":5,"enemies":"Snecko","floor":32,"turns":6},{"damage":38,"enemies":"WA_ARCHETYPE_CALM","floor":33,"turns":5}],"seed_played":"-2638596365016476721","potions_obtained":[{"floor":9.0,"key":"Energy Potion"},{"floor":11.0,"key":"Explosive Potion"},{"floor":15.0,"key":"champ:CounterPotion"},{"floor":19.0,"key":"CultistPotion"},{"floor":20.0,"key":"EssenceOfSteel"},{"floor":29.0,"key":"Regen Potion"},{"floor":30.0,"key":"LiquidBronze"},{"floor":31,"key":"Fire Potion"}],"is_trial":false,"path_per_floor":["R","M","M","?","T","R","T","R","E","R","E","M","?","M","M","B",null,"R","?","M","?","M","?","T","M","E","M","R","E","M","E","M","B"],"character_chosen":"GUARDIAN","items_purchased":[],"campfire_rested":1,"item_purchase_floors":[],"current_hp_per_floor":[80,80,80,80,80,80,80,80,80,80,44,43,43,43,43,1,60,60,60,59,59,49,49,49,43,21,11,35,11,21,43,38,0,0,0],"gold":428,"neow_bonus":"THREE_ENEMY_KILL","is_daily":false,"chose_seed":false,"campfire_upgraded":4,"win_rate":0.0,"timestamp":1610867823,"path_taken":["R","M","?","?","?","R","T","R","E","R","E","M","?","?","M","BOSS","R","?","M","?","M","?","T","M","E","M","R","E","M","E","M","BOSS"],"items_purchased_type":[],"build_version":"2020-12-22","purchased_purges":0,"victory":false,"max_hp_per_floor":[80,80,80,80,80,80,80,80,80,80,80,80,80,80,80,80,80,80,80,80,80,80,80,80,80,80,80,80,87,87,87,87,87,87,87],"card_choices":[{"not_picked":["Guardian:DonusPower","Guardian:PrimingBeam"],"picked":"Guardian:Gem_Cyan","floor":2.0},{"not_picked":["Guardian:PrimingBeam","Guardian:RollAttack"],"picked":"Guardian:Gem_Red","floor":3.0},{"not_picked":["Guardian:PiercingHide","Guardian:Planning"],"picked":"Guardian:TemporalShield","floor":9.0},{"not_picked":["Guardian:ChargeCore","Guardian:DonusPower"],"picked":"Guardian:BaubleBeam","floor":11.0},{"not_picked":["Guardian:Reroute","Guardian:Gem_Cyan"],"picked":"Guardian:Gem_Blue","floor":12.0},{"not_picked":["Guardian:TemporalStrike","Guardian:Gem_Lightblue","Guardian:Suspension"],"picked":"SKIP","floor":14.0},{"not_picked":["Guardian:TemporalShield","Guardian:PrimingBeam"],"picked":"Guardian:Gem_Green","floor":15.0},{"not_picked":["Guardian:GemFinder","Guardian:SphericShield"],"picked":"Guardian:StasisEngine","floor":16.0},{"not_picked":["Guardian:Gem_Red","Guardian:Gem_Green"],"picked":"Guardian:RollAttack+1","floor":20.0},{"not_picked":["Guardian:FuturePlans+1","Guardian:ShieldCharger+1"],"picked":"Guardian:BronzeArmor","floor":22.0},{"not_picked":["Guardian:TimeCapacitor+1","Guardian:EvasiveProtocol"],"picked":"Guardian:Repulse+1","floor":25.0},{"not_picked":["Guardian:SpikerProtocol","Guardian:ShieldCharger"],"picked":"Guardian:Gem_Crimson","floor":26.0},{"not_picked":["Guardian:ChargeCore","Guardian:EvasiveProtocol"],"picked":"Guardian:Gem_Green","floor":27.0},{"not_picked":["Guardian:WalkerClaw","Guardian:RefractedBeam"],"picked":"Guardian:Gem_Purple","floor":29.0},{"not_picked":["Guardian:ShieldCharger+1","Guardian:StasisStrike"],"picked":"Guardian:Gem_Lightblue","floor":30.0},{"not_picked":["Guardian:BronzeOrb","Guardian:ChargeCore"],"picked":"Guardian:BronzeArmor","floor":31},{"not_picked":["Guardian:Reroute+1","Guardian:RefractedBeam","Guardian:Clone"],"picked":"SKIP","floor":32}],"player_experience":1141594,"relics_obtained":[{"floor":5.0,"key":"Potion Belt"},{"floor":7.0,"key":"Lizard Tail"},{"floor":9.0,"key":"Omamori"},{"floor":11.0,"key":"Guardian:DefensiveModeMoreBlock"},{"floor":24.0,"key":"Darkstone Periapt"},{"floor":26.0,"key":"Nunchaku"},{"floor":29.0,"key":"Strawberry"},{"floor":31,"key":"Sundial"}],"event_choices":[{"cards_removed":["downfall:Malfunctioning"],"damage_healed":0.0,"max_hp_gain":0.0,"max_hp_loss":0.0,"gold_gain":0.0,"event_name":"Bonfire Elementals","player_choice":"Offered Curse","floor":13.0,"gold_loss":0.0,"damage_taken":0.0,"relics_obtained":["Spirit Poop"]}],"is_beta":false,"boss_relics":[{"not_picked":["Tiny House","Velvet Choker"],"picked":"Philosopher\u0027s Stone"}],"items_purged_floors":[],"is_endless":false,"potions_floor_spawned":[9,11,15,20,29,30,31],"killed_by":"WA_ARCHETYPE_CALM","ascension_level":5}}