{"host":"5oxscleocp360blz","time":1610862050,"event":{"mods":["AchievementEnabler","BaseMod","Marisa????????","Minty Spire (QoL Compilation)","Replay The Spire","StSLib","The Necromancer"],"gold_per_floor":[109,109,109,124,49,49,124,139,165,165,184,201,215,234,234,331,331,346,365,365,68,86,86,10,10,10,75,75,137,137,181,181,286,286,330,342,357,357,357],"floor_reached":38,"language":"ENG","playtime":2352,"items_purged":["Strike_P"],"score":488,"play_id":"94800113-e642-43bf-88ac-8fb0083a06a6","local_time":"20210117024050","is_ascension_mode":true,"campfire_choices":[{"data":"Eruption","floor":6.0,"key":"SMITH"},{"data":"Evaluate","floor":10.0,"key":"SMITH"},{"data":"Ragnarok","floor":15.0,"key":"SMITH"},{"data":"MentalFortress","floor":25.0,"key":"SMITH"},{"data":"Vault","floor":28.0,"key":"SMITH"},{"data":"Replay:Hum","floor":30.0,"key":"SMITH"},{"floor":32.0,"key":"REST"}],"circlet_count":0,"master_deck":["Strike_P","Strike_P","Defend_P","Defend_P","Defend_P","Defend_P","Eruption+1","Vigilance","CutThroughFate","CutThroughFate","Evaluate+1","CutThroughFate","Ragnarok+1","Replay:Hum+1","Vault+1","Wireheading","EmptyBody+1","MentalFortress+1","Wireheading","Replay:ManipulateFuture+1","Wish","Evaluate+1","Replay:Cycle","Tantrum+1"],"relics":["PureWater","NeowsBlessing","ReplayTheSpireMod:Ring of Challenge","Ring of Misfortune","Nunchaku","Painkiller Herb","Boot","ReplayTheSpireMod:TigerMarble","Replay:Mystery Machine","Orichalcum","Busted Crown"],"acts_visited":["Exordium","TheCity","TheBeyond"],"potions_floor_usage":[37,38],"damage_taken":[{"damage":0.0,"enemies":"Small Slimes","floor":1.0,"turns":1.0},{"damage":0.0,"enemies":"2 Louse","floor":4.0,"turns":1.0},{"damage":0.0,"enemies":"Gremlin Nob","floor":7.0,"turns":2.0},{"damage":0.0,"enemies":"Cultist","floor":8.0,"turns":2.0},{"damage":0.0,"enemies":"2 Fungi Beasts","floor":11.0,"turns":3.0},{"damage":0.0,"enemies":"3 Louse","floor":12.0,"turns":3.0},{"damage":12.0,"enemies":"Looter","floor":13.0,"turns":2.0},{"damage":0.0,"enemies":"Large Slime","floor":14.0,"turns":3.0},{"damage":24.0,"enemies":"Slime Boss","floor":16.0,"turns":7.0},{"damage":0.0,"enemies":"Chosen","floor":18.0,"turns":3.0},{"damage":0.0,"enemies":"Spheric Guardian","floor":19.0,"turns":1.0},{"damage":2.0,"enemies":"Snecko","floor":22.0,"turns":4.0},{"damage":23.0,"enemies":"Centurion and Healer","floor":27.0,"turns":5.0},{"damage":8.0,"enemies":"Chosen and Byrds","floor":29.0,"turns":5.0},{"damage":24.0,"enemies":"3 Cultists","floor":31.0,"turns":6.0},{"damage":26.0,"enemies":"Champ","floor":33.0,"turns":9.0},{"damage":40.0,"enemies":"3 Shapes","floor":35.0,"turns":9.0},{"damage":22.0,"enemies":"3 Darklings","floor":36.0,"turns":4.0},{"damage":13,"enemies":"Jaw Worm Horde","floor":37,"turns":5},{"damage":2,"enemies":"Spire Growth","floor":38,"turns":1}],"seed_played":"-1329453487953412169","potions_obtained":[{"floor":1.0,"key":"SteroidPotion"},{"floor":4.0,"key":"SteroidPotion"},{"floor":12.0,"key":"FearPotion"},{"floor":14.0,"key":"Energy Potion"},{"floor":18.0,"key":"ColorlessPotion"},{"floor":27.0,"key":"SteroidPotion"},{"floor":31.0,"key":"Fire Potion"},{"floor":37,"key":"Toxic Potion"}],"is_trial":false,"path_per_floor":["M","?","?","M","$","R","E","M","T","R","M","M","M","M","R","B",null,"?","?","?","T","?","?","T","T","T","?","T","?","T","?","T","B",null,"?","?","?","?"],"character_chosen":"WATCHER","items_purchased":["Boot","ReplayTheSpireMod:TigerMarble","MentalFortress"],"campfire_rested":1,"item_purchase_floors":[21,21,24],"current_hp_per_floor":[72,72,72,72,72,72,72,72,72,72,72,72,60,60,60,36,72,72,72,72,72,70,57,57,57,57,34,34,30,30,6,29,3,77,37,15,2,0,0],"gold":357,"neow_bonus":"THREE_ENEMY_KILL","is_daily":false,"chose_seed":false,"campfire_upgraded":6,"win_rate":0.0,"timestamp":1610862050,"path_taken":["M","?","?","M","$","R","E","M","T","R","?","M","M","M","R","BOSS","?","?","?","T","?","?","T","T","T","?","T","?","T","?","T","BOSS","?","?","?","?"],"items_purchased_type":["Relic","Relic","Card"],"build_version":"2020-12-22","purchased_purges":1,"victory":false,"max_hp_per_floor":[72,72,72,72,72,72,72,72,72,72,72,72,72,72,72,72,72,72,72,72,72,72,77,77,77,77,77,77,77,77,77,77,77,77,77,77,77,77,77],"card_choices":[{"not_picked":["Crescendo","LikeWater"],"picked":"CutThroughFate","floor":1.0},{"not_picked":["Swivel","CrushJoints"],"picked":"CutThroughFate","floor":4.0},{"not_picked":["Prostrate","BattleHymn","PathToVictory"],"picked":"SKIP","floor":7.0},{"not_picked":["Replay:AtTheReady","SashWhip"],"picked":"Evaluate","floor":8.0},{"not_picked":["CutThroughFate","Protect","Evaluate"],"picked":"SKIP","floor":11.0},{"not_picked":["Replay:ManipulateFuture","Halt"],"picked":"CutThroughFate","floor":12.0},{"not_picked":["Swivel","MentalFortress"],"picked":"Ragnarok","floor":13.0},{"not_picked":["ReachHeaven","WreathOfFlame"],"picked":"Replay:Hum","floor":14.0},{"not_picked":["Wish","DeusExMachina"],"picked":"Vault","floor":16.0},{"not_picked":["Meditate","WaveOfTheHand+1"],"picked":"Wireheading","floor":18.0},{"not_picked":["PathToVictory","Sanctity","EmptyBody"],"picked":"SKIP","floor":19.0},{"not_picked":["Swivel","Protect+1"],"picked":"EmptyBody+1","floor":22.0},{"not_picked":["Prostrate","Halt"],"picked":"Wireheading","floor":27.0},{"not_picked":["Replay:LoomingThreat","Halt"],"picked":"Replay:ManipulateFuture+1","floor":29.0},{"not_picked":["SignatureMove","Prostrate","DeceiveReality"],"picked":"SKIP","floor":31.0},{"not_picked":["ConjureBlade","Alpha"],"picked":"Wish","floor":33.0},{"not_picked":[],"picked":"Evaluate+1","floor":35.0},{"not_picked":[],"picked":"Replay:Cycle","floor":36.0},{"not_picked":[],"picked":"Tantrum+1","floor":37}],"player_experience":180874,"relics_obtained":[{"floor":2.0,"key":"ReplayTheSpireMod:Ring of Challenge"},{"floor":2.0,"key":"Ring of Misfortune"},{"floor":7.0,"key":"Nunchaku"},{"floor":26.0,"key":"Replay:Mystery Machine"},{"floor":31.0,"key":"Orichalcum"}],"event_choices":[{"cards_removed":["Strike_P"],"damage_healed":0.0,"max_hp_gain":0.0,"max_hp_loss":0.0,"gold_gain":0.0,"event_name":"Bonfire Elementals","player_choice":"Offered Basic","floor":3.0,"gold_loss":0.0,"damage_taken":0.0},{"damage_healed":0.0,"max_hp_gain":0.0,"max_hp_loss":0.0,"gold_gain":0.0,"event_name":"Vampires","player_choice":"Ignored","floor":20.0,"gold_loss":0.0,"damage_taken":0.0},{"damage_healed":0.0,"max_hp_gain":5.0,"max_hp_loss":0.0,"gold_gain":0.0,"event_name":"Forgotten Altar","player_choice":"Shed Blood","floor":23.0,"gold_loss":0.0,"damage_taken":18.0}],"is_beta":false,"boss_relics":[{"not_picked":["Black Star","Replay:Grab Bag"],"picked":"Painkiller Herb"},{"not_picked":["Tiny House","Calling Bell"],"picked":"Busted Crown"}],"items_purged_floors":[5],"is_endless":false,"potions_floor_spawned":[1,4,12,14,18,27,31,37],"killed_by":"Spire Growth","ascension_level":4}}