{"host":"sav7uxregyirlf69","time":1610893663,"event":{"mods":["AchievementEnabler","BaseMod","Colored Map","DeckTracker","Keyboard Shortcuts","Minty Spire (QoL Compilation)","READ ME - Guardian Mod","StSLib","SuperFastMode"],"gold_per_floor":[115,128,1,17,17,17,43,43,43,74,74,74,85,100,100,175,175,185,204,104,118,136,168,168,197,224,234,253,272,285,45,45,116,116,131,151,151,168,183,183,183,183],"floor_reached":41,"language":"KOR","playtime":941,"items_purged":["Normality","Pain"],"score":998,"play_id":"3399b911-79cb-4342-82c7-4d67199940ad","local_time":"20210117232743","is_ascension_mode":true,"campfire_choices":[{"data":"Blade Dance","floor":6,"key":"SMITH"},{"floor":12,"key":"REST"},{"data":"Panache","floor":15,"key":"SMITH"},{"data":"Accuracy","floor":24,"key":"SMITH"},{"data":"Footwork","floor":32,"key":"SMITH"},{"data":"Adrenaline","floor":40,"key":"SMITH"}],"circlet_count":0,"master_deck":["AscendersBane","Strike_G","Strike_G","Strike_G","Defend_G","Defend_G","Defend_G","Defend_G","Survivor","Neutralize","Panache+1","Dagger Throw","Escape Plan","Blade Dance+1","Die Die Die","Dagger Throw","Footwork+1","Prepared","Adrenaline+1","All Out Attack+1","Skewer+1","Venomology+1","Acrobatics","Accuracy+1","Blur","Reflex","Phantasmal Killer","Blade Dance+1"],"relics":["Ring of the Snake","WarpedTongs","Bottled Tornado","Question Card","Bag of Marbles","Astrolabe","Gremlin Horn","Ancient Tea Set","MealTicket","Lee\u0027s Waffle","HoveringKite"],"acts_visited":["Exordium","TheCity","TheBeyond"],"potions_floor_usage":[10,13,18,21,22,23,23,25,25,27,27,28,29,30,33,33,38,41],"damage_taken":[{"damage":11,"enemies":"Jaw Worm","floor":1,"turns":9},{"damage":0,"enemies":"Cultist","floor":2,"turns":3},{"damage":4,"enemies":"Small Slimes","floor":4,"turns":3},{"damage":10,"enemies":"3 Sentries","floor":7,"turns":8},{"damage":32,"enemies":"Lagavulin","floor":10,"turns":4},{"damage":6,"enemies":"Gremlin Gang","floor":13,"turns":2},{"damage":4,"enemies":"Large Slime","floor":14,"turns":3},{"damage":2,"enemies":"Slime Boss","floor":16,"turns":7},{"damage":16,"enemies":"Shell Parasite","floor":18,"turns":2},{"damage":0,"enemies":"2 Thieves","floor":19,"turns":1},{"damage":1,"enemies":"Sentry and Sphere","floor":21,"turns":3},{"damage":0,"enemies":"Cultist and Chosen","floor":22,"turns":3},{"damage":2,"enemies":"Slavers","floor":23,"turns":2},{"damage":8,"enemies":"Gremlin Leader","floor":25,"turns":2},{"damage":6,"enemies":"Snake Plant","floor":27,"turns":3},{"damage":14,"enemies":"Shelled Parasite and Fungi","floor":28,"turns":3},{"damage":0,"enemies":"3 Cultists","floor":29,"turns":2},{"damage":4,"enemies":"Centurion and Healer","floor":30,"turns":5},{"damage":10,"enemies":"Automaton","floor":33,"turns":9},{"damage":0,"enemies":"3 Darklings","floor":35,"turns":2},{"damage":1,"enemies":"3 Shapes","floor":36,"turns":2},{"damage":15,"enemies":"Jaw Worm Horde","floor":38,"turns":3},{"damage":0,"enemies":"4 Shapes","floor":39,"turns":1},{"damage":59,"enemies":"Nemesis","floor":41,"turns":6}],"seed_played":"4269378801818517149","potions_obtained":[{"floor":1,"key":"SpeedPotion"},{"floor":4,"key":"LiquidMemories"},{"floor":13,"key":"GamblersBrew"},{"floor":14,"key":"Dexterity Potion"},{"floor":23,"key":"Weak Potion"},{"floor":25,"key":"Weak Potion"},{"floor":28,"key":"FearPotion"}],"is_trial":false,"path_per_floor":["M","M","$","M","?","R","E","$","T","E","$","R","M","M","R","B",null,"M","M","$","M","M","E","R","E","T","M","M","M","M","$","R","B",null,"M","M","?","M","M","R","E"],"character_chosen":"THE_SILENT","items_purchased":["Blade Dance","Lee\u0027s Waffle","Reflex"],"campfire_rested":1,"item_purchase_floors":[3,31,31],"current_hp_per_floor":[48,48,48,44,44,44,34,34,34,2,2,21,15,11,11,9,52,36,36,36,35,35,33,33,25,25,19,5,5,1,73,73,63,71,71,70,70,55,55,55,0,0],"gold":183,"neow_bonus":"RANDOM_COLORLESS_2","is_daily":false,"chose_seed":false,"campfire_upgraded":5,"win_rate":0.0,"timestamp":1610893663,"path_taken":["M","M","$","M","?","R","E","$","T","E","?","R","?","M","R","BOSS","M","M","$","M","M","E","R","E","T","M","M","M","M","$","R","BOSS","M","M","?","?","M","R","E"],"items_purchased_type":["Card","Relic","Card"],"build_version":"2020-12-22","purchased_purges":2,"victory":false,"max_hp_per_floor":[66,66,66,66,66,66,66,66,66,66,66,66,66,66,66,66,66,66,66,66,66,66,66,66,66,66,66,66,66,66,73,73,73,73,73,73,73,73,73,73,73,73],"card_choices":[{"not_picked":["Metamorphosis","Mayhem"],"picked":"Panache","floor":0},{"not_picked":["Bane","Acrobatics"],"picked":"Dagger Throw","floor":1},{"not_picked":["Dagger Spray","Flying Knee"],"picked":"Escape Plan","floor":2},{"not_picked":["Acrobatics","Dagger Throw"],"picked":"Die Die Die","floor":4},{"not_picked":["Outmaneuver","Expertise","Quick Slash"],"picked":"SKIP","floor":7},{"not_picked":["Backflip","Dash","Dodge and Roll"],"picked":"Dagger Throw","floor":10},{"not_picked":["Underhanded Strike","All Out Attack","Bane"],"picked":"Footwork","floor":13},{"not_picked":["Envenom","PiercingWail","Outmaneuver"],"picked":"Prepared","floor":14},{"not_picked":["Malaise","Die Die Die","Grand Finale"],"picked":"Adrenaline","floor":16},{"not_picked":["Flechettes+1","Infinite Blades","Expertise","Deadly Poison"],"picked":"SKIP","floor":18},{"not_picked":["Flying Knee+1","Backflip","Underhanded Strike+1"],"picked":"Acrobatics","floor":19},{"not_picked":["Deadly Poison","Expertise","Concentrate","Slice+1"],"picked":"SKIP","floor":21},{"not_picked":["Deadly Poison","Outmaneuver","All Out Attack","Skewer"],"picked":"SKIP","floor":22},{"not_picked":["Envenom","Dagger Spray","Predator"],"picked":"Accuracy","floor":23},{"not_picked":["Prepared","Deflect","Predator","Heel Hook"],"picked":"SKIP","floor":25},{"not_picked":["Eviscerate+1","Prepared","Bane"],"picked":"Blur","floor":27},{"not_picked":["Poisoned Stab","Slice","Dagger Throw","Deadly Poison"],"picked":"SKIP","floor":28},{"not_picked":["Flechettes","Choke","Dash","Deflect"],"picked":"SKIP","floor":29},{"not_picked":["Corpse Explosion","Caltrops","Catalyst","Prepared"],"picked":"SKIP","floor":30},{"not_picked":["Night Terror","Envenom","Wraith Form v2"],"picked":"Phantasmal Killer","floor":33},{"not_picked":["Backstab","Prepared","Riddle With Holes","Dagger Throw"],"picked":"SKIP","floor":35},{"not_picked":["Poisoned Stab","Bane","Acrobatics","Underhanded Strike+1"],"picked":"SKIP","floor":36},{"not_picked":["Blade Dance","Deadly Poison","Poisoned Stab","Sucker Punch"],"picked":"SKIP","floor":38},{"not_picked":["Acrobatics","Prepared","Blur","All Out Attack"],"picked":"SKIP","floor":39}],"player_experience":1302412,"relics_obtained":[{"floor":7,"key":"Bottled Tornado"},{"floor":9,"key":"Question Card"},{"floor":10,"key":"Bag of Marbles"},{"floor":23,"key":"Gremlin Horn"},{"floor":25,"key":"Ancient Tea Set"},{"floor":26,"key":"MealTicket"}],"event_choices":[{"damage_healed":0,"gold_gain":0,"player_choice":"Rummage","damage_taken":0,"relics_obtained":["WarpedTongs"],"max_hp_gain":0,"max_hp_loss":0,"event_name":"Accursed Blacksmith","floor":5,"gold_loss":0,"cards_obtained":["Pain"]},{"damage_healed":0,"gold_gain":0,"player_choice":"Copied","damage_taken":0,"max_hp_gain":0,"max_hp_loss":0,"event_name":"Duplicator","floor":37,"gold_loss":0,"cards_obtained":["Blade Dance"]}],"is_beta":false,"boss_relics":[{"not_picked":["Runic Dome","WristBlade"],"picked":"Astrolabe"},{"not_picked":["Runic Pyramid","Pandora\u0027s Box"],"picked":"HoveringKite"}],"items_purged_floors":[3,20],"is_endless":false,"potions_floor_spawned":[1,4,13,14,22,23,25,28,29,36],"killed_by":"Nemesis","ascension_level":20}}