{"host":"jft3vy2l4n4npizy","time":1610907086,"event":{"mods":["BaseMod","Bestiary","Energized Spire","Highlight Path","Marisa（F雨　魔理沙）","Minty Spire (QoL Compilation)","Quick Restart","StSLib","TestMod","The Bladedancer","The Servant 0.9.4","Youmu（魂魄妖梦）","Yuri Mod","vexMod"],"gold_per_floor":[118,518,363,363,363,363,392,411,435,435,455,93,127,81,81,182,182,198,113,167,167,202,230,230,245,245,245,290,290,290,339,339,445,445,500,500,1,52,27,57,0,33,33,79,79,114,138,163,163,163,163,163,25,56,100],"floor_reached":56,"language":"ZHS","playtime":2244,"items_purged":["Strike_MRS","Strike_MRS+1"],"score":2163,"play_id":"d7119c88-11d4-4bcd-bea2-06668f79c516","local_time":"20210118021126","is_ascension_mode":true,"campfire_choices":[{"data":"GrandCross","floor":6.0,"key":"SMITH"},{"data":"UpSweep","floor":10.0,"key":"SMITH"},{"data":"EarthLightRay","floor":15.0,"key":"SMITH"},{"data":"CasketOfStar","floor":24.0,"key":"SMITH"},{"data":"JA","floor":27.0,"key":"SMITH"},{"floor":30.0,"key":"RECALL"},{"data":"Acceleration","floor":32.0,"key":"SMITH"},{"data":"MaximisePower","floor":49,"key":"SMITH"},{"floor":52,"key":"REST"}],"circlet_count":0,"master_deck":["Strike_MRS+1","Strike_MRS+1","Defend_MRS+1","Defend_MRS+1","Defend_MRS+1","Defend_MRS+1","MasterSpark+1","UpSweep+1","GrandCross+1","SuperNova+1","Acceleration+1","SuperPerseids+1","EarthLightRay+1","ShootTheMoon+1","Parasite","Parasite","PropBag+1","UltimateShortwave+1","Robbery+1","CasketOfStar+1","GasGiant+1","JA+1","WitchLeyline+1","Acceleration+1","MillisecondPulsars+1","EarthLightRay+1","Acceleration+1","MagicChant+1","MaximisePower+1","Singularity"],"relics":["MiniHakkero","testmod-ThousandKnives","NeowsBlessing","Juzu Bracelet","FossilizedHelix","Lantern","ClockworkSouvenir","ShroomBag","ExperimentalFamiliar","Gremlin Horn","Toy Ornithopter","Bronze Scales","Pear","Ornamental Fan","Philosopher\u0027s Stone","HandmadeGrimoire","Potion Belt","testmod-Hope","Boot","Red Mask","testmod-LifeArmor","testmod-InjuryResistance","Mark of the Bloom","White Beast Statue","Pen Nib","Shuriken"],"acts_visited":["Exordium","TheCity","TheBeyond","TheEnding"],"potions_floor_usage":[47,55,55,55,55,55],"damage_taken":[{"damage":0.0,"enemies":"Jaw Worm","floor":1.0,"turns":1.0},{"damage":0.0,"enemies":"Gremlin Nob","floor":7.0,"turns":1.0},{"damage":0.0,"enemies":"2 Louse","floor":8.0,"turns":1.0},{"damage":0.0,"enemies":"Small Slimes","floor":11.0,"turns":3.0},{"damage":0.0,"enemies":"Lagavulin","floor":13.0,"turns":3.0},{"damage":0.0,"enemies":"Slime Boss","floor":16.0,"turns":1.0},{"damage":8.0,"enemies":"3 Byrds","floor":18.0,"turns":4.0},{"damage":0.0,"enemies":"Spheric Guardian","floor":22.0,"turns":2.0},{"damage":0.0,"enemies":"Gremlin Leader","floor":23.0,"turns":2.0},{"damage":0.0,"enemies":"Chosen and Byrds","floor":25.0,"turns":2.0},{"damage":6.0,"enemies":"Cultist and Chosen","floor":28.0,"turns":4.0},{"damage":0.0,"enemies":"Book of Stabbing","floor":31.0,"turns":1.0},{"damage":0.0,"enemies":"Collector","floor":33.0,"turns":5.0},{"damage":0,"enemies":"3 Shapes","floor":35,"turns":1},{"damage":0,"enemies":"Orb Walker","floor":38,"turns":1},{"damage":0,"enemies":"Nemesis","floor":40,"turns":2},{"damage":0,"enemies":"Reptomancer","floor":42,"turns":2},{"damage":0,"enemies":"2 Orb Walkers","floor":44,"turns":2},{"damage":0,"enemies":"Nemesis","floor":46,"turns":1},{"damage":0,"enemies":"Writhing Mass","floor":47,"turns":1},{"damage":0,"enemies":"Reptomancer","floor":48,"turns":2},{"damage":0,"enemies":"Donu and Deca","floor":50,"turns":1},{"damage":0,"enemies":"Shield and Spear","floor":54,"turns":1},{"damage":2,"enemies":"The Heart","floor":55,"turns":3}],"seed_played":"-6006455368992201930","potions_obtained":[{"floor":7.0,"key":"DuplicationPotion"},{"floor":13.0,"key":"PowerPotion"},{"floor":16.0,"key":"ColorlessPotion"},{"floor":18.0,"key":"PowerPotion"},{"floor":25.0,"key":"SteroidPotion"},{"floor":28.0,"key":"Block Potion"},{"floor":33.0,"key":"Fire Potion"},{"floor":35,"key":"Energy Potion"},{"floor":38,"key":"Dexterity Potion"},{"floor":40,"key":"ColorlessPotion"},{"floor":47,"key":"StarNLove"},{"floor":54,"key":"Swift Potion"}],"is_trial":false,"path_per_floor":["M","?","$","?","?","R","E","M","T","R","M","$","E","$","R","B",null,"M","?","T","?","M","E","R","M","T","R","M","?","R","E","R","B",null,"M","?","$","M","?","E","?","E","T","?","?","E","M","E","R","B",null,"R","$","E","B",null],"character_chosen":"MARISA","items_purchased":["Orrery","EarthLightRay","ShootTheMoon","ClockworkSouvenir","WitchOfGreed","HandmadeGrimoire","Potion Belt","testmod-TimePotion","Singularity"],"campfire_rested":1,"item_purchase_floors":[3,12,12,12,14,37,37,37,53],"current_hp_per_floor":[75,75,75,75,60,60,60,60,60,60,60,60,64,64,64,66,73,75,75,75,75,75,75,75,75,85,85,83,83,83,85,85,85,85,85,85,85,85,85,85,85,85,85,85,85,85,85,85,85,85,85,85,85,85,83],"gold":100,"neow_bonus":"THREE_ENEMY_KILL","is_daily":false,"chose_seed":false,"campfire_upgraded":7,"win_rate":0.0,"timestamp":1610907086,"path_taken":["M","?","$","?","?","R","E","M","T","R","M","$","E","?","R","BOSS","M","?","?","?","M","E","R","M","T","R","M","?","R","E","R","BOSS","M","?","$","M","?","E","?","E","T","?","?","E","M","E","R","BOSS","R","$","E","BOSS"],"items_purchased_type":["Relic","Card","Card","Relic","Card","Relic","Relic","Potion","Card"],"build_version":"2020-12-22","purchased_purges":2,"victory":true,"max_hp_per_floor":[75,75,75,75,75,75,75,75,75,75,75,75,75,75,75,75,75,75,75,75,75,75,75,75,75,85,85,85,85,85,85,85,85,85,85,85,85,85,85,85,85,85,85,85,85,85,85,85,85,85,85,85,85,85,85],"card_choices":[{"not_picked":["DC","GravityBeat"],"picked":"GrandCross","floor":1.0},{"not_picked":["PowerUp","DoubleSpark"],"picked":"SuperNova","floor":3.0},{"not_picked":["SatelliteIllusion","GravityBeat"],"picked":"Acceleration","floor":3.0},{"not_picked":["ShootingEcho","ChargingUp"],"picked":"SuperPerseids","floor":7.0},{"not_picked":["AlicesGift","MilkyWay","GalacticHalo"],"picked":"SKIP","floor":8.0},{"not_picked":["Acceleration","MilkyWay","DoubleSpark"],"picked":"SKIP","floor":11.0},{"not_picked":["PowerUp","NonDirectionalLaser"],"picked":"PropBag","floor":13.0},{"not_picked":["StarDustReverie","FinalSpark"],"picked":"UltimateShortwave","floor":16.0},{"not_picked":["ShootingEcho","OrrerysSun"],"picked":"Robbery+1","floor":18.0},{"not_picked":["ShootingEcho+1","StarlightTyphoon+1"],"picked":"GasGiant+1","floor":22.0},{"not_picked":["GravityBeat","GalacticHalo+1","OpenUniverse+1"],"picked":"SKIP","floor":23.0},{"not_picked":["IllusionStar","PowerUp"],"picked":"JA","floor":25.0},{"not_picked":["LuminesStrike","GasGiant"],"picked":"WitchLeyline+1","floor":28.0},{"not_picked":["MysteriousBeam","GravityBeat"],"picked":"Acceleration+1","floor":31.0},{"not_picked":["AbsoluteMagnitude","JA"],"picked":"MillisecondPulsars","floor":33.0},{"not_picked":["GravityBeat","GasGiant"],"picked":"EarthLightRay+1","floor":35},{"not_picked":["MilkyWay+1","DeepEcoloBomb+1"],"picked":"Acceleration+1","floor":38},{"not_picked":["DarkMatter","DC","EnergyRecoil"],"picked":"SKIP","floor":40},{"not_picked":["MachineGunSpark+1","MeteoricShower+1","LuminesStrike"],"picked":"SKIP","floor":42},{"not_picked":["NonDirectionalLaser","FairyDestructionRay+1"],"picked":"MagicChant","floor":44},{"not_picked":["DoubleSpark+1","GravityBeat","ChargingUp"],"picked":"SKIP","floor":46},{"not_picked":["WitchOfGreed","UnstableBomb"],"picked":"MaximisePower","floor":47},{"not_picked":["UnstableBomb+1","EventHorizon","DeepEcoloBomb"],"picked":"SKIP","floor":48},{"not_picked":["MysteriousBeam+1","PowerUp","GravityBeat"],"picked":"SKIP","floor":54}],"player_experience":49406,"relics_obtained":[{"floor":7.0,"key":"FossilizedHelix"},{"floor":9.0,"key":"Lantern"},{"floor":13.0,"key":"ShroomBag"},{"floor":20.0,"key":"Toy Ornithopter"},{"floor":23.0,"key":"Bronze Scales"},{"floor":26.0,"key":"Pear"},{"floor":31.0,"key":"Ornamental Fan"},{"floor":40,"key":"Boot"},{"floor":42,"key":"testmod-LifeArmor"},{"floor":44,"key":"testmod-InjuryResistance"},{"floor":46,"key":"White Beast Statue"},{"floor":48,"key":"Pen Nib"},{"floor":54,"key":"Shuriken"}],"event_choices":[{"damage_healed":0.0,"max_hp_gain":0.0,"max_hp_loss":0.0,"gold_gain":400.0,"event_name":"恩洛斯的盘子","player_choice":"Sell","floor":2.0,"relics_lost":["testmod-TestBox"],"gold_loss":0.0,"damage_taken":0.0},{"damage_healed":0.0,"max_hp_gain":0.0,"max_hp_loss":0.0,"gold_gain":0.0,"event_name":"给自己的盒子","player_choice":"Swap Relic","floor":4.0,"relics_lost":["Orrery"],"gold_loss":0.0,"damage_taken":0.0,"relics_obtained":["Juzu Bracelet"]},{"damage_healed":0.0,"max_hp_gain":0.0,"max_hp_loss":0.0,"gold_gain":0.0,"event_name":"Shining Light","player_choice":"Entered Light","floor":5.0,"gold_loss":0.0,"damage_taken":15.0,"cards_upgraded":["MasterSpark","Defend_MRS"]},{"damage_healed":0.0,"max_hp_gain":0.0,"max_hp_loss":0.0,"gold_gain":0.0,"event_name":"Addict","player_choice":"Obtained Relic","floor":19.0,"gold_loss":85.0,"damage_taken":0.0,"relics_obtained":["Gremlin Horn"]},{"damage_healed":0.0,"max_hp_gain":0.0,"max_hp_loss":0.0,"gold_gain":0.0,"event_name":"Match and Keep!","player_choice":"1 cards matched","floor":21.0,"gold_loss":0.0,"damage_taken":0.0,"cards_obtained":["CasketOfStar"]},{"damage_healed":0.0,"max_hp_gain":0.0,"max_hp_loss":0.0,"gold_gain":0.0,"event_name":"The Mausoleum","player_choice":"Ignored","floor":29.0,"gold_loss":0.0,"damage_taken":0.0},{"cards_removed":["WitchOfGreed"],"damage_healed":0,"gold_gain":0,"player_choice":"Removed Power","damage_taken":0,"max_hp_gain":0,"max_hp_loss":0,"event_name":"Falling","floor":36,"gold_loss":0},{"damage_healed":0,"gold_gain":0,"player_choice":"Paid","damage_taken":0,"relics_obtained":["Red Mask"],"max_hp_gain":0,"max_hp_loss":0,"event_name":"Tomb of Lord Red Mask","floor":41,"gold_loss":57},{"damage_healed":0,"gold_gain":0,"player_choice":"Fight","damage_taken":0,"max_hp_gain":0,"max_hp_loss":0,"event_name":"Mysterious Sphere","floor":44,"gold_loss":0},{"damage_healed":0,"gold_gain":0,"player_choice":"Upgrade","damage_taken":0,"relics_obtained":["Mark of the Bloom"],"max_hp_gain":0,"max_hp_loss":0,"event_name":"MindBloom","floor":45,"gold_loss":0,"cards_upgraded":["Strike_MRS","Strike_MRS","Strike_MRS","Defend_MRS","Defend_MRS","Defend_MRS","SuperNova","SuperPerseids","ShootTheMoon","PropBag","UltimateShortwave","MillisecondPulsars","MagicChant"]}],"is_beta":false,"boss_relics":[{"not_picked":["BewitchedHakkero","energizedSpire:CursedPentagram"],"picked":"ExperimentalFamiliar"},{"not_picked":["Busted Crown","vexMod:MysteryBossChallenge"],"picked":"Philosopher\u0027s Stone"}],"items_purged_floors":[12,53],"is_endless":false,"potions_floor_spawned":[7,13,16,18,25,28,33,35,38,40,47,48,54],"ascension_level":5}}