{"host":"0qlrtuw7bw78ucw4","time":1610919469,"event":{"mods":["BaseMod","Downfall","Minty Spire (QoL Compilation)","StSLib"],"gold_per_floor":[99,99,99,99,24,44,67,67,79,79,109,123,154,39,51,149,149,149,149,149,149],"floor_reached":19,"language":"ENG","playtime":922,"items_purged":["downfall:Malfunctioning","Slimebound:Strike_Slimebound"],"score":245,"play_id":"414330d5-252d-42d6-8809-27a612ca6a21","local_time":"20210118083749","is_ascension_mode":true,"campfire_choices":[{"data":"Slimebound:Split","floor":1,"key":"SMITH"},{"data":"Slimebound:Grow","floor":8,"key":"SMITH"},{"data":"Slimebound:CorrosiveSpit","floor":10,"key":"SMITH"},{"data":"Slimebound:GoopSpray","floor":18,"key":"SMITH"}],"circlet_count":0,"master_deck":["AscendersBane","Slimebound:Strike_Slimebound","Slimebound:Strike_Slimebound+1","Slimebound:Tackle+1","Slimebound:Defend_Slimebound","Slimebound:Defend_Slimebound","Slimebound:Defend_Slimebound","Slimebound:Defend_Slimebound","Slimebound:Split+1","Slimebound:CorrosiveSpit+1","Slimebound:GrowthPunch+1","Slimebound:Gluttony","Slimebound:Grow+1","Slimebound:GoopSpray+1","Slimebound:HauntingLick+1","Slimebound:FormOfPuddle+1","Slimebound:SplitSpecialist+1","Slimebound:DouseInSlime+1"],"relics":["Slimebound:AbsorbEndCombat","downfall:HeartsMalice","Vajra","Toxic Egg 2","Darkstone Periapt","Slimebound:TarBlob"],"acts_visited":["Exordium","TheCity"],"potions_floor_usage":[],"damage_taken":[{"damage":0,"enemies":"2 Louse","floor":2,"turns":1},{"damage":0,"enemies":"Small Slimes","floor":3,"turns":1},{"damage":0,"enemies":"downfall:FleeingMerchant","floor":5,"turns":1},{"damage":8,"enemies":"Jaw Worm","floor":6,"turns":4},{"damage":9,"enemies":"Red Slaver","floor":9,"turns":4},{"damage":4,"enemies":"3 Louse","floor":12,"turns":3},{"damage":17,"enemies":"Lagavulin","floor":13,"turns":5},{"damage":6,"enemies":"downfall:FleeingMerchant","floor":14,"turns":4},{"damage":8,"enemies":"Exordium Thugs","floor":15,"turns":4},{"damage":38,"enemies":"IC_STATUS_ARCHETYPE","floor":16,"turns":11},{"damage":3,"enemies":"Chosen","floor":19,"turns":4}],"seed_played":"2763516510758807672","potions_obtained":[{"floor":6,"key":"DuplicationPotion"},{"floor":12,"key":"FairyPotion"},{"floor":15,"key":"Slimebound:SpawnSlimePotion"}],"is_trial":false,"path_per_floor":["R","M","M","?","$","M","T","R","M","R","?","M","E","$","M","B",null,"R","M"],"character_chosen":"SLIMEBOUND","items_purchased":[],"campfire_rested":0,"item_purchase_floors":[],"current_hp_per_floor":[59,59,59,59,59,51,51,51,44,44,44,43,32,30,24,15,53,53,53,53,53],"gold":149,"neow_bonus":"THREE_ENEMY_KILL","is_daily":false,"chose_seed":false,"campfire_upgraded":4,"win_rate":0.0,"timestamp":1610919469,"path_taken":["R","M","M","?","$","M","T","R","M","R","?","M","E","?","M","BOSS","R","M"],"items_purchased_type":[],"build_version":"2020-12-22","purchased_purges":2,"victory":false,"max_hp_per_floor":[65,65,65,65,65,65,65,65,65,65,65,65,65,65,65,65,65,65,65,65,65],"card_choices":[{"not_picked":["Slimebound:SplitLeeching","Slimebound:Grow"],"picked":"Slimebound:GrowthPunch","floor":2},{"not_picked":["Slimebound:DivideAndConquer","Slimebound:ViciousTackle"],"picked":"Slimebound:Gluttony","floor":3},{"not_picked":["Slimebound:SplitMire","Slimebound:SlimeBrawl"],"picked":"Slimebound:Grow","floor":5},{"not_picked":["Slimebound:SplitAcid","Slimebound:ViciousTackle"],"picked":"Slimebound:GoopSpray","floor":6},{"not_picked":["Slimebound:SplitMire","Slimebound:SlimeBrawl","Slimebound:RollThrough"],"picked":"SKIP","floor":9},{"not_picked":["Slimebound:SamplingLick+1","Slimebound:RainOfGoop+1"],"picked":"Slimebound:HauntingLick+1","floor":12},{"not_picked":["Slimebound:GrowthPunch","Slimebound:SlimeSpikes+1"],"picked":"Slimebound:FormOfPuddle+1","floor":13},{"not_picked":["Slimebound:SplitLeeching+1","Slimebound:ItLooksTasty","Slimebound:SlimeTap+1"],"picked":"SKIP","floor":14},{"not_picked":["Slimebound:ForwardTackle","Slimebound:GrowthPunch"],"picked":"Slimebound:SplitSpecialist+1","floor":15},{"not_picked":["Slimebound:CheckThePlaybook+1","Slimebound:Teamwork+1"],"picked":"Slimebound:DouseInSlime+1","floor":16}],"player_experience":867926,"relics_obtained":[{"floor":7,"key":"Vajra"},{"floor":13,"key":"Darkstone Periapt"}],"event_choices":[],"is_beta":false,"boss_relics":[{"not_picked":["SacredBark","Empty Cage"],"picked":"Slimebound:TarBlob"}],"items_purged_floors":[5,14],"is_endless":false,"potions_floor_spawned":[6,12,15],"killed_by":"Chosen","ascension_level":10}}