{"host":"37zexulz95aemuse","time":1610914904,"event":{"mods":["2.2 Compatiblity","BaseMod","CapriCore","GungeonMod","Koishi","Lobotomy","Marisa£¨Ùöéë¡¡Øª×âÞÞ£©","Minty Spire (QoL Compilation)","Replay The Spire","StSLib","The Bug Knight","The Cursed","The Gatherer","The Immortal","The Jungle","WarShipGirlsR/??á´Ò³R mod"],"gold_per_floor":[117,117,117,97,112,112,132,167,192,235,251,251,101,115,115,245,245,259,259,6,6,29,65,65,185,185,185,16,16,57,81,81,200,263,288,302,302,302,46,89,108,108,408,408,441,506,506,37,37,37,37],"floor_reached":50,"language":"KOR","playtime":5581,"items_purged":["Regret","Injury"],"score":722,"play_id":"ed186a08-8b8e-48ef-a9f4-e87e304e88af","local_time":"20210118052144","is_ascension_mode":true,"campfire_choices":[{"floor":6.0,"key":"REST"},{"floor":12.0,"key":"REST"},{"floor":15.0,"key":"REST"},{"floor":24.0,"key":"REST"},{"floor":29.0,"key":"REST"},{"data":"rmod:wolves","floor":32.0,"key":"SMITH"},{"floor":44.0,"key":"REST"},{"floor":49.0,"key":"REST"}],"circlet_count":0,"master_deck":["Apo_SoulSlash","Apo_Charge","Apo_Charge","Apo_Charge","Apo_Charge","Apo_Beam","Apo_Beam","Apo_Beam","Apo_Execute","Apo_Slash","Apo_Slash","Apo_SoulSlash","BlackSwan"],"relics":["rmod:firstchargereward","CogitoBucket","Replay:Bottled Snecko","Golden Idol","DemoMod:GreenGuonStone","Replay:Baseball","DemoMod:WhiteGuonStone","Ancient Tea Set","SacredBark","Gremlin Horn","Toy Ornithopter","HornCleat","PreservedInsect","ReplayTheSpireMod:CursedCoin","Divine Protection","DemoMod:Metronome","LuminousBracelet","Tiny House","ReplayTheSpireMod:Ring of Collecting","Sling","Ornamental Fan","ApostleMask","Ring of Fangs","Old Coin","CaptainsWheel","CatCart","Garlic","Guide Book"],"acts_visited":["Exordium","theJungle:Jungle","TheBeyond"],"potions_floor_usage":[50,50],"damage_taken":[{"damage":0.0,"enemies":"Small Slimes","floor":1.0,"turns":4.0},{"damage":0.0,"enemies":"Jaw Worm","floor":5.0,"turns":3.0},{"damage":0.0,"enemies":"2 Louse","floor":7.0,"turns":3.0},{"damage":44.0,"enemies":"Gremlin Nob","floor":8.0,"turns":6.0},{"damage":0.0,"enemies":"3 Sentries","floor":10.0,"turns":9.0},{"damage":0.0,"enemies":"Large Slime","floor":11.0,"turns":4.0},{"damage":0.0,"enemies":"3 Louse","floor":14.0,"turns":3.0},{"damage":44.0,"enemies":"Fading Forest","floor":16.0,"turns":11.0},{"damage":7.0,"enemies":"theJungle:MUSHROOMGANG","floor":18.0,"turns":4.0},{"damage":39.0,"enemies":"theJungle:5_Spyders","floor":22.0,"turns":6.0},{"damage":68.0,"enemies":"theJungle:Cassacara","floor":23.0,"turns":6.0},{"damage":41.0,"enemies":"theJungle:MamaSnecko","floor":30.0,"turns":5.0},{"damage":30.0,"enemies":"theJungle:2_Snecko_Cultists","floor":31.0,"turns":5.0},{"damage":156.0,"enemies":"theJungle:TotemBoss","floor":33.0,"turns":11.0},{"damage":81.0,"enemies":"Orb Walker","floor":35.0,"turns":8.0},{"damage":79.0,"enemies":"3 Darklings","floor":36.0,"turns":8.0},{"damage":65.0,"enemies":"Reptomancer","floor":40.0,"turns":4.0},{"damage":11.0,"enemies":"Jaw Worm Horde","floor":41.0,"turns":15.0},{"damage":0.0,"enemies":"Nemesis","floor":45.0,"turns":3.0},{"damage":0.0,"enemies":"Orin","floor":46.0,"turns":5.0},{"damage":60,"enemies":"Time Eater","floor":50,"turns":7}],"seed_played":"-3907468064054209483","potions_obtained":[{"floor":5.0,"key":"Dexterity Potion"},{"floor":11.0,"key":"Adrenaline Potion"},{"floor":14.0,"key":"SmokeBomb"},{"floor":16.0,"key":"AttackPotion"},{"floor":18.0,"key":"Adrenaline Potion"},{"floor":30.0,"key":"Fire Potion"},{"floor":34.0,"key":"Milkshake"},{"floor":35.0,"key":"Elixir"},{"floor":41.0,"key":"Energy Potion"}],"is_trial":false,"path_per_floor":["M","?","?","?","M","R","M","E","T","E","M","R","$","M","R","B",null,"M","?","$","?","M","E","R","?","T","T","$","R","E","M","R","B",null,"M","M","?","?","$","E","M","E","T","R","E","?","R","$","R","B"],"character_chosen":"PRAEFECT","items_purchased":["Ancient Tea Set","Gremlin Horn","ReplayTheSpireMod:CursedCoin","Divine Protection","Sling","Garlic","Guide Book","LiquidBronze"],"campfire_rested":7,"item_purchase_floors":[13,20,28,28,39,48,48,48],"current_hp_per_floor":[75,63,45,45,45,67,67,23,23,23,23,45,45,45,67,31,75,68,75,75,75,53,31,53,42,42,42,42,64,50,75,75,80,95,74,89,89,89,89,61,70,70,70,70,70,60,60,60,60,0,0],"gold":37,"neow_bonus":"","is_daily":false,"chose_seed":false,"campfire_upgraded":1,"win_rate":0.0,"timestamp":1610914904,"path_taken":["M","?","?","?","M","R","M","E","T","E","M","R","$","M","R","BOSS","M","?","$","?","M","E","R","?","T","?","$","R","E","M","R","BOSS","M","M","?","?","?","E","M","E","T","R","E","?","R","$","R","BOSS"],"items_purchased_type":["Relic","Relic","Relic","Relic","Relic","Relic","Relic","Potion"],"build_version":"2020-12-22","purchased_purges":2,"victory":false,"max_hp_per_floor":[75,75,75,75,75,75,75,75,75,75,75,75,75,75,75,75,75,75,75,75,75,75,75,75,75,75,75,75,75,75,90,90,90,95,95,95,95,90,90,90,70,70,70,70,70,60,60,60,60,60,60],"card_choices":[{"not_picked":["rmod:sl","rmod:steelsupply","rmod:ammunitionsupply"],"picked":"SKIP","floor":1.0},{"not_picked":["rmod:royalracing","rmod:diamondstrike","rmod:aluminumsupply"],"picked":"SKIP","floor":5.0},{"not_picked":["rmod:capitalist","rmod:aviationdawn"],"picked":"rmod:timeschanged","floor":7.0},{"not_picked":["rmod:unsinkable","rmod:diamondstrike"],"picked":"rmod:firesupport","floor":8.0},{"not_picked":["rmod:bulid","rmod:aluminumsupply"],"picked":"rmod:wolves","floor":10.0},{"not_picked":["rmod:aviationdawn","rmod:intelligenceanalysis","rmod:luckystar"],"picked":"SKIP","floor":11.0},{"not_picked":["rmod:intelligenceanalysis","rmod:luckystar","rmod:highspeedshooting"],"picked":"SKIP","floor":14.0},{"not_picked":["rmod:u235","rmod:fletcher"],"picked":"rmod:secretscript","floor":16.0},{"not_picked":["WallGazer","Murderer"],"picked":"NothingThere","floor":18.0},{"not_picked":["rmod:unsinkable","rmod:ammunitionsupply","rmod:supportescort"],"picked":"SKIP","floor":18.0},{"not_picked":["rmod:fuelsupply+1","rmod:overbreakdown+1","rmod:capitalist"],"picked":"SKIP","floor":22.0},{"not_picked":["BigBadWolf","CherryBlossoms"],"picked":"DreamingCurrent","floor":23.0},{"not_picked":["rmod:gendarmerie","rmod:aggressivemary+1","rmod:aluminumsupply"],"picked":"SKIP","floor":23.0},{"not_picked":["rmod:diamondstrike+1","rmod:aviationdawn"],"picked":"rmod:guardianhero","floor":30.0},{"not_picked":["rmod:garrisonisland","rmod:aviationdawn+1"],"picked":"rmod:steelsupply+1","floor":31.0},{"not_picked":["rmod:ridicule","rmod:u235"],"picked":"rmod:highspeedmaneuver","floor":33.0},{"not_picked":["rmod:fletcherpendant","rmod:victimresponsibility+1"],"picked":"rmod:garrisonisland+1","floor":34.0},{"not_picked":["rmod:aluminumsupply+1","rmod:slowdown","rmod:steelsupply+1"],"picked":"SKIP","floor":35.0},{"not_picked":["ShyLook","OldLady"],"picked":"PlagueDoctor","floor":36.0},{"not_picked":["rmod:ammunitionsupply","rmod:aviationdawn"],"picked":"rmod:openingtorpedo+1","floor":36.0},{"not_picked":["rmod:steelsupply+1","rmod:aggressivemary","rmod:ammunitionsupply"],"picked":"SKIP","floor":40.0},{"not_picked":["rmod:unsinkable+1","rmod:ammunitionsupply+1"],"picked":"rmod:guardianhero+1","floor":41.0},{"not_picked":["Woodsman","Freischutz"],"picked":"BlackSwan","floor":45.0},{"not_picked":["rmod:steelsupply+1","rmod:ammunitionsupply","rmod:firesupport"],"picked":"SKIP","floor":45.0}],"player_experience":104880,"relics_obtained":[{"floor":8.0,"key":"DemoMod:GreenGuonStone"},{"floor":9.0,"key":"Replay:Baseball"},{"floor":10.0,"key":"DemoMod:WhiteGuonStone"},{"floor":23.0,"key":"Toy Ornithopter"},{"floor":26.0,"key":"HornCleat"},{"floor":27.0,"key":"PreservedInsect"},{"floor":30.0,"key":"DemoMod:Metronome"},{"floor":37.0,"key":"ReplayTheSpireMod:Ring of Collecting"},{"floor":40.0,"key":"Ornamental Fan"},{"floor":43.0,"key":"Ring of Fangs"},{"floor":43.0,"key":"Old Coin"},{"floor":45.0,"key":"CaptainsWheel"},{"floor":46.0,"key":"CatCart"}],"event_choices":[{"damage_healed":0.0,"max_hp_gain":0.0,"max_hp_loss":0.0,"gold_gain":0.0,"event_name":"Scrap Ooze","player_choice":"Success","floor":2.0,"gold_loss":0.0,"damage_taken":12.0,"relics_obtained":["Replay:Bottled Snecko"]},{"damage_healed":0.0,"max_hp_gain":0.0,"max_hp_loss":0.0,"gold_gain":0.0,"event_name":"Golden Idol","player_choice":"Take Damage","floor":3.0,"gold_loss":0.0,"damage_taken":18.0,"relics_obtained":["Golden Idol"]},{"damage_healed":0.0,"max_hp_gain":0.0,"max_hp_loss":5.0,"gold_gain":0.0,"event_name":"Winding Halls","player_choice":"Max HP","floor":38.0,"gold_loss":0.0,"damage_taken":0.0},{"damage_healed":0.0,"max_hp_gain":0.0,"max_hp_loss":0.0,"gold_gain":0.0,"event_name":"OrinTheCat","player_choice":"Fight","floor":46.0,"gold_loss":0.0,"damage_taken":0.0}],"is_beta":false,"boss_relics":[{"not_picked":["Runic Pyramid","Empty Cage"],"picked":"SacredBark"},{"not_picked":["Calling Bell","Velvet Choker"],"picked":"Tiny House"}],"items_purged_floors":[28,39],"is_endless":false,"potions_floor_spawned":[5,11,14,16,18,30,35,41],"killed_by":"Time Eater","ascension_level":1}}