{"host":"uxq2rly8rxtwffuf","time":1610895451,"event":{"mods":["BaseMod","Koishi","Minty Spire (QoL Compilation)","StSLib","The Servant 0.9.4"],"gold_per_floor":[109,3,3,16,32,32,52,52,126,137,137,137,150,177,177,273,273,285,303,16,35,35,35,50,50,95,95,69,169,196,196,196],"floor_reached":31,"language":"ENG","playtime":1473,"items_purged":[],"score":408,"play_id":"12e19296-be1a-457c-97fd-2af99a0e6c8d","local_time":"20210117175731","is_ascension_mode":true,"campfire_choices":[{"data":"Dash","floor":6,"key":"SMITH"},{"floor":8,"key":"REST"},{"data":"Tactician","floor":11,"key":"SMITH"},{"floor":15,"key":"REST"},{"floor":23,"key":"REST"}],"circlet_count":0,"master_deck":["AscendersBane","Strike_G","Defend_G","Defend_G","Defend_G","Defend_G","Survivor","Neutralize","Flying Knee","Dash+1","Bouncing Flask","Tactician+1","Escape Plan","Skewer","Dagger Throw","Cloak And Dagger","Adrenaline","Corpse Explosion","Dash+1","Reflex+1","Calculated Gamble+1","Sucker Punch+1","Flying Knee","Acrobatics","Dagger Throw","Underhanded Strike","Prepared","Footwork+1"],"relics":["Ring of the Snake","Snake Skull","Astrolabe","Bag of Preparation","Oddly Smooth Stone","Akabeko","MutagenicStrength","Pocketwatch","Pantograph","Darkstone Periapt"],"acts_visited":["Exordium","TheCity"],"potions_floor_usage":[5,7,14,16,24,30],"damage_taken":[{"damage":2,"enemies":"Jaw Worm","floor":1,"turns":5},{"damage":4,"enemies":"Cultist","floor":4,"turns":3},{"damage":0,"enemies":"Small Slimes","floor":5,"turns":4},{"damage":28,"enemies":"Gremlin Gang","floor":7,"turns":5},{"damage":4,"enemies":"Blue Slaver","floor":10,"turns":4},{"damage":0,"enemies":"2 Fungi Beasts","floor":13,"turns":2},{"damage":13,"enemies":"3 Sentries","floor":14,"turns":8},{"damage":54,"enemies":"Hexaghost","floor":16,"turns":11},{"damage":0,"enemies":"Chosen","floor":18,"turns":3},{"damage":11,"enemies":"Shell Parasite","floor":19,"turns":6},{"damage":25,"enemies":"Snecko","floor":21,"turns":5},{"damage":4,"enemies":"Snake Plant","floor":24,"turns":3},{"damage":0,"enemies":"Colosseum Slavers","floor":29,"turns":2},{"damage":3,"enemies":"Colosseum Nobs","floor":29,"turns":3},{"damage":35,"enemies":"Book of Stabbing","floor":30,"turns":6},{"damage":7,"enemies":"Centurion and Healer","floor":31,"turns":4}],"seed_played":"-1440978616409326155","potions_obtained":[{"floor":1,"key":"Strength Potion"},{"floor":4,"key":"Swift Potion"},{"floor":10,"key":"AttackPotion"},{"floor":14,"key":"Dexterity Potion"},{"floor":21,"key":"DistilledChaos"},{"floor":22,"key":"Dexterity Potion"}],"is_trial":false,"path_per_floor":["M","$","?","M","M","R","M","R","T","M","R","?","M","E","R","B",null,"M","M","$","M","?","R","M","$","T","?","$","?","E","M"],"character_chosen":"THE_SILENT","items_purchased":["Dash","Bouncing Flask","Bag of Preparation","Oddly Smooth Stone","Underhanded Strike"],"campfire_rested":3,"item_purchase_floors":[2,2,20,20,28],"current_hp_per_floor":[68,68,61,57,57,57,29,52,52,48,48,48,48,35,58,4,59,59,48,48,23,23,46,42,42,42,42,42,39,4,0,0],"gold":196,"neow_bonus":"TEN_PERCENT_HP_BONUS","is_daily":false,"chose_seed":false,"campfire_upgraded":2,"win_rate":0.0,"timestamp":1610895451,"path_taken":["M","$","?","M","M","R","M","R","T","M","R","?","M","E","R","BOSS","M","M","?","?","?","R","?","$","T","?","$","?","E","M"],"items_purchased_type":["Card","Card","Relic","Relic","Card"],"build_version":"2020-12-22","purchased_purges":0,"victory":false,"max_hp_per_floor":[77,77,77,77,77,77,77,77,77,77,77,77,77,77,77,77,77,77,77,77,77,77,77,77,77,77,77,77,77,77,77,77],"card_choices":[{"not_picked":["Quick Slash","Underhanded Strike"],"picked":"Flying Knee","floor":1},{"not_picked":["Predator","Bouncing Flask"],"picked":"Tactician","floor":4},{"not_picked":["Cloak And Dagger","Predator"],"picked":"Escape Plan","floor":5},{"not_picked":["Sucker Punch","Bouncing Flask"],"picked":"Skewer","floor":7},{"not_picked":["Blade Dance","Quick Slash"],"picked":"Dagger Throw","floor":10},{"not_picked":["Sucker Punch","Quick Slash"],"picked":"Cloak And Dagger","floor":13},{"not_picked":["Concentrate","Expertise"],"picked":"Adrenaline","floor":14},{"not_picked":["Grand Finale","Glass Knife"],"picked":"Corpse Explosion","floor":16},{"not_picked":["Blade Dance","Skewer"],"picked":"Sucker Punch+1","floor":18},{"not_picked":["Acrobatics","Quick Slash"],"picked":"Flying Knee","floor":19},{"not_picked":["Backstab","Infinite Blades"],"picked":"Acrobatics","floor":21},{"not_picked":["Dash","Blade Dance"],"picked":"Dagger Throw","floor":24},{"not_picked":["Deflect","Cloak And Dagger"],"picked":"Prepared","floor":29},{"not_picked":["Infinite Blades","Unload"],"picked":"Footwork+1","floor":30}],"player_experience":1405164,"relics_obtained":[{"floor":14,"key":"Snake Skull"},{"floor":26,"key":"Akabeko"},{"floor":29,"key":"Pocketwatch"},{"floor":29,"key":"Pantograph"},{"floor":30,"key":"Darkstone Periapt"}],"event_choices":[{"cards_removed":["Strike_G"],"damage_healed":0,"gold_gain":0,"player_choice":"Card Removal","damage_taken":7,"max_hp_gain":0,"max_hp_loss":0,"event_name":"Golden Wing","floor":3,"gold_loss":0},{"cards_removed":["Strike_G"],"damage_healed":0,"gold_gain":0,"player_choice":"Purged","damage_taken":0,"max_hp_gain":0,"max_hp_loss":0,"event_name":"Purifier","floor":12,"gold_loss":0},{"damage_healed":0,"gold_gain":0,"player_choice":"Got Potions","damage_taken":0,"max_hp_gain":0,"max_hp_loss":0,"event_name":"Lab","floor":22,"gold_loss":0},{"damage_healed":0,"gold_gain":0,"player_choice":"Inject Mutagens","damage_taken":0,"relics_obtained":["MutagenicStrength"],"max_hp_gain":0,"max_hp_loss":0,"event_name":"Drug Dealer","floor":27,"gold_loss":0},{"damage_healed":0,"gold_gain":0,"player_choice":"Fight","damage_taken":0,"max_hp_gain":0,"max_hp_loss":0,"event_name":"Colosseum","floor":29,"gold_loss":0},{"damage_healed":0,"gold_gain":0,"player_choice":"Fought Nobs","damage_taken":0,"max_hp_gain":0,"max_hp_loss":0,"event_name":"Colosseum","floor":29,"gold_loss":0}],"is_beta":false,"boss_relics":[{"not_picked":["Runic Pyramid","SacredBark"],"picked":"Astrolabe"}],"items_purged_floors":[],"is_endless":false,"potions_floor_spawned":[1,4,10,14,21],"killed_by":"Centurion and Healer","ascension_level":12}}