{"host":"fdmexzkyss3ff9bv","time":1610915269,"event":{"mods":["BaseMod","Beaked The Cultist","BetterRewards","Downfall","Glutton Mod","Halation","Hubris","Infinite Spire","Minty Spire (QoL Compilation)","Replay The Spire","StSLib","The Blackbeard","The Bug Knight","The Construct","The Mystic","The Servant 0.9.4","The Witch"],"gold_per_floor":[99,112,142,142,142,142,194,220,5,15,49,68,68,87,100,100,100,100],"floor_reached":16,"playtime":1438,"items_purged":[],"score":110,"play_id":"2f904a5c-ba27-4eb0-b2e6-4e415bc029cc","local_time":"20210117212749","is_ascension_mode":false,"campfire_choices":[{"floor":1,"key":"RECALL"},{"floor":13,"key":"REST"}],"circlet_count":0,"master_deck":["Guardian:Strike_Guardian","Guardian:Strike_Guardian","Guardian:Strike_Guardian","Guardian:Strike_Guardian","Guardian:Defend_Guardian","Guardian:Defend_Guardian","Guardian:Defend_Guardian","Guardian:Defend_Guardian","Guardian:CurlUp","Guardian:TwinSlam","Guardian:Gem_Green","Regret","Guardian:WalkerClaw","Guardian:CrystalBeam","Guardian:Gem_Purple","Guardian:Gem_Green","Guardian:Gem_Lightblue","Guardian:Gem_Blue","Guardian:Gem_Cyan","Guardian:BronzeArmor","Guardian:RollAttack","Guardian:PrismaticBeam","Guardian:PiercingHide"],"relics":["Guardian:ModeShifter","Torii","hubris:Icosahedron","halation:EternalFortune","halation:SwordOfLegend","hubris:TenFootPole","Juzu Bracelet","Guardian:SackOfGems"],"acts_visited":["Exordium"],"potions_floor_usage":[11,11,16,16,16],"damage_taken":[{"damage":11,"enemies":"Jaw Worm","floor":2,"turns":3},{"damage":111,"enemies":"Gremlin Nob","floor":8,"turns":7},{"damage":6,"enemies":"downfall:FleeingMerchant","floor":9,"turns":4},{"damage":0,"enemies":"2 Louse","floor":10,"turns":2},{"damage":11,"enemies":"3 Sentries","floor":11,"turns":9},{"damage":1,"enemies":"Small Slimes","floor":12,"turns":3},{"damage":10,"enemies":"3 Louse","floor":14,"turns":4},{"damage":11,"enemies":"2 Fungi Beasts","floor":15,"turns":4},{"damage":43,"enemies":"downfall:Watcher","floor":16,"turns":16}],"seed_played":"764920451402662223","potions_obtained":[{"floor":10,"key":"Guardian:BlockOnCardUsePotion"},{"floor":11,"key":"EssenceOfSteel"},{"floor":12,"key":"SpeedPotion"}],"is_trial":false,"path_per_floor":["R","M","?","?","?","?","T","E","$","M","E","M","R","M","M","B"],"character_chosen":"GUARDIAN","items_purchased":["Doom Potion","BlessingOfTheForge","Explosive Potion"],"campfire_rested":1,"item_purchase_floors":[9,9,9],"current_hp_per_floor":[88,77,77,77,80,80,80,29,23,23,12,14,54,44,33,0,0,0],"gold":100,"neow_bonus":"TEN_PERCENT_HP_BONUS","is_daily":false,"chose_seed":false,"campfire_upgraded":0,"win_rate":0.0,"timestamp":1610915269,"path_taken":["R","M","?","?","?","?","T","E","$","M","E","M","R","M","M","BOSS"],"items_purchased_type":["Potion","Potion","Potion"],"build_version":"2020-12-13","purchased_purges":0,"victory":false,"max_hp_per_floor":[88,88,88,88,91,91,91,91,91,91,91,94,94,94,94,94,94,94],"card_choices":[{"not_picked":["Guardian:Gem_Red","Guardian:VentSteam"],"picked":"Guardian:Gem_Green","floor":2},{"not_picked":["Guardian:ChargeUp","Guardian:FastForward"],"picked":"Guardian:WalkerClaw","floor":8},{"not_picked":["Guardian:PrismaticBarrier","Guardian:DecasProtection"],"picked":"Guardian:Gem_Fragmented","floor":9},{"not_picked":["Guardian:Reroute","Guardian:RollAttack"],"picked":"Guardian:CrystalBeam","floor":10},{"not_picked":["Guardian:Reroute","Guardian:TimeCapacitor"],"picked":"Guardian:BronzeArmor","floor":11},{"not_picked":["Guardian:MultiBeam","Guardian:SpikerProtocol"],"picked":"Guardian:RollAttack","floor":12},{"not_picked":["Guardian:DecasProtection","Guardian:ChargeCore"],"picked":"Guardian:PrismaticBeam","floor":14},{"not_picked":["Guardian:TimeBomb","Guardian:PrismaticBarrier"],"picked":"Guardian:PiercingHide","floor":15}],"player_experience":143067,"relics_obtained":[{"floor":7,"key":"hubris:TenFootPole"},{"floor":8,"key":"Juzu Bracelet"},{"floor":11,"key":"Guardian:SackOfGems"},{"floor":12,"key":"halation:EternalFortune"}],"event_choices":[{"damage_healed":0,"gold_gain":0,"player_choice":"Box","damage_taken":0,"relics_obtained":["halation:SwordOfLegend"],"max_hp_gain":0,"max_hp_loss":0,"event_name":"Big Fish","floor":6,"gold_loss":0,"cards_obtained":["Regret"]}],"is_beta":false,"boss_relics":[],"items_purged_floors":[],"is_endless":false,"potions_floor_spawned":[10,11,12],"killed_by":"downfall:Watcher","ascension_level":0}}