{"host":"uimu98mr9zvwuo5s","time":1610904609,"event":{"mods":["Aspiration","BaseMod","BetterRewards","Conspire","Defective Defect","GifTheSpireLib","Gremlin Mod","Highlight Path","Hubris","Infinite Spire","Jedi Mod","Minty Spire (QoL Compilation)","Replay The Spire","Shop Mod","StSLib","Stuff the Spire","Uncapped"],"gold_per_floor":[113,130,130,130,143,143,170,185,212,212,226,238,254,273,273,373,373,390,390,406,422,135,135,149,149,174,187,212,90,90,106,106,106,106],"floor_reached":33,"language":"ENG","playtime":1958,"items_purged":["Strike_B","Violence"],"score":523,"play_id":"3959eb27-e860-4891-8483-7d6341792b20","local_time":"20210117123009","is_ascension_mode":false,"campfire_choices":[{"data":"Mirror Shield","floor":6.0,"key":"SMITH"},{"data":"infinitespire:Oblivion","floor":23,"key":"SMITH"},{"data":"Storm","floor":32,"key":"SMITH"}],"circlet_count":0,"master_deck":["conspire:GhostlyStrike+1","conspire:GhostlyDefend","conspire:GhostlyDefend","conspire:GhostlyDefend","conspire:GhostlyDefend","Zap","Dualcast","FIFO Queue+1","Machine Learning","ReplayRNGCard","Mirror Shield+1","aspiration:Polymerization","infinitespire:Oblivion+1","Storm+1"],"relics":["Cracked Core","MerchantsRug","Runic Capacitor","Chemical X","aspiration:MysteriousAuxiliaryCore","Orrery","aspiration:BabyByrd","Regal Pillow","jedi:crownofsimplicity","Coffee Dripper","Calipers","hubris:SlimyHat","PreservedInsect","Raider\u0027s Mask"],"acts_visited":["Exordium","TheCity"],"potions_floor_usage":[],"damage_taken":[{"damage":6.0,"enemies":"Cultist","floor":1.0,"turns":6.0},{"damage":6.0,"enemies":"Jaw Worm","floor":2.0,"turns":3.0},{"damage":8.0,"enemies":"Small Slimes","floor":5.0,"turns":4.0},{"damage":14.0,"enemies":"3 Sentries","floor":7.0,"turns":6.0},{"damage":1.0,"enemies":"Exordium Wildlife","floor":8.0,"turns":4.0},{"damage":2.0,"enemies":"2 Fungi Beasts","floor":11.0,"turns":4.0},{"damage":0.0,"enemies":"Large Slime","floor":12.0,"turns":5.0},{"damage":5.0,"enemies":"3 Louse","floor":13.0,"turns":4.0},{"damage":12.0,"enemies":"2 Fungi Beasts","floor":14.0,"turns":4.0},{"damage":10.0,"enemies":"Fading Forest","floor":16.0,"turns":11.0},{"damage":21.0,"enemies":"Shell Parasite","floor":18.0,"turns":5.0},{"damage":0,"enemies":"Spheric Guardian","floor":20,"turns":3},{"damage":15,"enemies":"Snake Plant","floor":21,"turns":4},{"damage":0,"enemies":"Snecko","floor":24,"turns":4},{"damage":10,"enemies":"Shelled Parasite and Fungi","floor":27,"turns":4},{"damage":18,"enemies":"Gremlin Leader","floor":28,"turns":5},{"damage":0,"enemies":"Centurion and Healer","floor":31,"turns":5},{"damage":23,"enemies":"Collector","floor":33,"turns":3}],"seed_played":"-375381902874102161","potions_obtained":[{"floor":1.0,"key":"Reflective Coating"},{"floor":5.0,"key":"Energy Potion"},{"floor":7.0,"key":"SpeedPotion"},{"floor":14.0,"key":"EssenceOfDarkness"},{"floor":16.0,"key":"SpeedPotion"},{"floor":21,"key":"jedi:coolantleak"},{"floor":27,"key":"SteroidPotion"},{"floor":28,"key":"Swift Potion"}],"is_trial":false,"path_per_floor":["M","M","?","?","M","R","E","M","T","?","M","M","M","M","R","B",null,"M","AVR","M","M","$","R","M","?","T","M","E","$","?","M","R","B"],"character_chosen":"DEFECT","items_purchased":["MerchantsRug","Runic Capacitor","BargainBundle","SkillPotion","Strength Potion","SpeedPotion","FIFO Queue","Guide Book","Chemical X","Machine Learning","aspiration:MysteriousAuxiliaryCore","Orrery","hubris:SlimyHat","Storm","Raider\u0027s Mask"],"campfire_rested":0,"item_purchase_floors":[0,0,0,0,0,0,0,0,0,0,0,0,22,22,29],"current_hp_per_floor":[69,63,63,63,55,55,41,40,40,40,38,38,33,21,21,27,75,54,54,54,39,39,39,39,39,39,29,11,11,11,11,11,0,0],"gold":106,"neow_bonus":"","is_daily":false,"chose_seed":false,"campfire_upgraded":3,"win_rate":0.0,"timestamp":1610904609,"path_taken":["M","M","?","?","M","R","E","M","T","?","M","M","M","M","R","BOSS","M","AVR","M","M","$","R","M","?","T","M","E","$","?","M","R","BOSS"],"items_purchased_type":["Relic","Relic","Relic","Potion","Potion","Potion","Card","Relic","Relic","Card","Relic","Relic","Relic","Card","Relic"],"build_version":"2020-12-22","purchased_purges":2,"victory":false,"max_hp_per_floor":[75,75,75,75,75,75,75,75,75,75,75,75,75,75,75,75,75,75,75,75,75,75,75,75,75,75,75,75,75,75,75,75,75,75],"card_choices":[{"not_picked":["White Noise","Cold Snap"],"picked":"ReplayRNGCard","floor":0.0},{"not_picked":["Cold Snap","Sweeping Beam","Stack"],"picked":"SKIP","floor":1.0},{"not_picked":["Streamline","StuffTheSpire:Plugnplay","Stack"],"picked":"SKIP","floor":2.0},{"not_picked":["jedi:BurstLightning","Go for the Eyes","StuffTheSpire:Coldhearted"],"picked":"SKIP","floor":5.0},{"not_picked":["Creative AI","StuffTheSpire:SnapShoot","Ball Lightning"],"picked":"SKIP","floor":7.0},{"not_picked":["jedi:blockon","Beam Cell","ReplaySolidLightProjector"],"picked":"SKIP","floor":8.0},{"not_picked":["Leap","Go for the Eyes","jedi:blockon"],"picked":"SKIP","floor":11.0},{"not_picked":["Steam","Barrage","Meteor Strike"],"picked":"SKIP","floor":12.0},{"not_picked":["Hello World","Gash","Melter"],"picked":"SKIP","floor":13.0},{"not_picked":["Ball Lightning","Steam"],"picked":"aspiration:Polymerization","floor":14.0},{"not_picked":["BasicCrystalCard","jedi:locknload","FIFO Queue"],"picked":"SKIP","floor":18.0},{"not_picked":["FTL+1","Sweeping Beam","Conserve Battery+1"],"picked":"SKIP","floor":20},{"not_picked":["ReplaySort+1","Lockon","jedi:reiji"],"picked":"SKIP","floor":21},{"not_picked":["BasicCrystalCard+1","BootSequence","Blizzard+1"],"picked":"SKIP","floor":24},{"not_picked":["StuffTheSpire:Rend+1","Leap","Ball Lightning"],"picked":"SKIP","floor":27},{"not_picked":["Redo+1","Go for the Eyes","Creative AI"],"picked":"SKIP","floor":28},{"not_picked":["FIFO Queue","Beam Cell+1","Capacitor"],"picked":"SKIP","floor":31}],"player_experience":206201,"relics_obtained":[{"floor":7.0,"key":"Regal Pillow"},{"floor":9.0,"key":"jedi:crownofsimplicity"},{"floor":28,"key":"PreservedInsect"}],"event_choices":[{"damage_healed":0.0,"max_hp_gain":0.0,"max_hp_loss":0.0,"gold_gain":0.0,"cards_transformed":["Strike_B"],"event_name":"Living Wall","player_choice":"Change","floor":4.0,"gold_loss":0.0,"damage_taken":0.0,"cards_obtained":["Mirror Shield"]},{"damage_healed":0.0,"max_hp_gain":0.0,"max_hp_loss":0.0,"gold_gain":0.0,"event_name":"conspire:LoneGhost","player_choice":"Agree","floor":10.0,"gold_loss":0.0,"damage_taken":0.0}],"is_beta":false,"boss_relics":[{"not_picked":["aspiration:IroncladSkillbook","ReplayTheSpireMod:DimensionalGlitch","StuffTheSpire:RunicConfusion"]}],"items_purged_floors":[0,22],"is_endless":false,"potions_floor_spawned":[1,5,7,14,16,21,27,28],"killed_by":"Collector","ascension_level":0}}