{"host":"yl36o65drctrf4ph","time":1610902640,"event":{"mods":["AchievementEnabler","BaseMod","BetterRewards","Curses Come First","Good Game Mod","Infinite Spire","Minty Spire (QoL Compilation)","Poor People Problems","Practice Mode","Relic Stats","Remove Card Discount Mod","Shop Mod","StSLib","Thieving Mod","Treasure Hunter","noobMod"],"gold_per_floor":[110,110,110,127,141,176,176,202,202,229,229,263,285,305,305,381,381,395,375,386,399,399,427,170,170,202,202,232,282,207,249,249,334,334,364,110,137,0,0,0,48,75,99,148,175,202,239,258,258,259,261,261,261,93,124,126],"floor_reached":57,"language":"ENG","playtime":4428,"items_purged":["Defend_B","Strike_B"],"score":3762,"play_id":"df468ca9-54fc-42af-b231-55b5a500a16d","local_time":"20210118005720","is_ascension_mode":true,"campfire_choices":[{"data":"Defragment","floor":7.0,"key":"SMITH"},{"data":"Defragment","floor":15.0,"key":"SMITH"},{"data":"Creative AI","floor":25.0,"key":"SMITH"},{"data":"Defragment","floor":32.0,"key":"SMITH"},{"data":"Echo Form","floor":40.0,"key":"SMITH"},{"floor":49.0,"key":"RECALL"},{"data":"Consume","floor":53.0,"key":"SMITH"}],"circlet_count":0,"master_deck":["AscendersBane","Strike_B","Strike_B+1","Strike_B","Defend_B","Defend_B","Dualcast","Defragment+1","Skim","Coolheaded","Self Repair+1","Compile Driver","Loop","TH:ElvenBoots","Turbo","TH:CopperCoins","Defragment+1","TH:PixieDust","TH:TreasureMap","Barrage+1","TH:CopperCoins","Redo","Glacier","TH:TreasureMap","Creative AI+1","Cold Snap","Glacier+1","BootSequence","TH:TreasureMap","Lockon+1","Defragment+1","TH:TreasureMap","Gash+1","Conserve Battery","Creative AI","Defragment","Echo Form+1","Discovery","Purity","Purity","TH:DeckOfManyThings","Cold Snap+1","infinitespire:Execution","Core Surge+1","White Noise","Consume+1"],"relics":["FrozenCore","REME:ComplimentaryCards","ice","Anchor","PreservedInsect","Dead Branch","Unceasing Top","Blue Candle","Mummified Hand","Matryoshka","Pantograph","Runic Pyramid","Molten Egg 2","CeramicFish","Omamori","Singing Bowl","Bottled Flame","Lizard Tail","MerchantsRug","Red Mask","infinitespire:WardingShard","Oddly Smooth Stone","Peace Pipe","Whetstone","Boot","Juzu Bracelet","Lantern","TH:Strongbox","Sling","Shuriken"],"acts_visited":["Exordium","TheCity","TheBeyond","TheEnding"],"potions_floor_usage":[],"damage_taken":[{"damage":0.0,"enemies":"Jaw Worm","floor":1.0,"turns":5.0},{"damage":11.0,"enemies":"Cultist","floor":4.0,"turns":6.0},{"damage":0.0,"enemies":"2 Louse","floor":5.0,"turns":2.0},{"damage":47.0,"enemies":"Gremlin Nob","floor":6.0,"turns":6.0},{"damage":13.0,"enemies":"3 Sentries","floor":8.0,"turns":6.0},{"damage":24.0,"enemies":"Lagavulin","floor":10.0,"turns":6.0},{"damage":6.0,"enemies":"Gremlin Nob","floor":12.0,"turns":3.0},{"damage":12.0,"enemies":"Blue Slaver","floor":13.0,"turns":6.0},{"damage":0.0,"enemies":"2 Fungi Beasts","floor":14.0,"turns":4.0},{"damage":41.0,"enemies":"Slime Boss","floor":16.0,"turns":14.0},{"damage":23.0,"enemies":"Chosen","floor":18.0,"turns":5.0},{"damage":28.0,"enemies":"2 Thieves","floor":19.0,"turns":4.0},{"damage":41.0,"enemies":"Chosen and Byrds","floor":20.0,"turns":7.0},{"damage":0.0,"enemies":"Snake Plant","floor":21.0,"turns":4.0},{"damage":0.0,"enemies":"Slavers","floor":23.0,"turns":4.0},{"damage":4.0,"enemies":"3 Cultists","floor":28.0,"turns":5.0},{"damage":0.0,"enemies":"Book of Stabbing","floor":31.0,"turns":4.0},{"damage":1.0,"enemies":"Champ","floor":33.0,"turns":5.0},{"damage":0.0,"enemies":"3 Darklings","floor":35.0,"turns":5.0},{"damage":42.0,"enemies":"Giant Head","floor":41.0,"turns":10.0},{"damage":45.0,"enemies":"Mind Bloom Boss Battle","floor":42.0,"turns":9.0},{"damage":45.0,"enemies":"Nightmare","floor":44.0,"turns":7.0},{"damage":38.0,"enemies":"Orb Walker","floor":45.0,"turns":5.0},{"damage":0.0,"enemies":"Nemesis","floor":47.0,"turns":8.0},{"damage":6.0,"enemies":"Spire Growth","floor":48.0,"turns":7.0},{"damage":109.0,"enemies":"infinitespire:MassOfShapes","floor":50.0,"turns":14.0},{"damage":228.0,"enemies":"Awakened One","floor":51.0,"turns":11.0},{"damage":75,"enemies":"Shield and Spear","floor":55,"turns":5},{"damage":259,"enemies":"The Heart","floor":56,"turns":8}],"seed_played":"7482723480358194121","potions_obtained":[{"floor":4.0,"key":"SkillPotion"},{"floor":13.0,"key":"FocusPotion"},{"floor":21.0,"key":"SteroidPotion"},{"floor":31.0,"key":"BlessingOfTheForge"},{"floor":41.0,"key":"Block Potion"},{"floor":44.0,"key":"CultistPotion"}],"is_trial":false,"path_per_floor":["M","?","?","M","M","E","R","E","T","E","?","E","M","M","R","B",null,"M","M","M","M","?","E","$","R","T","AVR","M","?","?","E","R","B",null,"M","$","?","?","AVR","R","E","?","T","NM","M","T","E","M","R","B","B",null,"R","$","E","B",null],"character_chosen":"DEFECT","items_purchased":["Defragment","Anchor","PreservedInsect","Coolheaded","DuplicationPotion","Defragment","CeramicFish","Echo Form","MerchantsRug","Sling"],"campfire_rested":0,"item_purchase_floors":[0,0,0,0,0,24,24,36,36,54],"current_hp_per_floor":[32,32,32,31,41,74,74,71,71,57,57,61,59,69,69,63,95,82,64,122,128,88,88,88,88,88,88,84,84,84,96,96,132,151,161,161,151,151,151,151,119,111,113,80,52,54,56,62,62,149,153,192,192,192,121,104],"gold":126,"neow_bonus":"","is_daily":false,"chose_seed":false,"campfire_upgraded":6,"win_rate":0.0,"timestamp":1610902640,"path_taken":["M","?","?","?","M","E","R","E","T","E","?","E","?","M","R","BOSS","M","M","?","M","?","E","$","R","T","AVR","M","?","?","E","R","BOSS","M","$","?","?","AVR","R","E","?","T","NM","M","?","E","M","R","BOSS","BOSS","R","$","E","BOSS"],"items_purchased_type":["Card","Relic","Relic","Card","Potion","Card","Relic","Card","Relic","Relic"],"build_version":"2020-12-22","purchased_purges":2,"victory":true,"max_hp_per_floor":[71,71,71,71,71,79,79,84,84,87,87,88,93,96,96,105,105,108,112,122,128,133,137,137,137,137,137,143,143,143,153,153,157,157,164,164,164,164,164,164,164,166,168,170,170,172,174,176,176,183,205,205,205,205,209,246],"relic_stats":{"Singing Bowl":20,"counters":[29,184],"Dead Branch":[272],"Blue Candle":[0],"CeramicFish":135,"PreservedInsect":541,"Juzu Bracelet":0,"Whetstone":["Barrage","Strike_B"],"Boot":[103],"FrozenCore":[25],"Peace Pipe":0,"Lizard Tail":0,"Mummified Hand":[430],"Shuriken":[2],"Pantograph":150,"obtain_stats":[{"Lantern":47,"Singing Bowl":26,"CeramicFish":24,"TH:Strongbox":54,"ice":0,"Juzu Bracelet":46,"Whetstone":43,"Boot":44,"Sling":54,"FrozenCore":34,"Lizard Tail":31,"Matryoshka":11,"Mummified Hand":10,"Strawberry":6,"Pantograph":12,"Red Mask":38,"Cracked Core":0,"Runic Pyramid":17,"MerchantsRug":36,"Dead Branch":0,"Blue Candle":9,"Oddly Smooth Stone":41,"PreservedInsect":0,"Omamori":26,"Peace Pipe":42,"REME:ComplimentaryCards":0,"Anchor":0,"Bottled Flame":27,"infinitespire:WardingShard":39,"Shuriken":55,"Molten Egg 2":23,"Unceasing Top":8},{"Lantern":24,"Singing Bowl":15,"CeramicFish":15,"TH:Strongbox":27,"ice":0,"Juzu Bracelet":23,"Whetstone":21,"Boot":22,"Sling":27,"FrozenCore":18,"Lizard Tail":17,"Matryoshka":6,"Mummified Hand":6,"Strawberry":4,"Pantograph":7,"Red Mask":19,"Cracked Core":0,"Runic Pyramid":10,"MerchantsRug":19,"Dead Branch":0,"Blue Candle":5,"Oddly Smooth Stone":20,"PreservedInsect":0,"Omamori":15,"Peace Pipe":21,"REME:ComplimentaryCards":0,"Anchor":0,"Bottled Flame":15,"infinitespire:WardingShard":19,"Shuriken":28,"Molten Egg 2":15,"Unceasing Top":5},{"Lantern":139,"Singing Bowl":82,"CeramicFish":82,"TH:Strongbox":171,"ice":0,"Juzu Bracelet":131,"Whetstone":119,"Boot":126,"Sling":171,"FrozenCore":96,"Lizard Tail":91,"Matryoshka":31,"Mummified Hand":31,"Strawberry":19,"Pantograph":34,"Red Mask":101,"Cracked Core":0,"Runic Pyramid":58,"MerchantsRug":101,"Dead Branch":0,"Blue Candle":25,"Oddly Smooth Stone":110,"PreservedInsect":0,"Omamori":82,"Peace Pipe":119,"REME:ComplimentaryCards":0,"Anchor":0,"Bottled Flame":82,"infinitespire:WardingShard":101,"Shuriken":176,"Molten Egg 2":82,"Unceasing Top":25}],"Unceasing Top":[19]},"card_choices":[{"not_picked":["Scrape","Compile Driver"],"picked":"Self Repair","floor":1.0},{"not_picked":["Stack","Chaos"],"picked":"Compile Driver","floor":4.0},{"not_picked":["Stack","Steam"],"picked":"Loop","floor":5.0},{"not_picked":["TH:TreasureMap"],"picked":"TH:ElvenBoots","floor":6.0},{"not_picked":["Self Repair","Barrage"],"picked":"Turbo","floor":6.0},{"not_picked":["TH:PixieDust"],"picked":"TH:CopperCoins","floor":8.0},{"not_picked":["Double Energy","Sunder"],"picked":"Defragment","floor":8.0},{"not_picked":["TH:Mimic"],"picked":"TH:PixieDust","floor":9.0},{"not_picked":["TH:Mimic"],"picked":"TH:TreasureMap","floor":10.0},{"not_picked":["Recycle","Beam Cell"],"picked":"Barrage","floor":10.0},{"not_picked":["TH:ElvenBoots"],"picked":"TH:CopperCoins","floor":12.0},{"not_picked":["Undo","Force Field","Conserve Battery"],"picked":"SKIP","floor":12.0},{"not_picked":["Leap","Rip and Tear"],"picked":"Redo","floor":13.0},{"not_picked":["Compile Driver","Conserve Battery"],"picked":"Glacier","floor":14.0},{"not_picked":["TH:CursedSword"],"picked":"TH:TreasureMap","floor":16.0},{"not_picked":["Biased Cognition","Fission"],"picked":"Creative AI","floor":16.0},{"not_picked":["Aggregate","Beam Cell","Double Energy"],"picked":"SKIP","floor":18.0},{"not_picked":["Hologram","Stack"],"picked":"Cold Snap","floor":19.0},{"not_picked":["Compile Driver","Scrape"],"picked":"Glacier+1","floor":20.0},{"not_picked":["Scrape","Turbo"],"picked":"BootSequence","floor":21.0},{"not_picked":["TH:EnergyPotion"],"picked":"TH:TreasureMap","floor":23.0},{"not_picked":["Go for the Eyes+1","Cold Snap+1"],"picked":"Lockon+1","floor":23.0},{"not_picked":["TH:Mimic"],"picked":"TH:TreasureMap","floor":26.0},{"not_picked":["Reinforced Body","Redo"],"picked":"Gash+1","floor":28.0},{"not_picked":["TH:PixieDust","TH:EnergyPotion"],"picked":"Singing Bowl","floor":31.0},{"not_picked":["Steam","Recycle+1"],"picked":"Conserve Battery","floor":31.0},{"not_picked":["TH:Mimic","TH:PixieDust"],"picked":"Singing Bowl","floor":33.0},{"not_picked":["Multi-Cast","Reboot"],"picked":"Creative AI","floor":33.0},{"not_picked":["Ball Lightning+1","Redo"],"picked":"Defragment","floor":35.0},{"not_picked":["Finesse","Violence"],"picked":"Discovery","floor":37.0},{"not_picked":["Deep Breath","Jack Of All Trades"],"picked":"Purity","floor":37.0},{"not_picked":["Good Instincts","Jack Of All Trades"],"picked":"Purity","floor":37.0},{"not_picked":["TH:PixieDust"],"picked":"TH:DeckOfManyThings","floor":41.0},{"not_picked":["Ball Lightning+1","Coolheaded"],"picked":"Cold Snap+1","floor":41.0},{"not_picked":["Cold Snap+1","Blizzard+1","Double Energy"],"picked":"Singing Bowl","floor":42.0},{"not_picked":["TH:Mimic","TH:CursedSword"],"picked":"Singing Bowl","floor":43.0},{"not_picked":["infinitespire:SealOfDarkness+","infinitespire:NeuralNetwork"],"picked":"infinitespire:Execution","floor":44.0},{"not_picked":["TH:EnergyPotion","TH:CopperCoins"],"picked":"Singing Bowl","floor":44.0},{"not_picked":["Blizzard+1","Leap"],"picked":"Core Surge+1","floor":44.0},{"not_picked":["Hello World+1","Loop+1"],"picked":"White Noise","floor":45.0},{"not_picked":["TH:CopperCoins","TH:DeckOfManyThings"],"picked":"Singing Bowl","floor":46.0},{"not_picked":["TH:EnergyPotion","TH:TreasureMap"],"picked":"Singing Bowl","floor":47.0},{"not_picked":["Stack","Sunder+1"],"picked":"Consume","floor":47.0},{"not_picked":["Steam","Compile Driver+1","Capacitor"],"picked":"Singing Bowl","floor":48.0},{"not_picked":["TH:Mimic","TH:EnergyPotion"],"picked":"Singing Bowl","floor":55},{"not_picked":["Thunder Strike+1","Recycle","Rebound+1"],"picked":"Singing Bowl","floor":55}],"player_experience":136195,"relics_obtained":[{"floor":6.0,"key":"Strawberry"},{"floor":8.0,"key":"Unceasing Top"},{"floor":9.0,"key":"Blue Candle"},{"floor":10.0,"key":"Mummified Hand"},{"floor":12.0,"key":"Pantograph"},{"floor":23.0,"key":"Molten Egg 2"},{"floor":26.0,"key":"Omamori"},{"floor":26.0,"key":"Singing Bowl"},{"floor":31.0,"key":"Lizard Tail"},{"floor":41.0,"key":"Oddly Smooth Stone"},{"floor":42.0,"key":"Peace Pipe"},{"floor":43.0,"key":"Whetstone"},{"floor":44.0,"key":"Boot"},{"floor":46.0,"key":"Juzu Bracelet"},{"floor":47.0,"key":"Lantern"},{"floor":55,"key":"Shuriken"}],"event_choices":[{"damage_healed":0.0,"max_hp_gain":0.0,"max_hp_loss":0.0,"gold_gain":0.0,"event_name":"Living Wall","player_choice":"Grow","floor":2.0,"gold_loss":0.0,"damage_taken":0.0,"cards_upgraded":["Self Repair"]},{"cards_removed":["Zap"],"damage_healed":0.0,"max_hp_gain":0.0,"max_hp_loss":0.0,"gold_gain":0.0,"event_name":"Bonfire Elementals","player_choice":"Offered Basic","floor":3.0,"gold_loss":0.0,"damage_taken":0.0},{"cards_removed":["Study"],"damage_healed":0.0,"max_hp_gain":0.0,"max_hp_loss":0.0,"gold_gain":0.0,"event_name":"WeMeetAgain","player_choice":"Gave Card","floor":11.0,"gold_loss":0.0,"damage_taken":0.0,"relics_obtained":["Matryoshka"]},{"damage_healed":0.0,"max_hp_gain":5.0,"max_hp_loss":0.0,"gold_gain":0.0,"event_name":"Forgotten Altar","player_choice":"Shed Blood","floor":22.0,"gold_loss":0.0,"damage_taken":45.0},{"damage_healed":0.0,"max_hp_gain":0.0,"max_hp_loss":0.0,"gold_gain":50.0,"event_name":"Nest","player_choice":"Stole From Cult","floor":29.0,"gold_loss":0.0,"damage_taken":0.0},{"cards_removed":["Defend_B"],"damage_healed":0.0,"max_hp_gain":0.0,"max_hp_loss":0.0,"gold_gain":0.0,"event_name":"Beggar","player_choice":"Gave Gold","floor":30.0,"gold_loss":75.0,"damage_taken":0.0},{"damage_healed":0.0,"max_hp_gain":0.0,"max_hp_loss":0.0,"gold_gain":0.0,"event_name":"SensoryStone","player_choice":"Memory 3","floor":37.0,"gold_loss":0.0,"damage_taken":10.0},{"damage_healed":0.0,"max_hp_gain":0.0,"max_hp_loss":0.0,"gold_gain":0.0,"event_name":"Tomb of Lord Red Mask","player_choice":"Paid","floor":38.0,"gold_loss":137.0,"damage_taken":0.0,"relics_obtained":["Red Mask"]},{"damage_healed":0.0,"max_hp_gain":0.0,"max_hp_loss":0.0,"gold_gain":0.0,"event_name":"MindBloom","player_choice":"Fight","floor":42.0,"gold_loss":0.0,"damage_taken":0.0}],"is_beta":false,"boss_relics":[{"not_picked":["infinitespire:Cupcake","Tiny House"],"picked":"Runic Pyramid"},{"not_picked":["Pandora\u0027s Box","Snecko Eye"],"picked":"FrozenCore"}],"items_purged_floors":[0,0],"is_endless":false,"potions_floor_spawned":[4,5,6,13,21,28,31,33,41,44,45,48,55],"ascension_level":20}}