{"host":"6he3f0ic6yesrium","time":1610841654,"event":{"mods":["BaseMod","Better Altar","Better Match","Better Note","Better Sensory Stone","Better Skull","Better Third Choice","Colored Map","Conspire","Duelist Mod","Hubris","Marisa????????","Mimic Mod","Minty Spire (QoL Compilation)","Replay The Spire","Shade Mod","Somnambulant","Spire Birthday Party","StSLib","The Alterego","The Disciple","The Forsaken","The Hierophant","The Mystic","The Necromancer","The Runesmith","The Servant 0.9.4","The Valiant","TheVacant"],"gold_per_floor":[137,152,55,66,80,80,94,106,138,153,153,172,15,25,25,129,129,146,162,86,104,104,104,104,118,118,118,135,135,145,145,145,245,245,259,259,270,0,0,14,28,54,54,72,100,116,116,132,132,132],"floor_reached":51,"language":"ENG","playtime":4103,"items_purged":[],"score":709,"play_id":"94d8839b-67f4-4c06-ae26-af30f81b2659","local_time":"20210116190054","is_ascension_mode":false,"campfire_choices":[{"data":"theDuelist:CaveDragon","floor":6,"key":"SMITH"},{"data":"theDuelist:BigFire","floor":11,"key":"SMITH"},{"data":"theDuelist:SliferSky","floor":15,"key":"SMITH"},{"floor":23,"key":"REST"},{"floor":27,"key":"REST"},{"floor":32,"key":"REST"},{"data":"theDuelist:BerserkScales","floor":47,"key":"SMITH"},{"data":"theDuelist:FiveHeaded","floor":49,"key":"SMITH"}],"circlet_count":0,"master_deck":["theDuelist:BlueEyes","theDuelist:OrbMetronome","theDuelist:SilverWing","theDuelist:WingedDragonRa+1","theDuelist:CaveDragon+1","theDuelist:BabyDragon","theDuelist:CaveDragon+1","theDuelist:CaveDragon","theDuelist:TwinBarrelDragon","theDuelist:YamataDragon","theDuelist:DragonMirror+1","theDuelist:LesserDragon","theDuelist:BerserkScales","theDuelist:DarkHorus","theDuelist:DragonShield+1","theDuelist:Lancephorhynchus+1","theDuelist:BabyDragon","theDuelist:GuardragonJusticia","theDuelist:LesserDragon","theDuelist:BigFire+1","theDuelist:CastleWalls","theDuelist:ChimeratechOverdragon","theDuelist:Sparks","theDuelist:RedDragonArchfiend","theDuelist:Sparks","theDuelist:DarkHorus","theDuelist:AxeDespair+1","theDuelist:BerserkScales+1","theDuelist:BusterBlader","theDuelist:CastleWalls","theDuelist:CyberTwinDragon","theDuelist:FiveHeaded+1","theDuelist:SliferSky+1"],"relics":["theDuelist:MillenniumPuzzle","theDuelist:CardPoolRelic","theDuelist:CardPoolBasicRelic","theDuelist:BoosterPackPoolRelic","theDuelist:CardPoolAddRelic","theDuelist:CardPoolMinusRelic","theDuelist:CardPoolSaveRelic","theDuelist:CardPoolOptionsRelic","Bag of Preparation","theDuelist:MerchantPendant","hubris:TerracottaHorce","theDuelist:Monsterbox","ReplayTheSpireMod:Ring of Collecting","Ring of Peace","Archangels Feather","Mark of Pain","Red Mask","ReplayTheSpireMod:Ring of Exchange","theForsaken:Gavel","Bird Faced Urn","hubris:SoftwareUpdate","theForsaken:HumbleEgg"],"acts_visited":["Exordium","TheCity","TheBeyond"],"potions_floor_usage":[16,16,16,28,30,40,42,44,48],"damage_taken":[{"damage":7,"enemies":"Jaw Worm","floor":1,"turns":3},{"damage":7,"enemies":"Cultist","floor":2,"turns":4},{"damage":0,"enemies":"2 Louse","floor":4,"turns":3},{"damage":11,"enemies":"Blue Slaver","floor":5,"turns":3},{"damage":10,"enemies":"Large Slime","floor":7,"turns":6},{"damage":0,"enemies":"Exordium Wildlife","floor":8,"turns":2},{"damage":8,"enemies":"Blue Slaver","floor":9,"turns":6},{"damage":1,"enemies":"Blue Slaver","floor":10,"turns":3},{"damage":0,"enemies":"3 Louse","floor":12,"turns":2},{"damage":0,"enemies":"Large Slime","floor":14,"turns":5},{"damage":17,"enemies":"Fading Forest","floor":16,"turns":11},{"damage":19,"enemies":"3 Byrds","floor":18,"turns":4},{"damage":13,"enemies":"Shell Parasite","floor":19,"turns":5},{"damage":13,"enemies":"Centurion and Healer","floor":21,"turns":6},{"damage":16,"enemies":"Snake Plant","floor":25,"turns":3},{"damage":45,"enemies":"Sentry and Sphere","floor":28,"turns":6},{"damage":0,"enemies":"Chosen and Byrds","floor":30,"turns":4},{"damage":12,"enemies":"Automaton","floor":33,"turns":9},{"damage":0,"enemies":"3 Shapes","floor":35,"turns":7},{"damage":13,"enemies":"Orb Walker","floor":37,"turns":4},{"damage":4,"enemies":"Writhing Mass","floor":40,"turns":6},{"damage":15,"enemies":"3 Darklings","floor":41,"turns":6},{"damage":9,"enemies":"Reptomancer","floor":42,"turns":4},{"damage":11,"enemies":"Sphere and 2 Shapes","floor":44,"turns":5},{"damage":0,"enemies":"Giant Head","floor":45,"turns":8},{"damage":29,"enemies":"Spire Growth","floor":46,"turns":6},{"damage":1,"enemies":"Transient","floor":48,"turns":5},{"damage":36,"enemies":"hubris:GrandSnecko","floor":50,"turns":12}],"seed_played":"-7488079269536114942","potions_obtained":[{"floor":5,"key":"theDuelist:FireBottle"},{"floor":7,"key":"theDuelist:LavaBottle"},{"floor":25,"key":"theDuelist:BurningPotionB"},{"floor":28,"key":"Reflective Coating"},{"floor":37,"key":"theDuelist:SolderPotionB"},{"floor":41,"key":"Weak Potion"},{"floor":42,"key":"theDuelist:TokenPotion"},{"floor":46,"key":"theDuelist:ExtraOrbsBottle"}],"is_trial":false,"path_per_floor":["M","M","$","M","M","R","M","M","MIM","M","R","M","$","M","R","B",null,"M","M","$","M","?","R","?","M","T","R","M","?","M","?","R","B",null,"M","?","M","?","T","M","M","E","T","M","E","M","R","M","R","B",null],"character_chosen":"THE_DUELIST","items_purchased":["theDuelist:DarkHorus","theDuelist:BabyPotion","theDuelist:MerchantPendant","theDuelist:ChimeratechOverdragon","theDuelist:OrbMetronome","theDuelist:Monsterbox","theDuelist:SilverWing"],"campfire_rested":3,"item_purchase_floors":[3,3,13,13,13,20,20],"current_hp_per_floor":[81,74,74,74,63,63,53,53,45,44,44,44,44,44,44,37,75,56,43,43,30,30,56,56,40,40,66,27,27,35,35,61,57,80,88,88,75,75,75,79,72,73,73,76,88,65,65,78,78,60],"gold":132,"neow_bonus":"TEN_PERCENT_HP_BONUS","is_daily":false,"chose_seed":false,"campfire_upgraded":5,"win_rate":0.0,"timestamp":1610841654,"path_taken":["M","M","$","M","M","R","M","M","MIM","?","R","M","$","M","R","BOSS","M","M","$","M","?","R","?","M","T","R","M","?","M","?","R","BOSS","M","?","M","?","?","M","M","E","T","M","E","M","R","M","R","BOSS"],"items_purchased_type":["Card","Potion","Relic","Card","Card","Relic","Card"],"build_version":"2020-12-22","purchased_purges":0,"victory":true,"max_hp_per_floor":[88,88,88,88,88,88,88,88,88,88,88,88,88,88,88,88,88,88,88,88,88,88,88,88,88,88,88,88,88,88,88,88,88,88,88,88,88,88,88,88,88,88,88,88,88,88,88,88,88,88],"card_choices":[{"not_picked":["theDuelist:CyberDragonNachster","theDuelist:HazyFlameHydra","theDuelist:DefenseZone","theDuelist:Freezadon"],"picked":"theDuelist:BusterBlader","floor":1},{"not_picked":["theDuelist:StampingDestruction","theDuelist:CyberDragonInfinity"],"picked":"theDuelist:FiveHeaded","floor":2},{"not_picked":["theDuelist:TrihornedDragon","theDuelist:EvilMind","theDuelist:BlackVeloci","theDuelist:BlackTyranno"],"picked":"theDuelist:DarkHorus","floor":4},{"not_picked":["theDuelist:AncientRules","theDuelist:GiantRex","theDuelist:Berserking","theDuelist:OneDayPeace"],"picked":"theDuelist:BlueEyes","floor":5},{"not_picked":["theDuelist:Sparks","theDuelist:CastleWalls"],"picked":"SKIP","floor":7},{"not_picked":["theDuelist:Hinotama","theDuelist:ForbiddenChalice","theDuelist:BigKoala","theDuelist:DestructPotion"],"picked":"theDuelist:BigFire","floor":8},{"not_picked":["theDuelist:BlackBrachios","theDuelist:BarrelDragon","theDuelist:TrihornedDragon","theDuelist:Kabazauls"],"picked":"theDuelist:CyberTwinDragon","floor":10},{"not_picked":["theDuelist:SurvivalFittest","theDuelist:OceanDragonLord","theDuelist:DefensiveTactics","theDuelist:ChimeratechOverdragon"],"picked":"theDuelist:SliferSky","floor":12},{"not_picked":["theDuelist:Hydrogeddon","theDuelist:CyberDragonNachster","theDuelist:BusterDrake","theDuelist:CyberEmergency"],"picked":"theDuelist:BabyDragon","floor":14},{"not_picked":["theDuelist:OceanDragonLord","theDuelist:Lancephorhynchus","theDuelist:CyberDragonInfinity","theDuelist:ChimeratechOverdragon"],"picked":"theDuelist:BerserkScales","floor":16},{"not_picked":["theDuelist:RainbowOverdragon","theDuelist:BlockGolem","theDuelist:BlueBloodedOni","theDuelist:RainbowBridge","theDuelist:PreventRat"],"picked":"SKIP","floor":18},{"not_picked":["theDuelist:SpiralSpearStrike","theDuelist:DragonTreasure","theDuelist:DragonRavine","theDuelist:SystemDown"],"picked":"theDuelist:AxeDespair+1","floor":19},{"not_picked":["theDuelist:RedEyesZombie","theDuelist:DarkHorus+1","theDuelist:GalaxyTyranno","theDuelist:TwinHeadedBehemoth"],"picked":"theDuelist:GuardragonJusticia","floor":21},{"not_picked":["theDuelist:CurseDragon+1","theDuelist:ScrapIronScarecrow","theDuelist:Earthquake+1","theDuelist:CoralDragon+1"],"picked":"theDuelist:TwinBarrelDragon","floor":25},{"not_picked":["theDuelist:VeilDarkness+1","theDuelist:TyrantWing","theDuelist:DefenseZone+1","theDuelist:DefenseDraw"],"picked":"theDuelist:DragonShield+1","floor":28},{"not_picked":["theDuelist:TrihornedDragon","theDuelist:DarkDriceratops","theDuelist:BlackTyranno","theDuelist:DreadnoughtDreadnoid+1","theDuelist:BlackBrutdrago"],"picked":"SKIP","floor":30},{"not_picked":["theDuelist:OceanDragonLord","theDuelist:DefensiveTactics","theDuelist:BusterBladerDDS","theDuelist:BSkullDragon"],"picked":"theDuelist:Lancephorhynchus+1","floor":33},{"not_picked":["theDuelist:LesserDragon","theDuelist:ArmedDragon5","theDuelist:ExploderDragonwing+1","theDuelist:BackgroundDragon+1"],"picked":"theDuelist:RedDragonArchfiend","floor":35},{"not_picked":["theDuelist:WhiteHowling+1","theDuelist:Vandalgyon+1","theDuelist:BoosterDragon+1","theDuelist:ArtifactSanctum"],"picked":"theDuelist:DragonMirror+1","floor":37},{"not_picked":["theDuelist:TyrantWing","theDuelist:SpiralSpearStrike+1","theDuelist:DragonCaptureJar","theDuelist:DefenseZone+1","theDuelist:DragonShield+1"],"picked":"SKIP","floor":40},{"not_picked":["theDuelist:MadSwordBeast","theDuelist:TornadoDragon+1","theDuelist:BlackStego+1","theDuelist:Earthquake","theDuelist:CaveDragon"],"picked":"SKIP","floor":41},{"not_picked":["theDuelist:OceanDragonLord+1","theDuelist:DoomkaiserDragon","theDuelist:BSkullDragon","theDuelist:ArmageddonDragonEmp+1"],"picked":"theDuelist:WingedDragonRa+1","floor":42},{"not_picked":["theDuelist:YamataDragon+1","theDuelist:TwinHeadedBehemoth","theDuelist:MetalDragon","theDuelist:ExploderDragonwing+1","theDuelist:BlackBrutdrago+1"],"picked":"SKIP","floor":44},{"not_picked":["theDuelist:BusterBlader+1","theDuelist:BlackPtera+1","theDuelist:RedRisingDragon+1","theDuelist:MetalDragon+1"],"picked":"theDuelist:CaveDragon+1","floor":45},{"not_picked":["theDuelist:RedEyesZombie+1","theDuelist:CyberLaserDragon","theDuelist:CyberDragonNachster","theDuelist:BackgroundDragon+1","theDuelist:FiveHeaded"],"picked":"SKIP","floor":46},{"not_picked":["theDuelist:Sparks+1","theDuelist:CastleWalls+1","theDuelist:SpiralSpearStrike","theDuelist:SilverWing"],"picked":"theDuelist:BerserkScales","floor":48}],"player_experience":321816,"relics_obtained":[{"floor":9,"key":"Bag of Preparation"},{"floor":24,"key":"ReplayTheSpireMod:Ring of Collecting"},{"floor":26,"key":"Ring of Peace"},{"floor":26,"key":"Archangels Feather"},{"floor":39,"key":"ReplayTheSpireMod:Ring of Exchange"},{"floor":39,"key":"theForsaken:Gavel"},{"floor":42,"key":"Bird Faced Urn"},{"floor":43,"key":"hubris:SoftwareUpdate"},{"floor":45,"key":"theForsaken:HumbleEgg"}],"event_choices":[{"cards_removed":["theDuelist:Sparks"],"damage_healed":0,"gold_gain":0,"player_choice":"Give","damage_taken":0,"max_hp_gain":0,"max_hp_loss":0,"event_name":"betterNote:BetterNote","floor":22,"gold_loss":0,"cards_obtained":["Hallucinations"]},{"damage_healed":0,"gold_gain":0,"player_choice":"Leave","duelist":true,"damage_taken":0,"max_hp_gain":0,"max_hp_loss":0,"event_name":"Relic Duplicator","floor":29,"gold_loss":0},{"damage_healed":0,"gold_gain":0,"player_choice":"Leave","damage_taken":0,"max_hp_gain":0,"max_hp_loss":0,"event_name":"conspire:Investor","floor":36,"gold_loss":0},{"damage_healed":0,"gold_gain":0,"player_choice":"Paid","damage_taken":0,"relics_obtained":["Red Mask"],"max_hp_gain":0,"max_hp_loss":0,"event_name":"Tomb of Lord Red Mask","floor":38,"gold_loss":270}],"is_beta":false,"boss_relics":[{"not_picked":["conspire:SpecialSausage","Runesmith:UraniumAnvil"],"picked":"hubris:TerracottaHorce"},{"not_picked":["Coffee Dripper","hubris:ScarierMask"],"picked":"Mark of Pain"}],"items_purged_floors":[],"is_endless":false,"potions_floor_spawned":[5,7,8,10,12,14,25,28,37,41,42,46],"ascension_level":0}}