{"host":"0bqebwv4xgw84x98","time":1610869340,"event":{"mods":["2.2 Compatiblity","Act Like it!","Aspiration","BaseMod","Conspire","Gold Saver","Googly Eyes","GungeonMod","Minty Spire (QoL Compilation)","Pale of the Ancients","Quick Restart","Rare Cards Sparkle","Relic Stats","Replay The Spire","Shop Mod","StSLib","Synergy Search","TestMod","The IronCluck","[IsaacMod]ÒÔÈö¼âËþ","thorton","óô»ðÖ¸ÄÏ"],"gold_per_floor":[251,251,28,44,59,108,108,168,243,279,300,322,18,22,22],"floor_reached":14,"language":"ZHS","playtime":365,"items_purged":["Injury","Strike_B"],"score":220,"play_id":"54e2d978-742c-47fb-a814-f63415f0d870","local_time":"20210117154220","is_ascension_mode":true,"campfire_choices":[],"circlet_count":0,"master_deck":["AscendersBane","Strike_B","Strike_B","Strike_B","Defend_B","Defend_B","Defend_B","Defend_B","Zap","Dualcast","BettingIsNotGood","Heatsinks","Heatsinks","Doom and Gloom","Storm","Self Repair","ReplayTheSpireMod:Omega Cannon+1","Skim","Electrodynamics","Capacitor","Coolheaded","Self Repair"],"relics":["Cracked Core","testmod-TestBox","HushsDoor","testmod-TheFather","GuppysTail","Golden Idol","Void","TheBean","Replay:Bottled Steam","Potion Belt","DemoMod:GnawedKey","Prayer Wheel"],"acts_visited":["Exordium"],"potions_floor_usage":[14,14],"damage_taken":[{"damage":0.0,"enemies":"2 Louse","floor":1.0,"turns":1.0},{"damage":0.0,"enemies":"Small Slimes","floor":4.0,"turns":1.0},{"damage":0.0,"enemies":"conspire:RoseBush","floor":5.0,"turns":1.0},{"damage":10.0,"enemies":"Lagavulin","floor":6.0,"turns":5.0},{"damage":31.0,"enemies":"Gremlin Nob","floor":8.0,"turns":4.0},{"damage":17.0,"enemies":"Replay:BlueRogue","floor":10.0,"turns":6.0},{"damage":12.0,"enemies":"Lots of Slimes","floor":11.0,"turns":2.0},{"damage":0.0,"enemies":"Gremlin Gang","floor":12.0,"turns":1.0},{"damage":32,"enemies":"Lagavulin","floor":14,"turns":4}],"seed_played":"-341411949123310143","potions_obtained":[{"floor":5.0,"key":"ColorlessPotion"},{"floor":10.0,"key":"ColorlessPotion"},{"floor":11.0,"key":"Reflective Coating"}],"is_trial":false,"path_per_floor":["M","?","$","M","M","E","?","E","T","E","M","M","$","E"],"character_chosen":"DEFECT","items_purchased":["Heatsinks","Doom and Gloom","Self Repair","SkillPotion","DemoMod:GnawedKey"],"campfire_rested":0,"item_purchase_floors":[3,3,13,13,13],"current_hp_per_floor":[64,64,64,64,64,59,59,35,35,25,13,20,20,0,0],"gold":22,"neow_bonus":"THREE_ENEMY_KILL","is_daily":false,"chose_seed":false,"campfire_upgraded":0,"win_rate":0.0,"timestamp":1610869340,"path_taken":["M","?","$","M","M","E","?","E","T","E","M","M","$","E"],"items_purchased_type":["Card","Card","Card","Potion","Relic"],"build_version":"2020-12-22","purchased_purges":2,"victory":false,"max_hp_per_floor":[71,71,71,71,71,71,71,71,71,71,71,71,71,71,71],"relic_stats":{"counters":[9,25],"Golden Idol":37,"Prayer Wheel":0,"obtain_stats":[{"KeepersGift":0,"Potion Belt":10,"GuppysTail":0,"testmod-TestBox":0,"NeowsBlessing":0,"Golden Idol":2,"DemoMod:GlassGuonStoneRelic":4,"TheBean":8,"testmod-TheFather":0,"Prayer Wheel":14,"DemoMod:GnawedKey":13,"Void":6,"Cracked Core":0,"HushsDoor":0,"Replay:Bottled Steam":9},{"KeepersGift":0,"Potion Belt":6,"GuppysTail":0,"testmod-TestBox":0,"NeowsBlessing":0,"Golden Idol":1,"DemoMod:GlassGuonStoneRelic":2,"TheBean":5,"testmod-TheFather":0,"Prayer Wheel":9,"DemoMod:GnawedKey":8,"Void":4,"Cracked Core":0,"HushsDoor":0,"Replay:Bottled Steam":5},{"KeepersGift":0,"Potion Belt":18,"GuppysTail":0,"testmod-TestBox":0,"NeowsBlessing":0,"Golden Idol":1,"DemoMod:GlassGuonStoneRelic":2,"TheBean":12,"testmod-TheFather":0,"Prayer Wheel":22,"DemoMod:GnawedKey":21,"Void":8,"Cracked Core":0,"HushsDoor":0,"Replay:Bottled Steam":12}]},"card_choices":[{"not_picked":[],"picked":"BettingIsNotGood","floor":0.0},{"not_picked":["Go for the Eyes","Fusion"],"picked":"Sweeping Beam","floor":1.0},{"not_picked":["Panic Button","Hologram"],"picked":"Storm","floor":4.0},{"not_picked":["Reprogram","Panic Button","Redo"],"picked":"SKIP","floor":5.0},{"not_picked":["Stack","Go for the Eyes"],"picked":"Self Repair","floor":6.0},{"not_picked":["Hologram","Go for the Eyes"],"picked":"Skim","floor":8.0},{"not_picked":["ReplayTheSpireMod:System Scan","Rebound"],"picked":"Electrodynamics","floor":10.0},{"not_picked":["Turbo","Gash"],"picked":"Capacitor","floor":11.0},{"not_picked":["Streamline","Rebound"],"picked":"Coolheaded","floor":12.0}],"player_experience":902478,"relics_obtained":[{"floor":6.0,"key":"Void"},{"floor":8.0,"key":"TheBean"},{"floor":9.0,"key":"Replay:Bottled Steam"},{"floor":10.0,"key":"Potion Belt"}],"event_choices":[{"damage_healed":0.0,"max_hp_gain":0.0,"max_hp_loss":0.0,"gold_gain":0.0,"event_name":"Golden Idol","player_choice":"Take Wound","floor":2.0,"gold_loss":0.0,"damage_taken":0.0,"relics_obtained":["Golden Idol"],"cards_obtained":["Injury"]}],"is_beta":false,"boss_relics":[],"items_purged_floors":[3,13],"is_endless":false,"potions_floor_spawned":[5,10,11],"killed_by":"Lagavulin","ascension_level":20}}