{"host":"farxtl2u8hmkbdo2","time":1610906288,"event":{"mods":["A Magickal Journey","BaseMod","Challenge The Spire","Colored Map","Colored Powertips","Current Relic Mod","Energized Spire","Gremlin Mod","Hubris","Mimic Mod","Minty Spire (QoL Compilation)","Quick Restart","READ ME - Guardian Mod","READ ME - Snecko Mod","StSLib","The Bladedancer","The Bug Knight","The Disciple","The Elementalist","The Factory","The Necromancer","The Runesmith"],"gold_per_floor":[18,33,50,50,61,61,93,93,118,43,43,63,82,98,98,199,199,212,230,246,273,22,22,36,36,36,36,46,46,77,87,87,87,87],"floor_reached":33,"language":"SPA","playtime":1957,"items_purged":["HollowMod:NailStrikeStart"],"score":271,"play_id":"256b64dc-20ca-426b-8617-841bb38781dd","local_time":"20210117145808","is_ascension_mode":false,"campfire_choices":[{"floor":6,"key":"DIG"},{"floor":8,"key":"DIG"},{"floor":15,"key":"DIG"},{"floor":23,"key":"DIG"},{"floor":25,"key":"DIG"},{"floor":29,"key":"REST"},{"floor":32,"key":"DIG"}],"circlet_count":0,"master_deck":["HollowMod:NailStrikeStart","HollowMod:NailStrikeStart","HollowMod:NailStrikeStart","HollowMod:QuickDashStart","HollowMod:QuickDashStart","HollowMod:QuickDashStart","HollowMod:FocusHealStart","HollowMod:PogoStrike","HollowMod:CycloneSlash","HollowMod:VengefulSpirit","HollowMod:GrimmsGift","HollowMod:TaintedHusks","HollowMod:MonarchWings","HollowMod:DashSlash","HollowMod:MantisMark","HollowMod:ChannelNail","HollowMod:MidwifesHunger","HollowMod:DoubleDash","HollowMod:SiblingsSouls","HollowMod:AwokenDreamNail","HollowMod:CloakDash+1","HollowMod:HowlingWraiths","HollowMod:GrimmsGift+1","HollowMod:FallenFury+1","HollowMod:AwokenDreamNail"],"relics":["HollowMod:VesselMask","Shovel","Boot","Bag of Preparation","Potion Belt","Anchor","Pantograph","Toy Ornithopter","hubris:ScarierMask","Red Mask","Mummified Hand","hubris:TinFlute","Lantern","Happy Flower","Dream Catcher","HollowMod:LifeEnderRelic","Molten Egg 2"],"acts_visited":["Exordium","TheCity"],"potions_floor_usage":[7,7,20,21,21,33],"damage_taken":[{"damage":2,"enemies":"Small Slimes","floor":1,"turns":4},{"damage":0,"enemies":"2 Louse","floor":2,"turns":2},{"damage":3,"enemies":"Jaw Worm","floor":3,"turns":3},{"damage":7,"enemies":"Looter","floor":5,"turns":5},{"damage":18,"enemies":"Lagavulin","floor":7,"turns":4},{"damage":0,"enemies":"Lots of Slimes","floor":12,"turns":2},{"damage":0,"enemies":"3 Louse","floor":13,"turns":2},{"damage":2,"enemies":"Blue Slaver","floor":14,"turns":3},{"damage":65,"enemies":"The Guardian","floor":16,"turns":10},{"damage":12,"enemies":"3 Byrds","floor":18,"turns":4},{"damage":0,"enemies":"Chosen","floor":19,"turns":4},{"damage":6,"enemies":"Shelled Parasite and Fungi","floor":20,"turns":6},{"damage":21,"enemies":"Masked Bandits","floor":21,"turns":5},{"damage":36,"enemies":"Snake Plant","floor":24,"turns":5},{"damage":17,"enemies":"Cultist and Chosen","floor":28,"turns":5},{"damage":2,"enemies":"Slavers","floor":30,"turns":4},{"damage":3,"enemies":"Centurion and Healer","floor":31,"turns":4},{"damage":86,"enemies":"hubris:MusketHawk","floor":33,"turns":11}],"seed_played":"495679262740814011","potions_obtained":[{"floor":3,"key":"PowerPotion"},{"floor":5,"key":"Block Potion"},{"floor":7,"key":"ColorlessPotion"},{"floor":13,"key":"AttackPotion"},{"floor":19,"key":"FearPotion"},{"floor":28,"key":"Ancient Potion"}],"is_trial":false,"path_per_floor":["M","M","M","?","M","R","E","R","T","$","?","M","M","M","R","B",null,"M","M","M","?","$","R","M","R","T","?","M","R","E","M","R","B"],"character_chosen":"THE_BUGKNIGHT","items_purchased":["Mummified Hand"],"campfire_rested":1,"item_purchase_floors":[22],"current_hp_per_floor":[75,75,72,72,71,71,53,53,53,53,41,41,41,39,39,5,75,63,69,75,64,64,64,34,34,34,34,23,45,53,50,50,0,0],"gold":87,"neow_bonus":"ONE_RARE_RELIC","is_daily":false,"chose_seed":false,"campfire_upgraded":0,"win_rate":0.0,"timestamp":1610906288,"path_taken":["M","M","M","?","M","R","E","R","T","$","?","M","M","M","R","BOSS","M","M","M","?","$","R","M","R","T","?","?","R","E","M","R","BOSS"],"items_purchased_type":["Relic"],"build_version":"2020-12-22","purchased_purges":1,"victory":false,"max_hp_per_floor":[75,75,75,75,75,75,75,75,75,75,75,75,75,75,75,75,75,75,75,75,75,75,75,75,75,75,75,75,75,75,75,75,75,75],"card_choices":[{"not_picked":["HollowMod:HeavyBlow","HollowMod:ShapeofUnn"],"picked":"HollowMod:CycloneSlash","floor":1},{"not_picked":["HollowMod:CornifersMapStart","HollowMod:ShadowDash"],"picked":"HollowMod:VengefulSpirit","floor":2},{"not_picked":["HollowMod:HowlingWraiths","HollowMod:FallenFury"],"picked":"HollowMod:GrimmsGift","floor":3},{"not_picked":["HollowMod:InfectedCysts","HollowMod:CycloneSlash"],"picked":"HollowMod:MonarchWings","floor":5},{"not_picked":["HollowMod:CornifersMapStart","HollowMod:SoulEater"],"picked":"HollowMod:DashSlash","floor":7},{"not_picked":["HollowMod:CloakDash","HollowMod:GoodIntentions"],"picked":"HollowMod:MantisMark","floor":12},{"not_picked":["HollowMod:NewJinnsSoul","HollowMod:NewGlowingWomb","HollowMod:HeavyBlow"],"picked":"SKIP","floor":13},{"not_picked":["HollowMod:SharpenedNail","HollowMod:InfectedCysts"],"picked":"HollowMod:ChannelNail","floor":14},{"not_picked":["HollowMod:NewInfectedGuardian","HollowMod:VoidDash"],"picked":"HollowMod:MidwifesHunger","floor":16},{"not_picked":["HollowMod:FallenFury","HollowMod:SoulSplash"],"picked":"HollowMod:DoubleDash","floor":18},{"not_picked":["HollowMod:CornifersMapStart+1","HollowMod:ShadowDash"],"picked":"HollowMod:GoodIntentions","floor":19},{"not_picked":["HollowMod:GoodIntentions","HollowMod:VengefulSpirit"],"picked":"HollowMod:SiblingsSouls","floor":20},{"not_picked":["HollowMod:SiblingsSouls","HollowMod:ShadowDash"],"picked":"HollowMod:AwokenDreamNail","floor":21},{"not_picked":["HollowMod:DreamGate","HollowMod:NewJinnsSoul"],"picked":"HollowMod:CloakDash+1","floor":24},{"not_picked":["HollowMod:WraithStrike","HollowMod:InfectedCysts"],"picked":"HollowMod:HowlingWraiths","floor":28},{"not_picked":["HollowMod:SiblingsSouls","HollowMod:TaintedHusks"],"picked":"HollowMod:GrimmsGift+1","floor":29},{"not_picked":["HollowMod:HeavyBlow","HollowMod:LifebloodCocoon"],"picked":"HollowMod:FallenFury+1","floor":30},{"not_picked":["HollowMod:CornifersMapStart+1","HollowMod:SharpenedNail"],"picked":"HollowMod:AwokenDreamNail","floor":31}],"player_experience":1853771,"relics_obtained":[{"floor":6,"key":"Boot"},{"floor":7,"key":"Bag of Preparation"},{"floor":8,"key":"Potion Belt"},{"floor":9,"key":"Anchor"},{"floor":15,"key":"Toy Ornithopter"},{"floor":21,"key":"Red Mask"},{"floor":23,"key":"hubris:TinFlute"},{"floor":25,"key":"Lantern"},{"floor":26,"key":"Happy Flower"},{"floor":30,"key":"HollowMod:LifeEnderRelic"},{"floor":32,"key":"Molten Egg 2"}],"event_choices":[{"damage_healed":0,"gold_gain":0,"cards_transformed":["HollowMod:QuickDashStart"],"player_choice":"Change","damage_taken":0,"max_hp_gain":0,"max_hp_loss":0,"event_name":"Living Wall","floor":4,"gold_loss":0,"cards_obtained":["HollowMod:TaintedHusks"]},{"damage_healed":0,"gold_gain":0,"player_choice":"Success","damage_taken":12,"relics_obtained":["Pantograph"],"max_hp_gain":0,"max_hp_loss":0,"event_name":"Scrap Ooze","floor":11,"gold_loss":0},{"damage_healed":0,"gold_gain":0,"player_choice":"Fought Bandits","damage_taken":0,"max_hp_gain":0,"max_hp_loss":0,"event_name":"Masked Bandits","floor":21,"gold_loss":0},{"cards_removed":["HollowMod:GoodIntentions"],"damage_healed":0,"gold_gain":0,"player_choice":"Gave Card","damage_taken":0,"relics_obtained":["Dream Catcher"],"max_hp_gain":0,"max_hp_loss":0,"event_name":"WeMeetAgain","floor":27,"gold_loss":0}],"is_beta":false,"boss_relics":[{"not_picked":["energizedSpire:NeverEndingSparkler","Fusion Hammer"],"picked":"hubris:ScarierMask"}],"items_purged_floors":[10],"is_endless":false,"potions_floor_spawned":[3,5,7,13,19,28],"killed_by":"hubris:MusketHawk","ascension_level":0}}