{"host":"c3lc60y5x60jlt1y","time":1610919742,"event":{"mods":["AchievementEnabler","BaseMod","Bestiary","Colored Map","Minty Spire (QoL Compilation)","Quick Restart","StSLib","ojb\u0027s Info Mod"],"gold_per_floor":[116,191,191,211,211,243,243,263,312,330,346,375,375,70,70,175,175,189,199,213,183,195,229,229,229,229],"floor_reached":25,"language":"ENG","playtime":1789,"items_purged":["Strike_B"],"score":400,"play_id":"b7c68fd8-c4fd-456c-a765-da1cc23e9981","local_time":"20210117234222","is_ascension_mode":true,"campfire_choices":[{"data":"Go for the Eyes","floor":7,"key":"SMITH"},{"data":"1","floor":13,"key":"LIFT"},{"data":"2","floor":15,"key":"LIFT"},{"floor":24,"key":"REST"}],"circlet_count":0,"master_deck":["AscendersBane","Strike_B","Strike_B","Defend_B","Defend_B+1","Defend_B+1","Defend_B","Zap","Dualcast","Turbo","Go for the Eyes+1","Rebound","All For One","Hologram","Go for the Eyes","Scrape","Auto Shields","All For One","Glacier","Skim","Beam Cell","Chill","Tempest+1"],"relics":["Cracked Core","NeowsBlessing","Strawberry","War Paint","Girya","MealTicket","Black Star","Orichalcum","Blood Vial"],"acts_visited":["Exordium","TheCity"],"potions_floor_usage":[12,16,23,23],"damage_taken":[{"damage":0,"enemies":"Jaw Worm","floor":1,"turns":1},{"damage":0,"enemies":"Small Slimes","floor":4,"turns":1},{"damage":0,"enemies":"Gremlin Nob","floor":6,"turns":1},{"damage":1,"enemies":"2 Louse","floor":8,"turns":2},{"damage":0,"enemies":"Exordium Wildlife","floor":10,"turns":3},{"damage":6,"enemies":"2 Fungi Beasts","floor":11,"turns":3},{"damage":12,"enemies":"Lagavulin","floor":12,"turns":6},{"damage":12,"enemies":"The Guardian","floor":16,"turns":14},{"damage":0,"enemies":"Chosen","floor":18,"turns":3},{"damage":3,"enemies":"Spheric Guardian","floor":19,"turns":3},{"damage":13,"enemies":"Snake Plant","floor":20,"turns":8},{"damage":15,"enemies":"Shelled Parasite and Fungi","floor":22,"turns":8},{"damage":39,"enemies":"Slavers","floor":23,"turns":7},{"damage":33,"enemies":"Gremlin Leader","floor":25,"turns":6}],"seed_played":"6972096712803108124","potions_obtained":[{"floor":4,"key":"LiquidMemories"},{"floor":8,"key":"ColorlessPotion"},{"floor":18,"key":"SkillPotion"},{"floor":21,"key":"Fire Potion"}],"is_trial":false,"path_per_floor":["M","?","?","M","?","E","R","M","T","M","M","E","R","$","R","B",null,"M","M","M","?","M","E","R","E"],"character_chosen":"DEFECT","items_purchased":["MealTicket","Auto Shields"],"campfire_rested":1,"item_purchase_floors":[14,14],"current_hp_per_floor":[68,57,62,62,62,69,69,68,68,68,62,50,50,50,50,38,75,75,72,59,59,44,5,31,0,0],"gold":229,"neow_bonus":"THREE_ENEMY_KILL","is_daily":false,"chose_seed":false,"campfire_upgraded":1,"win_rate":0.0,"timestamp":1610919742,"path_taken":["M","?","?","M","?","E","R","?","T","M","M","E","R","$","R","BOSS","M","M","M","?","?","E","R","E"],"items_purchased_type":["Relic","Card"],"build_version":"2020-12-22","purchased_purges":1,"victory":false,"max_hp_per_floor":[75,75,80,80,80,87,87,87,87,87,87,87,87,87,87,87,87,87,87,87,87,87,87,87,87,87],"card_choices":[{"not_picked":["Redo","Barrage"],"picked":"Turbo","floor":1},{"not_picked":["Rebound","Barrage"],"picked":"Go for the Eyes","floor":4},{"not_picked":["Sweeping Beam","Ball Lightning"],"picked":"All For One","floor":6},{"not_picked":["Lockon","Chaos"],"picked":"Hologram","floor":8},{"not_picked":["Sweeping Beam","Compile Driver"],"picked":"Go for the Eyes","floor":10},{"not_picked":["Compile Driver","Rebound","Sweeping Beam"],"picked":"SKIP","floor":11},{"not_picked":["Sweeping Beam","Leap"],"picked":"Scrape","floor":12},{"not_picked":["Creative AI","Thunder Strike"],"picked":"All For One","floor":16},{"not_picked":["Sweeping Beam+1","Rebound"],"picked":"Glacier","floor":18},{"not_picked":["Turbo","Cold Snap"],"picked":"Skim","floor":19},{"not_picked":["Cold Snap","Go for the Eyes"],"picked":"Beam Cell","floor":20},{"not_picked":["Lockon+1","Compile Driver+1"],"picked":"Chill","floor":22},{"not_picked":["Rebound+1","Conserve Battery"],"picked":"Tempest+1","floor":23}],"player_experience":8152614,"relics_obtained":[{"floor":6,"key":"Strawberry"},{"floor":9,"key":"War Paint"},{"floor":12,"key":"Girya"},{"floor":23,"key":"Orichalcum"},{"floor":23,"key":"Blood Vial"}],"event_choices":[{"damage_healed":0,"gold_gain":75,"player_choice":"Gather Gold","damage_taken":11,"max_hp_gain":0,"max_hp_loss":0,"event_name":"World of Goop","floor":2,"gold_loss":0},{"damage_healed":0,"gold_gain":0,"player_choice":"Donut","damage_taken":0,"max_hp_gain":5,"max_hp_loss":0,"event_name":"Big Fish","floor":3,"gold_loss":0},{"damage_healed":0,"gold_gain":0,"cards_transformed":["Strike_B"],"player_choice":"Change","damage_taken":0,"max_hp_gain":0,"max_hp_loss":0,"event_name":"Living Wall","floor":5,"gold_loss":0,"cards_obtained":["Rebound"]},{"damage_healed":0,"gold_gain":0,"player_choice":"Bought 2 Potions","damage_taken":0,"max_hp_gain":0,"max_hp_loss":0,"event_name":"The Woman in Blue","floor":21,"gold_loss":0}],"is_beta":false,"boss_relics":[{"not_picked":["Calling Bell","SlaversCollar"],"picked":"Black Star"}],"items_purged_floors":[14],"is_endless":false,"potions_floor_spawned":[4,8,10,18],"killed_by":"Gremlin Leader","ascension_level":11}}