{"host":"2pmmafybkq7zb6na","time":1610868686,"event":{"mods":["AchievementEnabler","BaseMod","Colored Map","Highlight Path","Keyboard Shortcuts","Minty Spire (QoL Compilation)","Quick Restart","StSLib","SuperFastMode"],"gold_per_floor":[110,128,138,37,51,51,86,97,97,97,97,97],"floor_reached":11,"language":"KOR","playtime":613,"items_purged":["Strike_G"],"score":75,"play_id":"937bd5c9-95df-421c-9e37-e9caa4bbb250","local_time":"20210117163126","is_ascension_mode":false,"campfire_choices":[{"data":"Tactician","floor":6,"key":"SMITH"},{"floor":10,"key":"REST"}],"circlet_count":0,"master_deck":["Strike_G","Strike_G","Strike_G","Strike_G","Defend_G","Defend_G","Defend_G","Defend_G","Defend_G","Survivor","Neutralize","Prepared","Blade Dance","Tactician+1","Acrobatics","Escape Plan","Prepared","Quick Slash"],"relics":["Ring of the Snake","Pen Nib","Gremlin Horn","Bag of Preparation"],"acts_visited":["Exordium"],"potions_floor_usage":[7,11],"damage_taken":[{"damage":1,"enemies":"2 Louse","floor":1,"turns":4},{"damage":1,"enemies":"Cultist","floor":2,"turns":3},{"damage":0,"enemies":"Small Slimes","floor":3,"turns":2},{"damage":30,"enemies":"Exordium Thugs","floor":5,"turns":7},{"damage":24,"enemies":"3 Sentries","floor":7,"turns":13},{"damage":5,"enemies":"Large Slime","floor":8,"turns":5},{"damage":38,"enemies":"Lagavulin","floor":11,"turns":9}],"seed_played":"-6567923936097891783","potions_obtained":[{"floor":3,"key":"Swift Potion"},{"floor":8,"key":"EssenceOfSteel"}],"is_trial":false,"path_per_floor":["M","M","M","$","M","R","E","M","T","R","E"],"character_chosen":"THE_SILENT","items_purchased":["Acrobatics"],"campfire_rested":1,"item_purchase_floors":[4],"current_hp_per_floor":[69,68,68,68,38,38,14,9,9,30,0,0],"gold":97,"neow_bonus":"RANDOM_COMMON_RELIC","is_daily":false,"chose_seed":false,"campfire_upgraded":1,"win_rate":0.0,"timestamp":1610868686,"path_taken":["M","M","M","$","M","R","E","M","T","R","E"],"items_purchased_type":["Card"],"build_version":"2020-12-22","purchased_purges":1,"victory":false,"max_hp_per_floor":[70,70,70,70,70,70,70,70,70,70,70,70],"card_choices":[{"not_picked":["Distraction","Leg Sweep"],"picked":"Prepared","floor":1},{"not_picked":["Distraction","Dagger Spray"],"picked":"Blade Dance","floor":2},{"not_picked":["Dagger Spray","Flechettes"],"picked":"Tactician","floor":3},{"not_picked":["Riddle With Holes","Flying Knee"],"picked":"Escape Plan","floor":5},{"not_picked":["Noxious Fumes","Footwork"],"picked":"Prepared","floor":7},{"not_picked":["Slice","Catalyst"],"picked":"Quick Slash","floor":8}],"player_experience":70071,"relics_obtained":[{"floor":7,"key":"Gremlin Horn"},{"floor":9,"key":"Bag of Preparation"}],"event_choices":[],"is_beta":false,"boss_relics":[],"items_purged_floors":[4],"is_endless":false,"potions_floor_spawned":[3,8],"killed_by":"Lagavulin","ascension_level":0}}