{"host":"5l3fd535wdxfzl1g","time":1610895346,"event":{"mods":["2.2 Compatiblity","AchievementEnabler","BaseMod","Better Third Choice","Better Vampires","Colored Powertips","Minty Spire (QoL Compilation)","Permanent Neow","Quick Restart","Rare Cards Sparkle","StSLib","UnlockEverythingMod"],"gold_per_floor":[114,114,126,138,138,138,157,157,209,221,235,235,235,262,262,363,363,378,393,318,345,345,365,365,380,380,393,404,404,404,417,417,514,514,532,532,532,551,310,330,330,342,342,342,442,456,468,488,488,488,488],"floor_reached":50,"language":"ZHS","playtime":1698,"items_purged":["Strike_R","Strike_R"],"score":525,"play_id":"d21c304f-a2c4-4adc-b3d7-0afc1e52cb84","local_time":"20210117225546","is_ascension_mode":false,"campfire_choices":[{"data":"Bash","floor":6.0,"key":"SMITH"},{"data":"Uppercut","floor":12.0,"key":"SMITH"},{"data":"Perfected Strike","floor":15.0,"key":"SMITH"},{"data":"Perfected Strike","floor":24.0,"key":"SMITH"},{"data":"Power Through","floor":30.0,"key":"SMITH"},{"data":"Immolate","floor":32.0,"key":"SMITH"},{"floor":49.0,"key":"REST"}],"circlet_count":0,"master_deck":["Strike_R","Strike_R","Defend_R","Defend_R","Defend_R","Bash+1","Carnage+1","Uppercut+1","Perfected Strike+1","Immolate+1","Feel No Pain","Perfected Strike+1","Power Through+1","Feed","Bludgeon","Barricade"],"relics":["Snecko Eye"],"acts_visited":["Exordium","TheCity","TheBeyond"],"potions_floor_usage":[50,50],"damage_taken":[{"damage":1.0,"enemies":"Small Slimes","floor":1.0,"turns":3.0},{"damage":3.0,"enemies":"Cultist","floor":3.0,"turns":5.0},{"damage":6.0,"enemies":"Jaw Worm","floor":4.0,"turns":2.0},{"damage":4.0,"enemies":"Lots of Slimes","floor":7.0,"turns":5.0},{"damage":22.0,"enemies":"Large Slime","floor":10.0,"turns":7.0},{"damage":1.0,"enemies":"Exordium Wildlife","floor":11.0,"turns":2.0},{"damage":3.0,"enemies":"Lagavulin","floor":14.0,"turns":3.0},{"damage":0.0,"enemies":"Slime Boss","floor":16.0,"turns":5.0},{"damage":0.0,"enemies":"Spheric Guardian","floor":18.0,"turns":1.0},{"damage":0.0,"enemies":"2 Thieves","floor":19.0,"turns":1.0},{"damage":0.0,"enemies":"Centurion and Healer","floor":23.0,"turns":2.0},{"damage":13.0,"enemies":"Snake Plant","floor":25.0,"turns":2.0},{"damage":12.0,"enemies":"Chosen and Byrds","floor":27.0,"turns":4.0},{"damage":0.0,"enemies":"Centurion and Healer","floor":28.0,"turns":4.0},{"damage":8.0,"enemies":"Shelled Parasite and Fungi","floor":31.0,"turns":4.0},{"damage":28.0,"enemies":"Collector","floor":33.0,"turns":7.0},{"damage":24.0,"enemies":"Orb Walker","floor":35.0,"turns":4.0},{"damage":19.0,"enemies":"3 Darklings","floor":38.0,"turns":4.0},{"damage":10.0,"enemies":"Maw","floor":40.0,"turns":5.0},{"damage":0.0,"enemies":"4 Shapes","floor":42.0,"turns":4.0},{"damage":10.0,"enemies":"Writhing Mass","floor":46.0,"turns":3.0},{"damage":3.0,"enemies":"Transient","floor":47.0,"turns":5.0},{"damage":0.0,"enemies":"Spire Growth","floor":48.0,"turns":3.0},{"damage":44,"enemies":"Awakened One","floor":50,"turns":6}],"seed_played":"-4150239256488659342","potions_obtained":[{"floor":1.0,"key":"Energy Potion"},{"floor":3.0,"key":"CultistPotion"},{"floor":16.0,"key":"Energy Potion"},{"floor":19.0,"key":"LiquidBronze"},{"floor":27.0,"key":"Block Potion"},{"floor":35.0,"key":"DistilledChaos"},{"floor":40.0,"key":"Dexterity Potion"},{"floor":42.0,"key":"DistilledChaos"}],"is_trial":false,"path_per_floor":["M","?","M","M","?","R","M","?","T","M","M","R","?","E","R","B",null,"M","M","$","T","?","M","R","M","T","M","M","?","R","M","R","B",null,"M","?","?","M","$","M","T","M","T","?","?","M","M","M","R","B"],"character_chosen":"IRONCLAD","items_purchased":["Bludgeon"],"campfire_rested":1,"item_purchase_floors":[39],"current_hp_per_floor":[79,72,69,63,63,63,59,59,59,37,36,36,36,33,33,33,80,80,80,80,80,74,74,74,61,61,49,49,49,49,41,41,13,80,59,59,51,32,32,22,22,25,25,25,25,15,12,15,41,0,0],"gold":488,"neow_bonus":"BOSS_RELIC","is_daily":false,"chose_seed":false,"campfire_upgraded":6,"win_rate":0.0,"timestamp":1610895346,"path_taken":["M","?","M","M","?","R","M","?","T","?","M","R","?","E","R","BOSS","M","M","$","?","?","M","R","M","T","?","M","?","R","M","R","BOSS","M","?","?","?","$","M","?","M","T","?","?","?","M","M","R","BOSS"],"items_purchased_type":["Card"],"build_version":"2020-12-22","purchased_purges":2,"victory":false,"max_hp_per_floor":[80,80,80,80,80,80,80,80,80,80,80,80,80,80,80,80,80,80,80,80,80,80,80,80,80,80,80,80,80,80,80,80,80,80,83,83,83,83,83,83,83,86,86,86,86,86,86,89,89,89,89],"card_choices":[{"not_picked":["Dropkick","Wild Strike","Havoc"],"picked":"SKIP","floor":1.0},{"not_picked":["Dropkick","Wild Strike","Havoc"],"picked":"SKIP","floor":1.0},{"not_picked":["True Grit","Armaments","Pommel Strike"],"picked":"SKIP","floor":3.0},{"not_picked":["Pommel Strike","True Grit","Dual Wield"],"picked":"SKIP","floor":4.0},{"not_picked":["Havoc","Seeing Red","Thunderclap"],"picked":"SKIP","floor":7.0},{"not_picked":["True Grit","Shrug It Off"],"picked":"Carnage","floor":10.0},{"not_picked":["Twin Strike","Body Slam"],"picked":"Uppercut","floor":11.0},{"not_picked":["Sword Boomerang","Entrench"],"picked":"Perfected Strike","floor":14.0},{"not_picked":["Limit Break","Berserk"],"picked":"Immolate","floor":16.0},{"not_picked":["Twin Strike","Clothesline"],"picked":"Feel No Pain","floor":18.0},{"not_picked":["Hemokinesis","Heavy Blade"],"picked":"Perfected Strike","floor":19.0},{"not_picked":["Havoc+1","Sword Boomerang","Clothesline"],"picked":"SKIP","floor":23.0},{"not_picked":["Hemokinesis+1","Armaments","Wild Strike+1"],"picked":"SKIP","floor":25.0},{"not_picked":["Hemokinesis+1","Armaments","Wild Strike+1"],"picked":"SKIP","floor":25.0},{"not_picked":["Hemokinesis","Thunderclap","Berserk"],"picked":"SKIP","floor":27.0},{"not_picked":["Iron Wave","Heavy Blade","Pommel Strike"],"picked":"SKIP","floor":28.0},{"not_picked":["Shrug It Off","Reckless Charge","Wild Strike"],"picked":"SKIP","floor":31.0},{"not_picked":["Immolate","Fiend Fire"],"picked":"Feed","floor":33.0},{"not_picked":["Headbutt","Shrug It Off+1","Heavy Blade"],"picked":"SKIP","floor":35.0},{"not_picked":["Rampage","True Grit+1","Cleave"],"picked":"SKIP","floor":38.0},{"not_picked":["Pommel Strike+1","Shrug It Off+1","Warcry"],"picked":"SKIP","floor":40.0},{"not_picked":["Reckless Charge+1","Armaments","Headbutt"],"picked":"SKIP","floor":42.0},{"not_picked":["Cleave+1","Dark Embrace","Thunderclap"],"picked":"SKIP","floor":46.0},{"not_picked":["Wild Strike","Pommel Strike"],"picked":"Barricade","floor":47.0},{"not_picked":["Disarm+1","Thunderclap+1","Body Slam"],"picked":"SKIP","floor":48.0}],"player_experience":119366,"relics_obtained":[],"event_choices":[{"cards_removed":["Strike_R"],"damage_healed":0.0,"max_hp_gain":0.0,"max_hp_loss":0.0,"gold_gain":0.0,"event_name":"Golden Wing","player_choice":"Card Removal","floor":2.0,"gold_loss":0.0,"damage_taken":7.0},{"damage_healed":0.0,"max_hp_gain":0.0,"max_hp_loss":0.0,"gold_gain":0.0,"event_name":"betterThird:BetterSerpent","player_choice":"Ignored","floor":5.0,"gold_loss":0.0,"damage_taken":138.0},{"damage_healed":0.0,"max_hp_gain":0.0,"max_hp_loss":0.0,"gold_gain":0.0,"event_name":"NoteForYourself","player_choice":"Ignored","floor":8.0,"gold_loss":0.0,"damage_taken":0.0},{"damage_healed":0.0,"max_hp_gain":0.0,"max_hp_loss":0.0,"gold_gain":0.0,"event_name":"Upgrade Shrine","player_choice":"Upgraded","floor":13.0,"gold_loss":0.0,"damage_taken":0.0,"cards_upgraded":["Carnage"]},{"damage_healed":0.0,"max_hp_gain":0.0,"max_hp_loss":0.0,"gold_gain":0.0,"event_name":"Knowing Skull","player_choice":"","floor":22.0,"potions_obtained":[],"gold_loss":0.0,"damage_taken":6.0,"cards_obtained":[]},{"damage_healed":0.0,"max_hp_gain":0.0,"max_hp_loss":0.0,"gold_gain":0.0,"event_name":"The Library","player_choice":"Read","floor":29.0,"gold_loss":0.0,"damage_taken":0.0,"cards_obtained":["Power Through"]},{"cards_removed":["Defend_R"],"damage_healed":0.0,"max_hp_gain":0.0,"max_hp_loss":0.0,"gold_gain":0.0,"event_name":"Falling","player_choice":"Removed Skill","floor":36.0,"gold_loss":0.0,"damage_taken":0.0},{"damage_healed":0.0,"max_hp_gain":0.0,"max_hp_loss":0.0,"gold_gain":0.0,"event_name":"Wheel of Change","player_choice":"Damaged","floor":37.0,"gold_loss":0.0,"damage_taken":8.0},{"damage_healed":0.0,"max_hp_gain":0.0,"max_hp_loss":0.0,"gold_gain":0.0,"event_name":"Mysterious Sphere","player_choice":"Ignored","floor":44.0,"gold_loss":0.0,"damage_taken":0.0},{"damage_healed":0.0,"max_hp_gain":0.0,"max_hp_loss":0.0,"gold_gain":100.0,"event_name":"Golden Shrine","player_choice":"Pray","floor":45.0,"gold_loss":0.0,"damage_taken":0.0}],"is_beta":false,"boss_relics":[{"not_picked":["Ectoplasm","Coffee Dripper","Busted Crown"]},{"not_picked":["Empty Cage","SlaversCollar","Fusion Hammer"]}],"items_purged_floors":[20,39],"is_endless":false,"potions_floor_spawned":[1,3,16,19,27,35,40,42,46],"killed_by":"Awakened One","ascension_level":0}}