{"host":"jwbw4f4imxd0v0b0","time":1610873233,"event":{"mods":["BaseMod","Colored Map","Highlight Path","Minty Spire (QoL Compilation)","Relic Stats","StSLib"],"gold_per_floor":[165,181,46,58,68,96,96,112,112,112,127,142,142,170,170,243,243,260,18,18,68,81,81,97,97,97],"floor_reached":25,"language":"ENG","playtime":1150,"items_purged":["Strike_G"],"score":464,"play_id":"a00f62dc-6d8e-4435-b921-3d875f6648ea","local_time":"20210117024713","is_ascension_mode":true,"campfire_choices":[{"data":"Accuracy","floor":7,"key":"SMITH"},{"data":"Blade Dance","floor":10,"key":"SMITH"},{"data":"Blade Dance","floor":13,"key":"SMITH"},{"data":"Accuracy","floor":15,"key":"SMITH"},{"floor":23,"key":"REST"}],"circlet_count":0,"master_deck":["AscendersBane","Strike_G","Strike_G","Strike_G","Strike_G","Defend_G","Defend_G","Defend_G","Defend_G","Defend_G","Survivor","Neutralize+1","Blade Dance+1","Blade Dance+1","Bouncing Flask","Accuracy+1","Malaise","Accuracy+1","Dodge and Roll","Cloak And Dagger","Phantasmal Killer","Die Die Die","Deflect","Shame"],"relics":["Tiny House","Art of War","Peace Pipe","Girya","Runic Dome","TheAbacus","Unceasing Top"],"acts_visited":["Exordium","TheCity"],"potions_floor_usage":[2,6,11,14,16,24,25,25],"damage_taken":[{"damage":0,"enemies":"Cultist","floor":1,"turns":4},{"damage":0,"enemies":"Jaw Worm","floor":2,"turns":3},{"damage":0,"enemies":"Small Slimes","floor":4,"turns":2},{"damage":10,"enemies":"Looter","floor":5,"turns":5},{"damage":9,"enemies":"Lagavulin","floor":6,"turns":7},{"damage":0,"enemies":"Exordium Wildlife","floor":8,"turns":3},{"damage":1,"enemies":"Gremlin Gang","floor":11,"turns":4},{"damage":0,"enemies":"2 Fungi Beasts","floor":12,"turns":2},{"damage":12,"enemies":"Gremlin Nob","floor":14,"turns":4},{"damage":0,"enemies":"The Guardian","floor":16,"turns":9},{"damage":8,"enemies":"Spheric Guardian","floor":18,"turns":5},{"damage":24,"enemies":"Shell Parasite","floor":22,"turns":5},{"damage":34,"enemies":"Shelled Parasite and Fungi","floor":24,"turns":7},{"damage":24,"enemies":"Gremlin Leader","floor":25,"turns":3}],"seed_played":"-8935364519993410443","potions_obtained":[{"floor":0,"key":"SkillPotion"},{"floor":1,"key":"SneckoOil"},{"floor":6,"key":"Poison Potion"},{"floor":11,"key":"Block Potion"},{"floor":14,"key":"CultistPotion"},{"floor":16,"key":"BlessingOfTheForge"},{"floor":24,"key":"Strength Potion"}],"is_trial":false,"path_per_floor":["M","M","$","M","M","E","R","M","T","R","M","M","R","E","R","B",null,"M","$","?","?","M","R","M","E"],"character_chosen":"THE_SILENT","items_purchased":["Accuracy","Fruit Juice","Deflect","TheAbacus"],"campfire_rested":1,"item_purchase_floors":[3,3,19,19],"current_hp_per_floor":[64,64,64,64,54,45,45,45,45,45,44,44,44,32,32,37,66,58,58,58,58,34,56,22,0,0],"gold":97,"neow_bonus":"BOSS_RELIC","is_daily":false,"chose_seed":false,"campfire_upgraded":4,"win_rate":0.0,"timestamp":1610873233,"path_taken":["M","M","$","?","M","E","R","M","T","R","M","M","R","E","R","BOSS","M","$","?","?","M","R","M","E"],"items_purchased_type":["Card","Potion","Card","Relic"],"build_version":"2020-12-22","purchased_purges":1,"victory":false,"max_hp_per_floor":[71,71,71,71,71,71,71,71,71,71,71,71,71,71,71,76,76,76,76,76,76,76,76,76,76,76],"relic_stats":{"Peace Pipe":0,"TheAbacus":[12],"counters":[14,63],"Art of War":[8],"obtain_stats":[{"Peace Pipe":9,"Girya":14,"Runic Dome":17,"Tiny House":0,"TheAbacus":19,"Art of War":6,"Unceasing Top":20,"Ring of the Snake":0},{"Peace Pipe":6,"Girya":9,"Runic Dome":10,"Tiny House":0,"TheAbacus":11,"Art of War":5,"Unceasing Top":11,"Ring of the Snake":0},{"Peace Pipe":24,"Girya":34,"Runic Dome":43,"Tiny House":0,"TheAbacus":48,"Art of War":21,"Unceasing Top":48,"Ring of the Snake":0}],"Unceasing Top":[3]},"card_choices":[{"not_picked":["Heel Hook","Backflip"],"picked":"Blade Dance","floor":0},{"not_picked":["Finisher","Endless Agony"],"picked":"Blade Dance","floor":1},{"not_picked":["Outmaneuver","PiercingWail"],"picked":"Bouncing Flask","floor":2},{"not_picked":["Dagger Throw","Endless Agony"],"picked":"Malaise","floor":4},{"not_picked":["Slice","Bane","Sucker Punch"],"picked":"SKIP","floor":5},{"not_picked":["Prepared","Deadly Poison"],"picked":"Accuracy","floor":6},{"not_picked":["Caltrops","Prepared"],"picked":"Dodge and Roll","floor":8},{"not_picked":["Flying Knee","Slice"],"picked":"Cloak And Dagger","floor":11},{"not_picked":["Slice","Dodge and Roll","Underhanded Strike"],"picked":"SKIP","floor":12},{"not_picked":["Backstab","Bouncing Flask"],"picked":"Phantasmal Killer","floor":14},{"not_picked":["Unload","Bullet Time"],"picked":"Die Die Die","floor":16},{"not_picked":["Predator","Quick Slash","Dodge and Roll"],"picked":"SKIP","floor":18},{"not_picked":["All Out Attack+1","Deflect","Eviscerate+1"],"picked":"SKIP","floor":22},{"not_picked":["Flying Knee","Sucker Punch","All Out Attack"],"picked":"SKIP","floor":24}],"player_experience":1084209,"relics_obtained":[{"floor":6,"key":"Art of War"},{"floor":9,"key":"Peace Pipe"},{"floor":14,"key":"Girya"}],"event_choices":[{"damage_healed":0,"gold_gain":0,"player_choice":"Stole Relic","damage_taken":0,"relics_obtained":["Unceasing Top"],"max_hp_gain":0,"max_hp_loss":0,"event_name":"Addict","floor":20,"gold_loss":0,"cards_obtained":["Shame"]},{"damage_healed":0,"gold_gain":50,"player_choice":"Stole From Cult","damage_taken":0,"max_hp_gain":0,"max_hp_loss":0,"event_name":"Nest","floor":21,"gold_loss":0}],"is_beta":false,"boss_relics":[{"not_picked":["WristBlade","SlaversCollar"],"picked":"Runic Dome"}],"items_purged_floors":[19],"is_endless":false,"potions_floor_spawned":[1,6,11,14,16,24],"killed_by":"Gremlin Leader","ascension_level":15}}