{"host":"Ian","time":1610877927,"event":{"mods":["BaseMod","Bestiary","Block Reminder","Colored Map","Highlight Path","Key Reminder","Minty Spire (QoL Compilation)","Relic Stats"],"gold_per_floor":[116,131,48,64,77,106,106,133,133,168,168,168,168],"floor_reached":12,"language":"ENG","playtime":499,"items_purged":[],"score":246,"play_id":"6533cc8a-8e83-43ca-9d4e-768ec150c001","local_time":"20210117100527","is_ascension_mode":true,"campfire_choices":[{"floor":7,"key":"REST"}],"circlet_count":0,"master_deck":["AscendersBane","Strike_R","Strike_R","Strike_R","Strike_R","Strike_R","Defend_R","Defend_R","Defend_R","Defend_R","Bash","Pommel Strike","Fiend Fire","Second Wind","Pummel","Perfected Strike","Clothesline","Juggernaut"],"relics":["Philosopher\u0027s Stone","Letter Opener","Art of War","PreservedInsect","Singing Bowl"],"acts_visited":["Exordium"],"potions_floor_usage":[6,6,10],"damage_taken":[{"damage":3,"enemies":"2 Louse","floor":1,"turns":3},{"damage":0,"enemies":"Cultist","floor":2,"turns":3},{"damage":8,"enemies":"Small Slimes","floor":4,"turns":3},{"damage":14,"enemies":"Looter","floor":5,"turns":4},{"damage":11,"enemies":"Lagavulin","floor":6,"turns":5},{"damage":41,"enemies":"3 Sentries","floor":8,"turns":10},{"damage":0,"enemies":"Gremlin Nob","floor":10,"turns":2},{"damage":22,"enemies":"3 Sentries","floor":12,"turns":2}],"seed_played":"-2488720546236971104","potions_obtained":[{"floor":2,"key":"SteroidPotion"},{"floor":4,"key":"FearPotion"},{"floor":8,"key":"Strength Potion"}],"is_trial":false,"path_per_floor":["M","M","$","M","M","E","R","E","T","E","?","E"],"character_chosen":"IRONCLAD","items_purchased":["Fiend Fire"],"campfire_rested":1,"item_purchase_floors":[3],"current_hp_per_floor":[65,65,65,57,43,32,54,13,13,13,13,0,0],"gold":168,"neow_bonus":"BOSS_RELIC","is_daily":false,"chose_seed":false,"campfire_upgraded":0,"win_rate":0.0,"timestamp":1610877927,"path_taken":["M","M","$","M","M","E","R","E","T","E","?","E"],"items_purchased_type":["Card"],"build_version":"2020-12-18","purchased_purges":0,"victory":false,"max_hp_per_floor":[75,75,75,75,75,75,75,75,75,75,75,75,75],"relic_stats":{"Singing Bowl":0,"counters":[8,32],"PreservedInsect":55,"Art of War":[0],"Letter Opener":[0],"obtain_stats":[{"Singing Bowl":10,"Philosopher\u0027s Stone":0,"PreservedInsect":9,"Art of War":8,"Letter Opener":6,"Burning Blood":0},{"Singing Bowl":7,"Philosopher\u0027s Stone":0,"PreservedInsect":6,"Art of War":6,"Letter Opener":5,"Burning Blood":0},{"Singing Bowl":30,"Philosopher\u0027s Stone":0,"PreservedInsect":28,"Art of War":28,"Letter Opener":18,"Burning Blood":0}]},"card_choices":[{"not_picked":["Armaments","Wild Strike"],"picked":"Pommel Strike","floor":1},{"not_picked":["Dropkick","Rupture","Intimidate"],"picked":"SKIP","floor":2},{"not_picked":["Iron Wave","Anger"],"picked":"Second Wind","floor":4},{"not_picked":["Second Wind","Cleave"],"picked":"Pummel","floor":5},{"not_picked":["Corruption","Whirlwind"],"picked":"Perfected Strike","floor":6},{"not_picked":["Second Wind","Wild Strike"],"picked":"Clothesline","floor":8},{"not_picked":["True Grit","Clothesline"],"picked":"Juggernaut","floor":10}],"player_experience":2698500,"relics_obtained":[{"floor":6,"key":"Letter Opener"},{"floor":8,"key":"Art of War"},{"floor":9,"key":"PreservedInsect"},{"floor":10,"key":"Singing Bowl"}],"event_choices":[{"damage_healed":0,"gold_gain":0,"player_choice":"Ignored","damage_taken":0,"max_hp_gain":0,"max_hp_loss":0,"event_name":"Liars Game","floor":11,"gold_loss":0}],"is_beta":true,"boss_relics":[],"items_purged_floors":[],"is_endless":false,"potions_floor_spawned":[2,4,8],"killed_by":"3 Sentries","ascension_level":20}}