{"host":"kvxcn6q9iznza62e","time":1610907982,"event":{"mods":["100% Spire Juice","2.2 Compatiblity","Act Like it!","Aspiration","BaseMod","Beaked The Cultist","Better Altar","Better Match","Better Note","Better Sensory Stone","Better Skull","Better Third Choice","BetterRewards","Block Reminder","Colored Map","Colored Powertips","Defective Defect","Dota2Spire","Energized Spire","Fox Events","Friendly Minions","GifTheSpireLib","Gold Saver","Gremlin Mod","GungeonMod","Hallownest","Hubris","Lobotomy","LobotomyExtend","Mimic Mod","Minty Spire (QoL Compilation)","Poor People Problems","Quick Restart","Rare Cards Sparkle","Relic Stats","Reorder Act Four","Replay The Spire","Reworked Bosses","Robot Space Explorer","Shade Mod","Spicy Shops","StSLib","Stuff the Spire","The Animator","The Blue Laboratory","The Bug Knight","The Cursed","The Factory","The Jungle","The Necromancer","The Sage","TheHeartMod","Uncapped","Unceasing Turn Reminder","Useless Jewels Mod","Wandering Minibosses","[GremlinLeader]The Maniac","[IsaacMod]????","egg","vexMod","??????REMEMod"],"gold_per_floor":[118,98295,98314,96599,96874,96907,96907,96907,96907,96907,96924,96936,96486,96486,96486,96582,96582,96602,96577,96577,48289,48289,48323,48342,48342,48378,48409,48422,48435,48535,48535,48535,48660,48660,48709,48728,48728,48728,48728,48769,48794,48819,48819,48819,48819,48834,48870,48893,48893,48899],"floor_reached":51,"language":"ENG","playtime":4161,"items_purged":["Regret","Injury","beaked:Defend_Y","Decay"],"score":1215,"play_id":"aa6d2912-4f8f-4d6a-b118-1665344b984b","local_time":"20210117182622","is_ascension_mode":true,"campfire_choices":[{"data":"beaked:Insight","floor":7,"key":"SMITH"},{"data":"beaked:Windmill","floor":10,"key":"SMITH"},{"floor":15,"key":"RECALL"},{"data":"beaked:WarriorEssence","floor":32,"key":"SMITH"},{"data":"beaked:Insight","floor":32,"key":"SMITH"},{"data":"Dramatic Entrance","floor":49,"key":"SMITH"},{"data":"beaked:Tweet","floor":49,"key":"SMITH"}],"circlet_count":0,"master_deck":["beaked:Strike_Y+1","beaked:Strike_Y+1","beaked:Strike_Y+1","beaked:Strike_Y","beaked:Strike_Y","beaked:Strike_Y","beaked:Defend_Y","beaked:Defend_Y","beaked:Defend_Y","beaked:Ceremony","beaked:Ceremony","beaked:Ceremony","RobotSpaceExplorer:ExhaustFan","Murderer","beaked:Foresight","beaked:Poke","beaked:Overexert","beaked:Insight+1","QueenBee","beaked:Windmill+1","beaked:Tweet+1","beaked:WarriorEssence+1","StuffTheSpire:Innocence","UniverseFragment","beaked:Windmill+1","Mercenary","beaked:MimicWarrior","QueenOfHatred","beaked:Redirect","beaked:Windmill","REME_BattleFury+1","StuffTheSpire:Perfection","Jack Of All Trades","Laetitia","beaked:LiftOff","SingingMachine","beaked:Insight+1","StuffTheSpire:BrainWave","Dramatic Entrance+1","BodiesMountain","ReplayTheSpireMod:Prepare the Ceremony","MeatLantern","beaked:BloodRitual","beaked:WarriorEssence","beaked:CrazyRituals","RedShoes","beaked:FeelMyPain","BigBird","beaked:MimicHuntress","NakedNest","beaked:Tweet+1","DespairKnight","beaked:MachineSpirit","WallGazer","beaked:WarriorSpirit","beaked:Insight","beaked:Windmill","Porccubus","beaked:AwakenedForm","Poisoned Strike","beaked:KnowThyFoe","CrumblingArmor","beaked:TuckingFeathers","BigBadWolf","beaked:AwakenedForm","beaked:WarriorEssence+1","beaked:Insight+1","beaked:FeelMyPain+1","FieryBird","beaked:KnowThyFoe+1","Woodsman","beaked:FeelMyPain+1","HeroicMonk","StuffTheSpire:Innocence+1","Alriune","beaked:RitualOfBody+1","NothingThere","beaked:Brainwash+1","Rudolta","beaked:Poke"],"relics":["beaked:MendingPlumage","HushsDoor","REME_ComplimentaryCards","Chaos","CogitoBucket","LetterFromLob","Dota2Spire:Bloodstone","Dota2Spire:Butterfly","DemoMod:PoisonVial","StuffTheSpire:Saxophone","StuffTheSpire:Saxophone","StuffTheSpire:Saxophone","GnawedLeaf","Replay:Wanted Poster","vexMod:ScavengeHelm","SteamSale","SteamSale","SteamSale","sagemod:Falmels_Amulet","DemoMod:GnawedKey","Incubus","BackwardClock","Dota2Spire:LotusOrb","Gremlin Horn","aspiration:RunicSpoon","Calipers","Strawberry","aspiration:Lifesprig","DemoMod:JetPack","aspiration:PoetsPen_weak","vexMod:PlasmaPancake","StuffTheSpire:PointBlank","Dota2Spire:DrumOfEndurance","MagicMushroom","ReplayTheSpireMod:Lightbulb","StuffTheSpire:Nightcore","SkinProphecy","hubris:EmptyBottle","StuffTheSpire:Expresso","Replay:Bandana","DemoMod:GundromedaStrain","Replay:Arrowhead","energizedSpire:SpiderWeb","hubris:64BitClover","GuppysHairball","AtMidnight","HellTrain","vexMod:CursedCompass","Golden Egg","ClockworkSouvenir","ClockworkSouvenir","Orrery","Orrery","vexMod:BarristanHead","Dota2Spire:Vanguard","Dota2Spire:RefresherOrb","SlaversCollar","energizedSpire:OgreHead","Smiling Mask","MoneyPower","Whetstone","aspiration:FetidBarrel","beaked:RitualPlumage","DemoMod:GlassGuonStoneRelic"],"acts_visited":["Exordium","TheCity","TheBeyond"],"potions_floor_usage":[11],"damage_taken":[{"damage":15,"enemies":"Cultist","floor":1,"turns":4},{"damage":10,"enemies":"Small Slimes","floor":3,"turns":4},{"damage":52,"enemies":"3 Sentries","floor":6,"turns":10},{"damage":15,"enemies":"2 Louse","floor":11,"turns":2},{"damage":6,"enemies":"Gremlin Gang","floor":12,"turns":3},{"damage":23,"enemies":"Hexaghost","floor":16,"turns":6},{"damage":3,"enemies":"Spheric Guardian","floor":18,"turns":2},{"damage":21,"enemies":"Gremlin Leader","floor":23,"turns":3},{"damage":24,"enemies":"Chosen","floor":24,"turns":2},{"damage":18,"enemies":"Snake Plant","floor":26,"turns":3},{"damage":7,"enemies":"Book of Stabbing","floor":27,"turns":2},{"damage":3,"enemies":"Snake Plant","floor":28,"turns":3},{"damage":16,"enemies":"Centurion and Healer","floor":29,"turns":2},{"damage":0,"enemies":"Colosseum Slavers","floor":30,"turns":2},{"damage":22,"enemies":"Colosseum Nobs","floor":30,"turns":2},{"damage":39,"enemies":"bossMod:newCollector","floor":33,"turns":3},{"damage":49,"enemies":"3 Shapes","floor":35,"turns":2},{"damage":25,"enemies":"Orb Walker","floor":36,"turns":3},{"damage":114,"enemies":"Reptomancer","floor":40,"turns":2},{"damage":306,"enemies":"Spire Growth","floor":41,"turns":2},{"damage":38,"enemies":"Sphere and 2 Shapes","floor":42,"turns":1},{"damage":0,"enemies":"Writhing Mass","floor":46,"turns":1},{"damage":0,"enemies":"HollowMod:StalkingDevout","floor":47,"turns":1},{"damage":0,"enemies":"4 Shapes","floor":48,"turns":1},{"damage":0,"enemies":"Replay:Hell Engine","floor":50,"turns":1}],"seed_played":"-2149841849613550685","potions_obtained":[{"floor":3,"key":"GamblersBrew"},{"floor":11,"key":"REME_GoldPotion"},{"floor":29,"key":"Dota2Spire:HealingSalve"}],"is_trial":false,"path_per_floor":["M","$","M","$","?","E","R","?","T","R","M","M","$","?","R","B",null,"M","?","T","?","$","E","M","$","MIM","E","M","M","?","$","R","B",null,"M","M","$","?","$","E","M","M","T","?","$","M","E","M","R","B",null],"character_chosen":"BEAKED_THE_CULTIST","items_purchased":["beaked:Poke","beaked:Overexert","beaked:Insight","Dota2Spire:Bloodstone","Dota2Spire:Butterfly","DemoMod:PoisonVial","DistilledChaos","StuffTheSpire:Saxophone","StuffTheSpire:Saxophone","StuffTheSpire:Saxophone","GnawedLeaf","Replay:Wanted Poster","beaked:Tweet","beaked:WarriorEssence","beaked:Windmill","REME_BattleFury","SteamSale","SteamSale","SteamSale","sagemod:Falmels_Amulet","DemoMod:GnawedKey","LiquidMemories","Gremlin Horn","aspiration:RunicSpoon","Calipers","Strawberry","aspiration:Lifesprig","Dramatic Entrance","aspiration:PoetsPen_weak","vexMod:PlasmaPancake","StuffTheSpire:PointBlank","Dota2Spire:DrumOfEndurance","MagicMushroom","beaked:WarriorEssence","beaked:CrazyRituals","StuffTheSpire:Expresso","Replay:Bandana","DemoMod:GundromedaStrain","Replay:Arrowhead","energizedSpire:SpiderWeb","beaked:Insight","beaked:Windmill","GuppysHairball","Poisoned Strike","beaked:KnowThyFoe","vexMod:CursedCompass","Golden Egg","beaked:WarriorEssence","beaked:Insight","ClockworkSouvenir","ClockworkSouvenir","Orrery","Orrery","vexMod:BarristanHead","Dota2Spire:Vanguard","Dota2Spire:RefresherOrb","SlaversCollar","MoneyPower","Whetstone","aspiration:FetidBarrel"],"campfire_rested":0,"item_purchase_floors":[2,2,2,2,2,2,2,4,4,4,4,4,4,4,13,13,13,13,13,13,13,13,22,22,22,22,22,22,25,25,25,25,25,25,25,31,31,31,31,31,31,31,34,34,34,37,37,37,37,37,37,37,37,39,39,39,39,45,45,45],"current_hp_per_floor":[50,50,50,50,50,100,100,100,100,100,100,100,100,100,100,100,100,100,100,100,100,100,100,100,100,100,100,100,100,100,100,100,100,100,100,100,100,100,100,100,100,100,100,100,100,73,75,77,77,81],"gold":48899,"neow_bonus":"","is_daily":false,"chose_seed":false,"campfire_upgraded":6,"win_rate":0.0,"timestamp":1610907982,"path_taken":["M","?","M","$","?","E","R","?","T","R","M","M","$","?","R","BOSS","M","?","?","?","$","E","?","$","MIM","E","M","M","?","$","R","BOSS","M","M","$","?","$","E","M","M","T","?","$","M","E","M","R","BOSS"],"items_purchased_type":["Card","Card","Card","Relic","Relic","Relic","Potion","Relic","Relic","Relic","Relic","Relic","Card","Card","Card","Card","Relic","Relic","Relic","Relic","Relic","Potion","Relic","Relic","Relic","Relic","Relic","Card","Relic","Relic","Relic","Relic","Relic","Card","Card","Relic","Relic","Relic","Relic","Relic","Card","Card","Relic","Card","Card","Relic","Relic","Card","Card","Relic","Relic","Relic","Relic","Relic","Relic","Relic","Relic","Relic","Relic","Relic"],"build_version":"2020-12-22","purchased_purges":4,"victory":true,"max_hp_per_floor":[50,50,50,50,50,50,50,50,50,50,50,50,50,50,50,50,50,50,50,50,50,57,57,57,70,70,70,70,72,76,76,76,78,59,63,65,65,65,65,67,69,71,71,71,71,73,75,77,77,81],"relic_stats":{"Gremlin Horn":[15,17],"counters":[29,70],"aspiration:RunicSpoon":[70],"Whetstone":["beaked:Strike_Y","beaked:Strike_Y"],"Smiling Mask":100,"obtain_stats":[{"Chaos":0,"Golden Egg":37,"Calipers":22,"DemoMod:PoisonVial":2,"Gremlin Horn":22,"sagemod:Falmels_Amulet":13,"DemoMod:GlassGuonStoneRelic":3,"aspiration:PoetsPen_weak":25,"Dota2Spire:RefresherOrb":39,"Whetstone":45,"SkinProphecy":28,"Replay:Wanted Poster":4,"Strawberry":22,"KeepersGift":0,"BackwardClock":18,"vexMod:ScavengeHelm":6,"Dota2Spire:Bloodstone":2,"energizedSpire:OgreHead":40,"MoneyPower":45,"Incubus":17,"SteamSale":13,"SlaversCollar":39,"DemoMod:GundromedaStrain":31,"StuffTheSpire:PointBlank":25,"HushsDoor":0,"vexMod:PlasmaPancake":25,"aspiration:Lifesprig":22,"GnawedLeaf":4,"Dota2Spire:DrumOfEndurance":25,"Dota2Spire:Vanguard":39,"hubris:EmptyBottle":30,"Smiling Mask":43,"Dota2Spire:LotusOrb":20,"ClockworkSouvenir":37,"CogitoBucket":0,"Replay:Bandana":31,"DemoMod:GnawedKey":13,"StuffTheSpire:Nightcore":27,"DemoMod:JetPack":23,"hubris:64BitClover":34,"aspiration:FetidBarrel":45,"aspiration:RunicSpoon":22,"StuffTheSpire:Saxophone":4,"StuffTheSpire:Expresso":31,"energizedSpire:SpiderWeb":31,"Replay:Arrowhead":31,"beaked:RitualPlumage":47,"Dota2Spire:Butterfly":2,"vexMod:BarristanHead":39,"MagicMushroom":25,"AtMidnight":35,"Orrery":37,"LetterFromLob":1,"vexMod:CursedCompass":37,"GuppysHairball":34,"beaked:MendingPlumage":0,"HellTrain":35,"ReplayTheSpireMod:Lightbulb":26,"REME_ComplimentaryCards":0},{"Chaos":0,"Golden Egg":21,"Calipers":8,"DemoMod:PoisonVial":1,"Gremlin Horn":8,"sagemod:Falmels_Amulet":5,"DemoMod:GlassGuonStoneRelic":2,"aspiration:PoetsPen_weak":10,"Dota2Spire:RefresherOrb":21,"Whetstone":24,"SkinProphecy":14,"Replay:Wanted Poster":2,"Strawberry":8,"KeepersGift":0,"BackwardClock":8,"vexMod:ScavengeHelm":3,"Dota2Spire:Bloodstone":1,"energizedSpire:OgreHead":22,"MoneyPower":24,"Incubus":6,"SteamSale":5,"SlaversCollar":21,"DemoMod:GundromedaStrain":17,"StuffTheSpire:PointBlank":10,"HushsDoor":0,"vexMod:PlasmaPancake":10,"aspiration:Lifesprig":8,"GnawedLeaf":2,"Dota2Spire:DrumOfEndurance":10,"Dota2Spire:Vanguard":21,"hubris:EmptyBottle":17,"Smiling Mask":24,"Dota2Spire:LotusOrb":8,"ClockworkSouvenir":21,"CogitoBucket":0,"Replay:Bandana":17,"DemoMod:GnawedKey":5,"StuffTheSpire:Nightcore":12,"DemoMod:JetPack":9,"hubris:64BitClover":18,"aspiration:FetidBarrel":24,"aspiration:RunicSpoon":8,"StuffTheSpire:Saxophone":2,"StuffTheSpire:Expresso":17,"energizedSpire:SpiderWeb":17,"Replay:Arrowhead":17,"beaked:RitualPlumage":26,"Dota2Spire:Butterfly":1,"vexMod:BarristanHead":21,"MagicMushroom":10,"AtMidnight":20,"Orrery":21,"LetterFromLob":1,"vexMod:CursedCompass":21,"GuppysHairball":18,"beaked:MendingPlumage":0,"HellTrain":20,"ReplayTheSpireMod:Lightbulb":11,"REME_ComplimentaryCards":0},{"Chaos":0,"Golden Egg":60,"Calipers":32,"DemoMod:PoisonVial":4,"Gremlin Horn":32,"sagemod:Falmels_Amulet":23,"DemoMod:GlassGuonStoneRelic":8,"aspiration:PoetsPen_weak":37,"Dota2Spire:RefresherOrb":60,"Whetstone":65,"SkinProphecy":46,"Replay:Wanted Poster":8,"Strawberry":32,"KeepersGift":0,"BackwardClock":32,"vexMod:ScavengeHelm":18,"Dota2Spire:Bloodstone":4,"energizedSpire:OgreHead":62,"MoneyPower":65,"Incubus":29,"SteamSale":23,"SlaversCollar":60,"DemoMod:GundromedaStrain":51,"StuffTheSpire:PointBlank":37,"HushsDoor":0,"vexMod:PlasmaPancake":37,"aspiration:Lifesprig":32,"GnawedLeaf":8,"Dota2Spire:DrumOfEndurance":37,"Dota2Spire:Vanguard":60,"hubris:EmptyBottle":51,"Smiling Mask":65,"Dota2Spire:LotusOrb":32,"ClockworkSouvenir":60,"CogitoBucket":0,"Replay:Bandana":51,"DemoMod:GnawedKey":23,"StuffTheSpire:Nightcore":42,"DemoMod:JetPack":35,"hubris:64BitClover":54,"aspiration:FetidBarrel":65,"aspiration:RunicSpoon":32,"StuffTheSpire:Saxophone":8,"StuffTheSpire:Expresso":51,"energizedSpire:SpiderWeb":51,"Replay:Arrowhead":51,"beaked:RitualPlumage":67,"Dota2Spire:Butterfly":4,"vexMod:BarristanHead":60,"MagicMushroom":37,"AtMidnight":57,"Orrery":60,"LetterFromLob":4,"vexMod:CursedCompass":60,"GuppysHairball":54,"beaked:MendingPlumage":0,"HellTrain":57,"ReplayTheSpireMod:Lightbulb":40,"REME_ComplimentaryCards":0}]},"card_choices":[{"not_picked":["CrumblingArmor","BeautyBeast"],"picked":"Murderer","floor":1},{"not_picked":["beaked:SacrificialScars","beaked:Recite"],"picked":"beaked:Foresight","floor":1},{"not_picked":["Scorched","SpiderBud"],"picked":"QueenBee","floor":3},{"not_picked":["beaked:HuntressSpirit","beaked:Tradeoff"],"picked":"beaked:Windmill","floor":3},{"not_picked":["Bloodbath","LongBird"],"picked":"UniverseFragment","floor":6},{"not_picked":["beaked:BounceBack","beaked:StunningBlow"],"picked":"beaked:Windmill","floor":6},{"not_picked":["MHz","Scorched"],"picked":"Mercenary","floor":11},{"not_picked":["beaked:Replenish","beaked:SacrificialDive"],"picked":"beaked:MimicWarrior","floor":11},{"not_picked":["MeatLantern","PunishingBird"],"picked":"QueenOfHatred","floor":12},{"not_picked":["beaked:Tradeoff","beaked:SurvivalInstinct"],"picked":"beaked:Redirect","floor":12},{"not_picked":["Madness","StuffTheSpire:FreeRealEstate"],"picked":"Jack Of All Trades","floor":14},{"not_picked":["WallGazer","CherryBlossoms"],"picked":"Laetitia","floor":16},{"not_picked":["beaked:SacrificialScars","ReplayTheSpireMod:Owlgaze"],"picked":"beaked:LiftOff","floor":16},{"not_picked":["Woodsman","MeltingLove"],"picked":"SingingMachine","floor":18},{"not_picked":["beaked:Devastation","beaked:Poke"],"picked":"beaked:Insight","floor":18},{"not_picked":["MeltingLove","BeautyBeast"],"picked":"BodiesMountain","floor":23},{"not_picked":["beaked:SacrificialAttack+1","beaked:Poke+1"],"picked":"ReplayTheSpireMod:Prepare the Ceremony","floor":23},{"not_picked":["OSAHOGD","OldLady"],"picked":"MeatLantern","floor":24},{"not_picked":["beaked:MachineSpirit","beaked:Resilience"],"picked":"beaked:BloodRitual","floor":24},{"not_picked":["BigBadWolf","Bloodbath"],"picked":"RedShoes","floor":26},{"not_picked":["beaked:Tweet","beaked:Foresight"],"picked":"beaked:FeelMyPain","floor":26},{"not_picked":["HeroicMonk","WallGazer"],"picked":"BigBird","floor":27},{"not_picked":["beaked:Devastation","beaked:Poke"],"picked":"beaked:MimicHuntress","floor":27},{"not_picked":["SilentOrchestra","BlackSwan"],"picked":"NakedNest","floor":28},{"not_picked":["beaked:Redirect","beaked:DigDeep"],"picked":"beaked:Tweet+1","floor":28},{"not_picked":["GalaxyChild","WhitesApple"],"picked":"DespairKnight","floor":29},{"not_picked":["beaked:Resilience","beaked:MaddeningMurmurs+1"],"picked":"beaked:MachineSpirit","floor":29},{"not_picked":["Variant","HeroicMonk"],"picked":"WallGazer","floor":30},{"not_picked":["beaked:Tweet+1","beaked:Recite"],"picked":"beaked:WarriorSpirit","floor":30},{"not_picked":["DreamingCurrent","WhitesApple"],"picked":"Porccubus","floor":33},{"not_picked":["beaked:WildInstinct","beaked:LiftOff"],"picked":"beaked:AwakenedForm","floor":33},{"not_picked":["OldLady","Wellcheers"],"picked":"CrumblingArmor","floor":35},{"not_picked":["beaked:SurvivalInstinct","beaked:DigDeep+1"],"picked":"beaked:TuckingFeathers","floor":35},{"not_picked":["HeroicMonk","BeautyBeast"],"picked":"BigBadWolf","floor":36},{"not_picked":["beaked:Tradeoff","beaked:SurvivalInstinct"],"picked":"beaked:AwakenedForm","floor":36},{"not_picked":["beaked:Daydream+1","beaked:SacrificialScars"],"picked":"beaked:FeelMyPain","floor":37},{"not_picked":["LaLuna","Yin"],"picked":"FieryBird","floor":40},{"not_picked":["beaked:Evade","beaked:MachineSpirit+1"],"picked":"beaked:KnowThyFoe","floor":40},{"not_picked":["Freischutz","GalaxyChild"],"picked":"Woodsman","floor":41},{"not_picked":["beaked:WindBringer","ReplayTheSpireMod:Wings of Steel+1"],"picked":"beaked:FeelMyPain+1","floor":41},{"not_picked":["HappyTeddy","MHz"],"picked":"HeroicMonk","floor":42},{"not_picked":["beaked:Mantra+1","beaked:Tradeoff+1","beaked:DigDeeper+1"],"picked":"SKIP","floor":42},{"not_picked":["NothingThere","BlackSwan"],"picked":"Alriune","floor":46},{"not_picked":["beaked:Tradeoff+1","beaked:Hexing+1"],"picked":"beaked:RitualOfBody+1","floor":46},{"not_picked":["BlackArmy","LaLuna"],"picked":"NothingThere","floor":47},{"not_picked":["beaked:SurvivalInstinct+1","beaked:Redirect+1"],"picked":"beaked:Brainwash","floor":47},{"not_picked":["SilentOrchestra","Variant"],"picked":"Rudolta","floor":48},{"not_picked":["beaked:Brace","beaked:DarkTribute"],"picked":"beaked:Poke","floor":48}],"player_experience":113246,"relics_obtained":[{"floor":1,"key":"LetterFromLob"},{"floor":6,"key":"vexMod:ScavengeHelm"},{"floor":20,"key":"Dota2Spire:LotusOrb"},{"floor":23,"key":"DemoMod:JetPack"},{"floor":26,"key":"ReplayTheSpireMod:Lightbulb"},{"floor":27,"key":"StuffTheSpire:Nightcore"},{"floor":30,"key":"hubris:EmptyBottle"},{"floor":35,"key":"AtMidnight"},{"floor":40,"key":"energizedSpire:OgreHead"},{"floor":43,"key":"Smiling Mask"},{"floor":47,"key":"beaked:RitualPlumage"}],"event_choices":[{"damage_healed":0,"gold_gain":275,"player_choice":"Desecrate","damage_taken":0,"max_hp_gain":0,"max_hp_loss":0,"event_name":"Golden Shrine","floor":5,"gold_loss":0,"cards_obtained":["Regret"]},{"damage_healed":0,"gold_gain":0,"player_choice":"Ignored","damage_taken":96907,"max_hp_gain":0,"max_hp_loss":0,"event_name":"betterThird:BetterSerpent","floor":8,"gold_loss":0},{"damage_healed":0,"gold_gain":1,"player_choice":"1","damage_taken":0,"max_hp_gain":0,"max_hp_loss":0,"event_name":"betterStone:BetterStone","floor":14,"gold_loss":0},{"damage_healed":0,"gold_gain":0,"player_choice":"Fight","damage_taken":0,"max_hp_gain":0,"max_hp_loss":0,"event_name":"Colosseum","floor":30,"gold_loss":0},{"damage_healed":0,"gold_gain":0,"player_choice":"Fought Nobs","damage_taken":0,"max_hp_gain":0,"max_hp_loss":0,"event_name":"Colosseum","floor":30,"gold_loss":0}],"is_beta":false,"boss_relics":[{"not_picked":["DemoMod:Metronome","YumHeart"],"picked":"Incubus"},{"not_picked":[]},{"not_picked":["DemoMod:BlueGuonStone","StuffTheSpire:RubySignet"],"picked":"hubris:64BitClover"},{"not_picked":[]}],"items_purged_floors":[13,13,25,45],"is_endless":false,"potions_floor_spawned":[3,11,23,24,29,33,40,41,46,48],"ascension_level":1}}