{"host":"jscggscbx0p7706o","time":1610868546,"event":{"mods":["AchievementEnabler","BaseMod","Block Reminder","Colored Powertips","Minty Spire (QoL Compilation)","Permanent Neow","Quick Restart","StSLib"],"gold_per_floor":[359,359,11,28,28,28,48,48,100,115,115,133,166,179,179,277,277,300,313,238,11,26,26,61,61,61,61,104,104,55,90,90,183,183,208,208,232,36,54,54,70,70,125,165,165,83,83,103,103,103],"floor_reached":51,"language":"ENG","playtime":2223,"items_purged":["Strike_G"],"score":1254,"play_id":"107a2768-ec61-4542-9868-82fd405a86dc","local_time":"20210117152906","is_ascension_mode":true,"campfire_choices":[{"data":"Skewer","floor":6.0,"key":"SMITH"},{"data":"Noxious Fumes","floor":8.0,"key":"SMITH"},{"data":"Predator","floor":11.0,"key":"SMITH"},{"data":"Noxious Fumes","floor":15.0,"key":"SMITH"},{"data":"Leg Sweep","floor":23.0,"key":"SMITH"},{"floor":25.0,"key":"REST"},{"data":"Catalyst","floor":29.0,"key":"SMITH"},{"data":"Neutralize","floor":32.0,"key":"SMITH"},{"floor":40.0,"key":"REST"},{"floor":45.0,"key":"REST"},{"floor":49.0,"key":"REST"}],"circlet_count":0,"master_deck":["AscendersBane","Strike_G","Strike_G","Defend_G","Defend_G","Defend_G","Defend_G","Defend_G","Survivor","Neutralize+1","Blur","Skewer+1","Noxious Fumes+1","Dagger Throw","Predator+1","Noxious Fumes+1","Leg Sweep+1","PiercingWail","Die Die Die","Deadly Poison","Backflip","Catalyst+1","Backflip","Burst","Backflip+1","Wraith Form v2","Neutralize","Deadly Poison","Footwork","Deflect","Well Laid Plans","Footwork"],"relics":["Ring of the Snake","Thread and Needle","Golden Idol","Blood Vial","Bronze Scales","Velvet Choker","PreservedInsect","Orichalcum","Sundial","Darkstone Periapt","Pocketwatch","Art of War","Fusion Hammer","Snake Skull","Juzu Bracelet","Tingsha"],"acts_visited":["Exordium","TheCity","TheBeyond"],"potions_floor_usage":[50,50],"damage_taken":[{"damage":0.0,"enemies":"Small Slimes","floor":1.0,"turns":6.0},{"damage":0.0,"enemies":"2 Louse","floor":4.0,"turns":3.0},{"damage":0.0,"enemies":"Jaw Worm","floor":7.0,"turns":5.0},{"damage":0.0,"enemies":"Large Slime","floor":10.0,"turns":5.0},{"damage":0.0,"enemies":"Exordium Thugs","floor":12.0,"turns":4.0},{"damage":8.0,"enemies":"Lagavulin","floor":13.0,"turns":6.0},{"damage":0.0,"enemies":"Lots of Slimes","floor":14.0,"turns":2.0},{"damage":22.0,"enemies":"The Guardian","floor":16.0,"turns":9.0},{"damage":0.0,"enemies":"3 Byrds","floor":18.0,"turns":3.0},{"damage":6.0,"enemies":"Spheric Guardian","floor":19.0,"turns":4.0},{"damage":5.0,"enemies":"Centurion and Healer","floor":22.0,"turns":5.0},{"damage":11.0,"enemies":"Slavers","floor":24.0,"turns":5.0},{"damage":2.0,"enemies":"Gremlin Leader","floor":28.0,"turns":4.0},{"damage":6.0,"enemies":"Book of Stabbing","floor":31.0,"turns":4.0},{"damage":28.0,"enemies":"Automaton","floor":33.0,"turns":9.0},{"damage":6.0,"enemies":"3 Darklings","floor":35.0,"turns":5.0},{"damage":0.0,"enemies":"3 Shapes","floor":37.0,"turns":4.0},{"damage":0.0,"enemies":"3 Darklings","floor":39.0,"turns":4.0},{"damage":0.0,"enemies":"4 Shapes","floor":41.0,"turns":5.0},{"damage":11.0,"enemies":"Reptomancer","floor":44.0,"turns":7.0},{"damage":1.0,"enemies":"Writhing Mass","floor":48.0,"turns":5.0},{"damage":46,"enemies":"Awakened One","floor":50,"turns":13}],"seed_played":"-1343847765942990253","potions_obtained":[{"floor":1.0,"key":"Explosive Potion"},{"floor":12.0,"key":"LiquidMemories"},{"floor":14.0,"key":"BlessingOfTheForge"},{"floor":16.0,"key":"Energy Potion"},{"floor":18.0,"key":"Weak Potion"},{"floor":22.0,"key":"FearPotion"},{"floor":24.0,"key":"AttackPotion"},{"floor":28.0,"key":"SpeedPotion"},{"floor":37.0,"key":"Ancient Potion"},{"floor":44.0,"key":"AttackPotion"}],"is_trial":false,"path_per_floor":["M","?","$","M","?","R","M","R","T","M","R","M","E","M","R","B",null,"M","M","?","$","M","R","E","R","T","?","E","R","$","E","R","B",null,"M","?","M","$","M","R","M","$","T","E","R","$","?","M","R","B",null],"character_chosen":"THE_SILENT","items_purchased":["Skewer","Thread and Needle","PreservedInsect","Backflip","Snake Skull","Deadly Poison","Well Laid Plans"],"campfire_rested":4,"item_purchase_floors":[3,3,21,30,38,38,46],"current_hp_per_floor":[59,52,52,52,37,37,37,37,37,39,39,41,35,37,37,17,49,51,47,47,47,44,44,35,53,53,53,53,53,53,49,49,23,51,47,47,49,49,51,60,60,60,60,49,60,60,60,59,60,14],"gold":103,"neow_bonus":"TWO_FIFTY_GOLD","is_daily":false,"chose_seed":false,"campfire_upgraded":7,"win_rate":0.0,"timestamp":1610868546,"path_taken":["M","?","$","M","?","R","M","R","T","M","R","M","E","M","R","BOSS","M","M","?","$","M","R","E","R","T","?","E","R","?","E","R","BOSS","M","?","M","?","M","R","?","$","T","E","R","$","?","M","R","BOSS"],"items_purchased_type":["Card","Relic","Relic","Card","Relic","Card","Card"],"build_version":"2020-12-22","purchased_purges":1,"victory":true,"max_hp_per_floor":[60,60,60,60,60,60,60,60,60,60,60,60,60,60,60,60,60,60,60,60,60,60,60,60,60,60,60,60,60,60,60,60,60,60,60,60,60,60,60,60,60,60,60,60,60,60,60,60,60,60],"card_choices":[{"not_picked":["Flying Knee","Escape Plan"],"picked":"Blur","floor":1.0},{"not_picked":["Blade Dance","Cloak And Dagger"],"picked":"Noxious Fumes","floor":4.0},{"not_picked":["Outmaneuver","Heel Hook"],"picked":"Dagger Throw","floor":7.0},{"not_picked":["Choke","Calculated Gamble"],"picked":"Predator","floor":10.0},{"not_picked":["Prepared","Underhanded Strike"],"picked":"Noxious Fumes","floor":12.0},{"not_picked":["After Image","Quick Slash"],"picked":"Leg Sweep","floor":13.0},{"not_picked":["Bane","Acrobatics"],"picked":"PiercingWail","floor":14.0},{"not_picked":["Envenom","Unload"],"picked":"Die Die Die","floor":16.0},{"not_picked":["Blade Dance+1","Dodge and Roll","Terror"],"picked":"SKIP","floor":18.0},{"not_picked":["Backstab+1","Accuracy"],"picked":"Deadly Poison","floor":19.0},{"not_picked":["Leg Sweep","Phantasmal Killer","Poisoned Stab"],"picked":"SKIP","floor":22.0},{"not_picked":["Deadly Poison+1","Noxious Fumes"],"picked":"Backflip","floor":24.0},{"not_picked":["Accuracy","PiercingWail"],"picked":"Catalyst","floor":28.0},{"not_picked":["Reflex","Skewer","Cloak And Dagger"],"picked":"SKIP","floor":31.0},{"not_picked":["Tools of the Trade","Glass Knife"],"picked":"Burst","floor":33.0},{"not_picked":["Endless Agony","PiercingWail"],"picked":"Backflip+1","floor":35.0},{"not_picked":["Sucker Punch","Acrobatics","Poisoned Stab"],"picked":"SKIP","floor":37.0},{"not_picked":["Blade Dance","Deadly Poison"],"picked":"Footwork","floor":39.0},{"not_picked":["Flechettes","Outmaneuver"],"picked":"Deflect","floor":41.0},{"not_picked":["Sucker Punch","Terror","Dodge and Roll"],"picked":"SKIP","floor":44.0},{"not_picked":["Slice","Outmaneuver"],"picked":"Footwork","floor":48.0}],"player_experience":280429,"relics_obtained":[{"floor":9.0,"key":"Blood Vial"},{"floor":13.0,"key":"Bronze Scales"},{"floor":24.0,"key":"Orichalcum"},{"floor":26.0,"key":"Sundial"},{"floor":28.0,"key":"Pocketwatch"},{"floor":31.0,"key":"Art of War"},{"floor":43.0,"key":"Juzu Bracelet"},{"floor":44.0,"key":"Tingsha"}],"event_choices":[{"cards_removed":["Strike_G"],"damage_healed":0.0,"max_hp_gain":0.0,"max_hp_loss":0.0,"gold_gain":0.0,"event_name":"Golden Wing","player_choice":"Card Removal","floor":2.0,"gold_loss":0.0,"damage_taken":7.0},{"damage_healed":0.0,"max_hp_gain":0.0,"max_hp_loss":0.0,"gold_gain":0.0,"event_name":"Golden Idol","player_choice":"Take Damage","floor":5.0,"gold_loss":0.0,"damage_taken":15.0,"relics_obtained":["Golden Idol"]},{"cards_removed":["Strike_G"],"damage_healed":0.0,"max_hp_gain":0.0,"max_hp_loss":0.0,"gold_gain":0.0,"event_name":"Beggar","player_choice":"Gave Gold","floor":20.0,"gold_loss":75.0,"damage_taken":0.0},{"damage_healed":0.0,"max_hp_gain":0.0,"max_hp_loss":0.0,"gold_gain":0.0,"event_name":"The Mausoleum","player_choice":"Opened","floor":27.0,"gold_loss":0.0,"damage_taken":0.0,"relics_obtained":["Darkstone Periapt"]},{"damage_healed":0.0,"max_hp_gain":0.0,"max_hp_loss":0.0,"gold_gain":0.0,"event_name":"Match and Keep!","player_choice":"2 cards matched","floor":36.0,"gold_loss":0.0,"damage_taken":0.0,"cards_obtained":["Wraith Form v2","Neutralize"]},{"damage_healed":0.0,"max_hp_gain":0.0,"max_hp_loss":0.0,"gold_gain":0.0,"event_name":"SensoryStone","player_choice":"Memory 1","floor":47.0,"gold_loss":0.0,"damage_taken":0.0}],"is_beta":false,"boss_relics":[{"not_picked":["Ring of the Serpent","SacredBark"],"picked":"Velvet Choker"},{"not_picked":["Calling Bell","Empty Cage"],"picked":"Fusion Hammer"}],"items_purged_floors":[21],"is_endless":false,"potions_floor_spawned":[1,12,14,16,18,22,24,28,37,44],"ascension_level":14}}