{"host":"rq107ve574byxhfs","time":1610909065,"event":{"mods":["AchievementEnabler","BaseMod","Colored Map","Minty Spire (QoL Compilation)","StSLib","SuperFastMode","everything is the same but u backflip on backflip"],"gold_per_floor":[111,127,139,139,155,155,172,172,197,226,226,239,119,139,139,218,218,231,231,131,141,141,141,153,171,171,171,206,206,232,107,107,181,181,195,195,195],"floor_reached":36,"language":"KOR","playtime":880,"items_purged":["Strike_G","Quick Slash","Cloak And Dagger"],"score":858,"play_id":"dba6eae3-f781-4267-a24b-8c71bddd87c7","local_time":"20210118034425","is_ascension_mode":true,"campfire_choices":[{"data":"Accuracy","floor":6.0,"key":"SMITH"},{"data":"Blade Dance","floor":8.0,"key":"SMITH"},{"data":"Well Laid Plans","floor":15.0,"key":"SMITH"},{"data":"Wraith Form v2","floor":23.0,"key":"SMITH"},{"data":"Terror","floor":27.0,"key":"SMITH"},{"data":"Concentrate","floor":32.0,"key":"SMITH"}],"circlet_count":0,"master_deck":["AscendersBane","Survivor","Neutralize","Accuracy+1","After Image","Blade Dance+1","Well Laid Plans+1","Terror+1","Accuracy","Wraith Form v2+1","Concentrate+1","Footwork","Finisher","Blade Dance","Noxious Fumes","Calculated Gamble","Acrobatics","Reflex"],"relics":["Ring of the Snake","NeowsBlessing","Pen Nib","Ancient Tea Set","Pandora\u0027s Box","Matryoshka","Juzu Bracelet","Boot","Gremlin Horn","Bottled Tornado","SacredBark"],"acts_visited":["Exordium","TheCity","TheBeyond"],"potions_floor_usage":[],"damage_taken":[{"damage":0.0,"enemies":"Cultist","floor":1.0,"turns":1.0},{"damage":0.0,"enemies":"2 Louse","floor":2.0,"turns":1.0},{"damage":0.0,"enemies":"Jaw Worm","floor":3.0,"turns":1.0},{"damage":16.0,"enemies":"Exordium Thugs","floor":5.0,"turns":6.0},{"damage":0.0,"enemies":"2 Fungi Beasts","floor":7.0,"turns":4.0},{"damage":8.0,"enemies":"Lagavulin","floor":10.0,"turns":6.0},{"damage":8.0,"enemies":"Looter","floor":12.0,"turns":2.0},{"damage":22.0,"enemies":"Exordium Thugs","floor":14.0,"turns":5.0},{"damage":4.0,"enemies":"Hexaghost","floor":16.0,"turns":11.0},{"damage":15.0,"enemies":"Spheric Guardian","floor":18.0,"turns":4.0},{"damage":6.0,"enemies":"3 Byrds","floor":21.0,"turns":3.0},{"damage":8.0,"enemies":"Sentry and Sphere","floor":24.0,"turns":3.0},{"damage":3.0,"enemies":"Snake Plant","floor":25.0,"turns":4.0},{"damage":0.0,"enemies":"Gremlin Leader","floor":28.0,"turns":3.0},{"damage":14.0,"enemies":"Slavers","floor":30.0,"turns":4.0},{"damage":9.0,"enemies":"Champ","floor":33.0,"turns":4.0},{"damage":6.0,"enemies":"3 Shapes","floor":35.0,"turns":4.0},{"damage":67,"enemies":"2 Orb Walkers","floor":36,"turns":3}],"seed_played":"1681715239931512502","potions_obtained":[{"floor":1.0,"key":"Explosive Potion"},{"floor":3.0,"key":"Dexterity Potion"},{"floor":7.0,"key":"Regen Potion"},{"floor":18.0,"key":"PowerPotion"},{"floor":28.0,"key":"SpeedPotion"}],"is_trial":false,"path_per_floor":["M","M","M","?","M","R","M","R","T","E","?","M","$","M","R","B",null,"M","?","$","M","?","R","M","M","T","R","E","T","E","$","R","B",null,"M","?"],"character_chosen":"THE_SILENT","items_purchased":["Well Laid Plans"],"campfire_rested":0,"item_purchase_floors":[13],"current_hp_per_floor":[59,59,59,52,36,36,36,36,36,28,33,25,25,3,3,14,57,42,42,42,36,36,36,28,25,25,25,25,25,11,11,11,2,54,48,0,0],"gold":195,"neow_bonus":"THREE_ENEMY_KILL","is_daily":false,"chose_seed":false,"campfire_upgraded":6,"win_rate":0.0,"timestamp":1610909065,"path_taken":["M","?","M","?","M","R","M","R","T","E","?","M","$","?","R","BOSS","M","?","?","M","?","R","M","M","T","R","E","?","E","$","R","BOSS","M","?"],"items_purchased_type":["Card"],"build_version":"2020-12-22","purchased_purges":3,"victory":false,"max_hp_per_floor":[66,66,66,66,66,66,66,66,66,66,71,71,71,71,71,71,71,71,71,71,71,71,71,71,71,71,71,71,71,71,71,71,71,71,71,71,71],"card_choices":[{"not_picked":["Caltrops","Bane"],"picked":"Accuracy","floor":1.0},{"not_picked":["Slice","Sucker Punch"],"picked":"Quick Slash","floor":2.0},{"not_picked":["Dash","Sucker Punch"],"picked":"After Image","floor":3.0},{"not_picked":["Underhanded Strike","Prepared"],"picked":"Dagger Spray","floor":5.0},{"not_picked":["Deadly Poison","Finisher"],"picked":"Blade Dance","floor":7.0},{"not_picked":["PiercingWail","Flying Knee"],"picked":"Cloak And Dagger","floor":10.0},{"not_picked":["Choke","Flechettes","Dash"],"picked":"SKIP","floor":12.0},{"not_picked":["Choke","Flechettes","Dash"],"picked":"SKIP","floor":12.0},{"not_picked":["Expertise","Bane","Flying Knee"],"picked":"SKIP","floor":14.0},{"not_picked":["Deflect","Setup"],"picked":"Blade Dance","floor":18.0},{"not_picked":["Underhanded Strike","Sucker Punch","Dodge and Roll"],"picked":"SKIP","floor":21.0},{"not_picked":["Cloak And Dagger","Masterful Stab","Outmaneuver"],"picked":"SKIP","floor":24.0},{"not_picked":["Bouncing Flask","Bane+1","Dodge and Roll+1"],"picked":"SKIP","floor":25.0},{"not_picked":["Distraction","Leg Sweep","Choke+1"],"picked":"SKIP","floor":28.0},{"not_picked":["Tools of the Trade","PiercingWail+1"],"picked":"Reflex","floor":30.0},{"not_picked":["Sucker Punch","Cloak And Dagger","Underhanded Strike"],"picked":"SKIP","floor":35.0}],"player_experience":1334558,"relics_obtained":[{"floor":9.0,"key":"Pen Nib"},{"floor":10.0,"key":"Ancient Tea Set"},{"floor":26.0,"key":"Matryoshka"},{"floor":28.0,"key":"Juzu Bracelet"},{"floor":29.0,"key":"Boot"},{"floor":29.0,"key":"Gremlin Horn"},{"floor":30.0,"key":"Bottled Tornado"}],"event_choices":[{"cards_removed":["Strike_G"],"damage_healed":0.0,"max_hp_gain":0.0,"max_hp_loss":0.0,"gold_gain":0.0,"event_name":"Golden Wing","player_choice":"Card Removal","floor":4.0,"gold_loss":0.0,"damage_taken":7.0},{"damage_healed":0.0,"max_hp_gain":5.0,"max_hp_loss":0.0,"gold_gain":0.0,"event_name":"Big Fish","player_choice":"Donut","floor":11.0,"gold_loss":0.0,"damage_taken":0.0},{"damage_healed":0.0,"max_hp_gain":0.0,"max_hp_loss":0.0,"gold_gain":0.0,"cards_transformed":["Unload"],"event_name":"Transmorgrifier","player_choice":"Transformed","floor":19.0,"gold_loss":0.0,"damage_taken":0.0,"cards_obtained":["Noxious Fumes"]},{"damage_healed":0.0,"max_hp_gain":0.0,"max_hp_loss":0.0,"gold_gain":0.0,"cards_transformed":["Dagger Spray","Dagger Throw"],"event_name":"Drug Dealer","player_choice":"Became Test Subject","floor":22.0,"gold_loss":0.0,"damage_taken":0.0,"cards_obtained":["Calculated Gamble","Acrobatics"]},{"damage_healed":0,"gold_gain":0,"player_choice":"Fight","damage_taken":0,"max_hp_gain":0,"max_hp_loss":0,"event_name":"Mysterious Sphere","floor":36,"gold_loss":0}],"is_beta":false,"boss_relics":[{"not_picked":["Snecko Eye","WristBlade"],"picked":"Pandora\u0027s Box"},{"not_picked":["Coffee Dripper","Empty Cage"],"picked":"SacredBark"}],"items_purged_floors":[13,20,31],"is_endless":false,"potions_floor_spawned":[1,3,7,14,18,28],"killed_by":"2 Orb Walkers","ascension_level":20}}