{"host":"6hzrz31j95f2y1pa","time":1610864077,"event":{"mods":["BaseMod","Colored Map","Downfall","Minty Spire (QoL Compilation)","StSLib"],"gold_per_floor":[99,117,133,133,150,150,197,222,237,254,254,289,289,0,10,109,109,109,121,141,154,154,154,179,179,27,27,39,39,54,54,54,54],"floor_reached":31,"language":"ENG","playtime":1949,"items_purged":["Guardian:Defend_Guardian","Guardian:Defend_Guardian"],"score":333,"play_id":"84ee44d6-53e7-4642-8042-fb6c72f692c7","local_time":"20210117011437","is_ascension_mode":true,"campfire_choices":[{"data":"Guardian:CurlUp","floor":1.0,"key":"SMITH"},{"data":"Guardian:TwinSlam","floor":6,"key":"SMITH"},{"floor":11,"key":"REST"},{"data":"Guardian:GemFinder","floor":18,"key":"SMITH"},{"floor":23,"key":"REST"},{"data":"Guardian:ArmoredProtocol","floor":29,"key":"SMITH"}],"circlet_count":0,"master_deck":["Guardian:Defend_Guardian","Guardian:CurlUp+1","Guardian:TwinSlam+1","Guardian:ArmoredProtocol+1","Guardian:FuturePlans","Guardian:ConstructionForm","Guardian:FuturePlans","Guardian:TemporalStrike+1","Guardian:FastForward+1","Guardian:TimeSifter","Guardian:GemFinder+1","Guardian:EvasiveProtocol","Guardian:Gem_Red","Guardian:MultiBeam+1","Guardian:Gem_Red","Guardian:Harden","Guardian:Gem_Cyan","Slimebound:Tackle+1","Slimebound:Tackle+1","Slimebound:Tackle+1","Guardian:BronzeOrb+1","Guardian:TemporalStrike+1","Guardian:TimeCapacitor+1"],"relics":["Runic Pyramid","Bronze Scales","Orichalcum","Molten Egg 2","Shuriken","SlaversCollar","Strawberry"],"acts_visited":["Exordium","TheCity"],"potions_floor_usage":[16,16,20,28,30],"damage_taken":[{"damage":6,"enemies":"2 Louse","floor":2,"turns":3},{"damage":3,"enemies":"Jaw Worm","floor":3,"turns":5},{"damage":8,"enemies":"Small Slimes","floor":5,"turns":3},{"damage":11,"enemies":"Gremlin Nob","floor":8,"turns":5},{"damage":4,"enemies":"2 Fungi Beasts","floor":9,"turns":4},{"damage":0,"enemies":"Red Slaver","floor":10,"turns":5},{"damage":3,"enemies":"Lagavulin","floor":12,"turns":7},{"damage":4,"enemies":"downfall:FleeingMerchant","floor":14,"turns":4},{"damage":12,"enemies":"Exordium Thugs","floor":15,"turns":5},{"damage":4,"enemies":"WA_ARCHETYPE_RETAIN","floor":16,"turns":10},{"damage":12,"enemies":"Shell Parasite","floor":19,"turns":6},{"damage":28,"enemies":"Cultist and Chosen","floor":20,"turns":10},{"damage":15,"enemies":"Snake Plant","floor":21,"turns":6},{"damage":0,"enemies":"downfall:FleeingMerchant","floor":26,"turns":4},{"damage":11,"enemies":"Shelled Parasite and Fungi","floor":28,"turns":6},{"damage":20,"enemies":"Sentry and Sphere","floor":30,"turns":7},{"damage":2,"enemies":"downfall:FleeingMerchant","floor":31,"turns":2}],"seed_played":"-8524251954962072281","potions_obtained":[{"floor":5,"key":"LiquidMemories"},{"floor":9,"key":"SmokeBomb"},{"floor":10,"key":"SteroidPotion"},{"floor":15,"key":"SkillPotion"},{"floor":16,"key":"EssenceOfSteel"},{"floor":20,"key":"sneckomod:MuddlingPotion"},{"floor":28,"key":"PowerPotion"}],"is_trial":false,"path_per_floor":["R","M","M","?","M","R","T","E","M","M","R","E","?","$","M","B",null,"R","M","M","M","?","R","T","?","$","?","M","R","M","$"],"character_chosen":"GUARDIAN","items_purchased":["Guardian:TimeSifter","Guardian:Gem_Cyan","Guardian:BronzeOrb+1"],"campfire_rested":2,"item_purchase_floors":[14,14,26],"current_hp_per_floor":[72,66,63,38,30,30,30,19,15,15,39,36,36,32,20,16,64,64,52,24,9,9,33,40,40,40,32,21,21,1,0,0,0],"gold":54,"neow_bonus":"BOSS_RELIC","is_daily":false,"chose_seed":false,"campfire_upgraded":4,"win_rate":0.0,"timestamp":1610864077,"path_taken":["R","M","M","?","M","R","T","E","M","M","R","E","?","$","M","BOSS","R","M","M","M","?","R","T","?","$","?","?","R","M","?"],"items_purchased_type":["Card","Card","Card"],"build_version":"2020-12-22","purchased_purges":2,"victory":false,"max_hp_per_floor":[80,80,80,80,80,80,80,80,80,80,80,80,80,80,80,80,80,80,80,80,80,80,80,87,87,87,87,87,87,87,87,87,87],"card_choices":[{"not_picked":["Guardian:TemporalStrike","Guardian:PrismaticBeam"],"picked":"Guardian:Gem_Green","floor":2},{"not_picked":["Guardian:Reroute","Guardian:WalkerClaw"],"picked":"Guardian:ArmoredProtocol","floor":3},{"not_picked":["Guardian:TemporalShield","Guardian:Gem_Green"],"picked":"Guardian:FuturePlans","floor":5},{"not_picked":["Guardian:Reroute+1","Guardian:Planning"],"picked":"Guardian:Gem_Green","floor":8},{"not_picked":["Guardian:Gem_White","Guardian:RollAttack+1"],"picked":"Guardian:ConstructionForm","floor":9},{"not_picked":["Guardian:Incinerate+1","Guardian:SpikerProtocol"],"picked":"Guardian:FuturePlans","floor":10},{"not_picked":["Guardian:PolyBeam+1","Guardian:Suspension"],"picked":"Guardian:TemporalStrike+1","floor":12},{"not_picked":["Guardian:Suspension","Guardian:VentSteam"],"picked":"Guardian:FastForward","floor":14},{"not_picked":["Guardian:Gem_Lightblue","Guardian:SentryBeam+1"],"picked":"Guardian:Gem_Cyan","floor":15},{"not_picked":["Guardian:GemFire+1","Guardian:StasisStrike+1"],"picked":"Guardian:GemFinder","floor":16},{"not_picked":["Guardian:CrystalBeam+1","Guardian:Preprogram"],"picked":"Guardian:EvasiveProtocol","floor":19},{"not_picked":["Guardian:Gem_Lightblue","Guardian:Gem_Cyan"],"picked":"Guardian:Gem_Red","floor":19},{"not_picked":["Guardian:Reroute+1","Guardian:BronzeOrb+1"],"picked":"Guardian:MultiBeam+1","floor":20},{"not_picked":["Guardian:Gem_Green","Guardian:Gem_Lightblue"],"picked":"Guardian:Gem_Red","floor":20},{"not_picked":["Guardian:Suspension","Guardian:Clone"],"picked":"Guardian:Harden","floor":21},{"not_picked":["Guardian:Gem_Lightblue","Guardian:Gem_Green"],"picked":"Guardian:Gem_Cyan","floor":21},{"not_picked":["Guardian:SpikerProtocol","Guardian:Gem_Crimson"],"picked":"Guardian:Gem_Orange","floor":26},{"not_picked":["Guardian:Gem_Fragmented","Guardian:Gem_Green"],"picked":"Guardian:TemporalStrike+1","floor":28},{"not_picked":["Guardian:ShieldCharger","Guardian:Gem_Orange"],"picked":"Guardian:TimeCapacitor+1","floor":30}],"player_experience":1347666,"relics_obtained":[{"floor":7,"key":"Orichalcum"},{"floor":8,"key":"Molten Egg 2"},{"floor":12,"key":"Shuriken"},{"floor":24,"key":"Strawberry"}],"event_choices":[{"damage_healed":0,"gold_gain":0,"player_choice":"Success","damage_taken":25,"relics_obtained":["Bronze Scales"],"max_hp_gain":0,"max_hp_loss":0,"event_name":"Scrap Ooze","floor":4,"gold_loss":0}],"is_beta":false,"boss_relics":[{"not_picked":["Calling Bell","Busted Crown"],"picked":"SlaversCollar"}],"items_purged_floors":[14,26],"is_endless":false,"potions_floor_spawned":[5,9,10,15,16,20,28],"killed_by":"downfall:FleeingMerchant","ascension_level":7}}