{"host":"i7jfea87xc8lz16p","time":1610925562,"event":{"mods":["AchievementEnabler","BaseMod","Colored Powertips","Minty Spire (QoL Compilation)","Relic Stats"],"gold_per_floor":[112,126,52,66,66,91,91,120,120,134,134,134,146,146,146,220,220,232,48,59,90,105,105,105,105],"floor_reached":24,"language":"ENG","playtime":901,"items_purged":["Pain"],"score":487,"play_id":"43721393-0602-4be2-ad39-5ff4ced7e843","local_time":"20210118001922","is_ascension_mode":true,"campfire_choices":[{"data":"Combust","floor":7,"key":"SMITH"},{"data":"Disarm","floor":12,"key":"SMITH"},{"floor":15,"key":"REST"},{"floor":23,"key":"REST"}],"circlet_count":0,"master_deck":["AscendersBane","Bash","Combust+1","Whirlwind","Clothesline","Offering","Iron Wave","Armaments","Disarm+1","Second Wind","Spot Weakness","Uppercut","Iron Wave","Rage","Sword Boomerang","Iron Wave","Anger","Juggernaut","Heavy Blade","Iron Wave","Metallicize","Rupture+1","Iron Wave"],"relics":["Pandora\u0027s Box","Lantern","Kunai","Pen Nib","WarpedTongs","Velvet Choker","Red Mask"],"acts_visited":["Exordium","TheCity"],"potions_floor_usage":[8,16,21,22],"damage_taken":[{"damage":0,"enemies":"2 Louse","floor":1,"turns":1},{"damage":5,"enemies":"Small Slimes","floor":2,"turns":3},{"damage":3,"enemies":"Cultist","floor":4,"turns":3},{"damage":27,"enemies":"Lagavulin","floor":6,"turns":6},{"damage":6,"enemies":"Gremlin Nob","floor":8,"turns":2},{"damage":3,"enemies":"Blue Slaver","floor":10,"turns":3},{"damage":7,"enemies":"3 Louse","floor":13,"turns":2},{"damage":19,"enemies":"Hexaghost","floor":16,"turns":5},{"damage":19,"enemies":"Shell Parasite","floor":18,"turns":3},{"damage":6,"enemies":"2 Thieves","floor":20,"turns":2},{"damage":26,"enemies":"Masked Bandits","floor":21,"turns":4},{"damage":2,"enemies":"Snake Plant","floor":22,"turns":5},{"damage":30,"enemies":"Slavers","floor":24,"turns":2}],"seed_played":"8415545607791125447","potions_obtained":[{"floor":4,"key":"SteroidPotion"},{"floor":6,"key":"HeartOfIron"},{"floor":8,"key":"Energy Potion"},{"floor":22,"key":"BlessingOfTheForge"}],"is_trial":false,"path_per_floor":["M","M","$","M","?","E","R","E","T","M","?","R","M","?","R","B",null,"M","$","M","?","M","R","E"],"character_chosen":"IRONCLAD","items_purchased":["Rage","Iron Wave","Strength Potion"],"campfire_rested":2,"item_purchase_floors":[3,19,19],"current_hp_per_floor":[68,63,63,60,60,33,33,27,27,24,24,24,17,17,39,20,61,42,42,36,10,8,30,0,0],"gold":105,"neow_bonus":"BOSS_RELIC","is_daily":false,"chose_seed":false,"campfire_upgraded":2,"win_rate":0.0,"timestamp":1610925562,"path_taken":["M","M","$","M","?","E","R","E","T","M","?","R","?","?","R","BOSS","M","$","M","?","M","R","E"],"items_purchased_type":["Card","Card","Potion"],"build_version":"2020-12-22","purchased_purges":1,"victory":false,"max_hp_per_floor":[75,75,75,75,75,75,75,75,75,75,75,75,75,75,75,75,75,75,75,75,75,75,75,75,75],"relic_stats":{"counters":[13,41],"Pandora\u0027s Box":["Combust","Whirlwind","Clothesline","Offering","Iron Wave","Armaments","Disarm","Second Wind","Spot Weakness"],"Pen Nib":[5],"Kunai":[10],"obtain_stats":[{"Lantern":6,"Velvet Choker":17,"Pandora\u0027s Box":0,"Pen Nib":9,"Red Mask":21,"Kunai":8,"Burning Blood":0,"WarpedTongs":11},{"Lantern":4,"Velvet Choker":8,"Pandora\u0027s Box":0,"Pen Nib":5,"Red Mask":11,"Kunai":5,"Burning Blood":0,"WarpedTongs":6},{"Lantern":13,"Velvet Choker":25,"Pandora\u0027s Box":0,"Pen Nib":15,"Red Mask":34,"Kunai":15,"Burning Blood":0,"WarpedTongs":18}],"WarpedTongs":[23]},"card_choices":[{"not_picked":["Anger","Perfected Strike"],"picked":"Uppercut","floor":1},{"not_picked":["Twin Strike","Pommel Strike"],"picked":"Iron Wave","floor":2},{"not_picked":["Whirlwind","Anger"],"picked":"Sword Boomerang","floor":4},{"not_picked":["Infernal Blade","Reckless Charge"],"picked":"Iron Wave","floor":6},{"not_picked":["Intimidate","Perfected Strike","Fiend Fire"],"picked":"SKIP","floor":8},{"not_picked":["Second Wind","Dual Wield","True Grit"],"picked":"SKIP","floor":10},{"not_picked":["Iron Wave","Twin Strike"],"picked":"Anger","floor":13},{"not_picked":["Reaper","Barricade"],"picked":"Juggernaut","floor":16},{"not_picked":["Sword Boomerang+1","Wild Strike"],"picked":"Heavy Blade","floor":18},{"not_picked":["Clothesline","Carnage"],"picked":"Metallicize","floor":20},{"not_picked":["Warcry","Shrug It Off"],"picked":"Rupture+1","floor":21},{"not_picked":["Armaments","Battle Trance"],"picked":"Iron Wave","floor":22}],"player_experience":1799175,"relics_obtained":[{"floor":6,"key":"Lantern"},{"floor":8,"key":"Kunai"},{"floor":9,"key":"Pen Nib"},{"floor":21,"key":"Red Mask"}],"event_choices":[{"damage_healed":0,"gold_gain":0,"player_choice":"Ignored","damage_taken":0,"max_hp_gain":0,"max_hp_loss":0,"event_name":"Shining Light","floor":5,"gold_loss":0},{"damage_healed":0,"gold_gain":0,"player_choice":"Rummage","damage_taken":0,"relics_obtained":["WarpedTongs"],"max_hp_gain":0,"max_hp_loss":0,"event_name":"Accursed Blacksmith","floor":11,"gold_loss":0,"cards_obtained":["Pain"]},{"damage_healed":0,"gold_gain":0,"player_choice":"Ignored","damage_taken":0,"max_hp_gain":0,"max_hp_loss":0,"event_name":"Liars Game","floor":14,"gold_loss":0},{"damage_healed":0,"gold_gain":0,"player_choice":"Fought Bandits","damage_taken":0,"max_hp_gain":0,"max_hp_loss":0,"event_name":"Masked Bandits","floor":21,"gold_loss":0}],"is_beta":false,"boss_relics":[{"not_picked":["Astrolabe","Cursed Key"],"picked":"Velvet Choker"}],"items_purged_floors":[19],"is_endless":false,"potions_floor_spawned":[4,6,8,10,20,22],"killed_by":"Slavers","ascension_level":20}}