{"host":"vl29iwkwnyytuw8q","time":1610899396,"event":{"mods":["BaseMod","Minty Spire (QoL Compilation)","Permanent Neow","Relic Stats","StSLib"],"gold_per_floor":[99,99,99,99,13,13,13,13,13,13,13,13,13,13,13,13,13,13,13,13,13,13,13,13,13,13,13,13,13,13,13,13,13,13],"floor_reached":33,"language":"ENG","playtime":1083,"items_purged":[],"score":522,"play_id":"a92ec692-1e14-4bcf-9686-4032239dc67c","local_time":"20210117170316","is_ascension_mode":true,"campfire_choices":[{"data":"Inflame","floor":7.0,"key":"SMITH"},{"data":"Searing Blow","floor":15.0,"key":"SMITH"},{"data":"Searing Blow+1","floor":23.0,"key":"SMITH"},{"data":"Searing Blow+2","floor":27.0,"key":"SMITH"},{"data":"Searing Blow+3","floor":30.0,"key":"SMITH"},{"data":"Searing Blow+4","floor":32.0,"key":"SMITH"}],"circlet_count":0,"master_deck":["AscendersBane","Strike_R","Strike_R","Strike_R","Defend_R","Defend_R","Defend_R","Defend_R","Bash","Iron Wave","Battle Trance","True Grit+1","Inflame+1","Shockwave","Whirlwind","Searing Blow+5","Burning Pact","Reaper","Offering","Pommel Strike","Dropkick","Shrug It Off","Rupture","Armaments+1"],"relics":["Ectoplasm","Eternal Feather","Red Skull","Empty Cage","Enchiridion","Matryoshka"],"acts_visited":["Exordium","TheCity"],"potions_floor_usage":[33],"damage_taken":[{"damage":12.0,"enemies":"Jaw Worm","floor":1.0,"turns":3.0},{"damage":7.0,"enemies":"Small Slimes","floor":2.0,"turns":4.0},{"damage":0.0,"enemies":"Cultist","floor":3.0,"turns":3.0},{"damage":28.0,"enemies":"3 Sentries","floor":6.0,"turns":11.0},{"damage":0.0,"enemies":"Large Slime","floor":8.0,"turns":4.0},{"damage":0.0,"enemies":"Lagavulin","floor":10.0,"turns":5.0},{"damage":1.0,"enemies":"Exordium Wildlife","floor":12.0,"turns":3.0},{"damage":2.0,"enemies":"2 Fungi Beasts","floor":13.0,"turns":3.0},{"damage":44.0,"enemies":"The Guardian","floor":16.0,"turns":17.0},{"damage":6.0,"enemies":"3 Byrds","floor":18.0,"turns":3.0},{"damage":11.0,"enemies":"Chosen","floor":19.0,"turns":5.0},{"damage":20.0,"enemies":"Snake Plant","floor":22.0,"turns":3.0},{"damage":30.0,"enemies":"Chosen and Byrds","floor":28.0,"turns":5.0},{"damage":16.0,"enemies":"Sentry and Sphere","floor":29.0,"turns":5.0},{"damage":88,"enemies":"Collector","floor":33,"turns":6}],"seed_played":"3392213523181741634","potions_obtained":[{"floor":1.0,"key":"Block Potion"},{"floor":2.0,"key":"BlessingOfTheForge"},{"floor":12.0,"key":"Ancient Potion"}],"is_trial":false,"path_per_floor":["M","M","M","?","$","E","R","M","T","E","?","M","M","?","R","B",null,"M","M","?","?","M","R","$","?","T","R","M","M","R","?","R","B"],"character_chosen":"IRONCLAD","items_purchased":["Inflame"],"campfire_rested":0,"item_purchase_floors":[5],"current_hp_per_floor":[56,49,49,74,74,46,55,55,55,55,75,74,72,72,75,41,67,71,67,46,46,26,38,38,38,38,50,28,21,33,33,45,0,0],"gold":13,"neow_bonus":"BOSS_RELIC","is_daily":false,"chose_seed":false,"campfire_upgraded":6,"win_rate":0.0,"timestamp":1610899396,"path_taken":["M","M","M","?","$","E","R","M","T","E","?","M","?","?","R","BOSS","M","M","?","?","M","R","$","?","T","R","M","?","R","?","R","BOSS"],"items_purchased_type":["Card"],"build_version":"2020-12-22","purchased_purges":0,"victory":false,"max_hp_per_floor":[75,75,75,75,75,75,75,75,75,75,75,75,75,75,75,75,75,75,75,75,75,75,75,75,75,75,75,75,75,75,75,75,75,75],"relic_stats":{"counters":[15,80],"Eternal Feather":60,"Ectoplasm":338,"obtain_stats":[{"Matryoshka":26,"Enchiridion":20,"Eternal Feather":6,"Ectoplasm":0,"Empty Cage":17,"Burning Blood":0,"Red Skull":10},{"Matryoshka":12,"Enchiridion":11,"Eternal Feather":4,"Ectoplasm":0,"Empty Cage":9,"Burning Blood":0,"Red Skull":6},{"Matryoshka":64,"Enchiridion":61,"Eternal Feather":21,"Ectoplasm":0,"Empty Cage":53,"Burning Blood":0,"Red Skull":30}]},"card_choices":[{"not_picked":["Pummel","Headbutt"],"picked":"Iron Wave","floor":1.0},{"not_picked":["Wild Strike","Cleave"],"picked":"Battle Trance","floor":2.0},{"not_picked":["Power Through","Sword Boomerang"],"picked":"True Grit","floor":3.0},{"not_picked":["Sword Boomerang","Immolate"],"picked":"Shockwave","floor":6.0},{"not_picked":["Body Slam","Armaments"],"picked":"Whirlwind","floor":8.0},{"not_picked":["Body Slam","Second Wind"],"picked":"Searing Blow","floor":10.0},{"not_picked":["Uppercut","Twin Strike"],"picked":"Burning Pact","floor":12.0},{"not_picked":["Fire Breathing","Seeing Red"],"picked":"Reaper","floor":13.0},{"not_picked":["Brutality","Impervious"],"picked":"Offering","floor":16.0},{"not_picked":["Flex","Searing Blow"],"picked":"Pommel Strike","floor":18.0},{"not_picked":["Clash","Flex"],"picked":"Dropkick","floor":19.0},{"not_picked":["Perfected Strike","Whirlwind","Clash"],"picked":"SKIP","floor":22.0},{"not_picked":["Armaments","Sever Soul"],"picked":"Rupture","floor":28.0},{"not_picked":["Bludgeon","Metallicize+1"],"picked":"Armaments+1","floor":29.0}],"player_experience":631445,"relics_obtained":[{"floor":6.0,"key":"Eternal Feather"},{"floor":10.0,"key":"Red Skull"},{"floor":20.0,"key":"Enchiridion"},{"floor":26.0,"key":"Matryoshka"}],"event_choices":[{"damage_healed":25.0,"max_hp_gain":0.0,"max_hp_loss":0.0,"gold_gain":0.0,"event_name":"Big Fish","player_choice":"Banana","floor":4.0,"gold_loss":0.0,"damage_taken":0.0},{"damage_healed":20.0,"max_hp_gain":0.0,"max_hp_loss":0.0,"gold_gain":0.0,"event_name":"Wheel of Change","player_choice":"Full Heal","floor":11.0,"gold_loss":0.0,"damage_taken":0.0},{"damage_healed":0.0,"max_hp_gain":0.0,"max_hp_loss":0.0,"gold_gain":0.0,"event_name":"Living Wall","player_choice":"Grow","floor":14.0,"gold_loss":0.0,"damage_taken":0.0,"cards_upgraded":["True Grit"]},{"damage_healed":0.0,"max_hp_gain":0.0,"max_hp_loss":0.0,"gold_gain":0.0,"event_name":"Cursed Tome","player_choice":"Obtained Book","floor":20.0,"gold_loss":0.0,"damage_taken":21.0},{"damage_healed":0.0,"max_hp_gain":0.0,"max_hp_loss":0.0,"gold_gain":0.0,"event_name":"The Mausoleum","player_choice":"Ignored","floor":21.0,"gold_loss":0.0,"damage_taken":0.0},{"damage_healed":0.0,"max_hp_gain":0.0,"max_hp_loss":0.0,"gold_gain":0.0,"event_name":"The Library","player_choice":"Read","floor":25.0,"gold_loss":0.0,"damage_taken":0.0,"cards_obtained":["Shrug It Off"]},{"damage_healed":0.0,"max_hp_gain":0.0,"max_hp_loss":0.0,"gold_gain":0.0,"event_name":"Vampires","player_choice":"Ignored","floor":31.0,"gold_loss":0.0,"damage_taken":0.0}],"is_beta":false,"boss_relics":[{"not_picked":["Runic Dome","Runic Cube"],"picked":"Empty Cage"}],"items_purged_floors":[],"is_endless":false,"potions_floor_spawned":[1,2,6,12,18],"killed_by":"Collector","ascension_level":17}}