{"host":"760a56s19xsdubqb","time":1610904958,"event":{"mods":["BaseMod","Minty Spire (QoL Compilation)","Quick Restart","Remove Card Discount Mod","StSLib"],"gold_per_floor":[144,189,234,279,337,337,427,472,472,517,517,562,607,697,697,997,997,1042,1087,771,771,407,497,412,502,502,547,547,547,637,682,682,982,982,1027,908,908,506,551,641,686,731,731,776,776,821,781,826,826,826],"floor_reached":51,"language":"ENG","playtime":2662,"items_purged":[],"score":1128,"play_id":"9577b749-d713-4fb4-8f43-753b6a5dfd13","local_time":"20210117123558","daily_mods":["SealedDeck","Hoarder","Midas"],"is_ascension_mode":false,"campfire_choices":[{"floor":6,"key":"REST"},{"floor":15,"key":"REST"},{"floor":32,"key":"REST"},{"floor":45,"key":"REST"},{"floor":49,"key":"REST"}],"circlet_count":0,"master_deck":["Rebound","Rebound","Rebound","Stack","Stack","Stack","Streamline","Streamline","Streamline","Beam Cell","Beam Cell","Beam Cell","Go for the Eyes","Go for the Eyes","Go for the Eyes","Go for the Eyes","Go for the Eyes","Go for the Eyes","Beam Cell","Beam Cell","Beam Cell","Steam","Steam","Steam","Leap+1","Leap","Leap","Conserve Battery+1","Conserve Battery","Scrape","Scrape","Scrape","Cold Snap","Cold Snap","Cold Snap","Core Surge","Core Surge","Core Surge","Gash","Gash","Gash","Beam Cell","Beam Cell","Beam Cell","Reboot","Reboot","Reboot","FTL","FTL","FTL","Conserve Battery","Conserve Battery","Conserve Battery","Beam Cell","Beam Cell","Beam Cell","Rainbow","Rainbow","Rainbow+1","Ball Lightning","Ball Lightning","Ball Lightning","The Bomb","The Bomb","The Bomb","Bite","Bite","Bite","Bite","Bite","Bite","Bite","Bite","Bite","Bite","Bite","Bite","Bite","Bite","Bite+1","Violence","Violence","Violence","Biased Cognition","Biased Cognition","Biased Cognition","Defragment","Defragment","Defragment","Sweeping Beam+1","Sweeping Beam+1","Sweeping Beam+1","RitualDagger","RitualDagger","RitualDagger","Gash+1","Gash+1","Gash+1","Conserve Battery+1","Conserve Battery+1","Conserve Battery+1","Fission+1","Fission+1","Fission+1","Conserve Battery+1","Conserve Battery+1","Conserve Battery+1","Bandage Up+1","Bandage Up+1","Bandage Up+1","Gash","Gash","Gash","All For One","All For One","All For One","Glacier+1","Glacier+1","Glacier+1","Tempest+1","Tempest+1","Tempest+1","Gash+1","Gash+1","Gash+1"],"relics":["Cracked Core","Pear","Darkstone Periapt","Potion Belt","Bottled Flame","Fusion Hammer","Membership Card","Nunchaku","Mango","Bottled Lightning","Toxic Egg 2","Vajra","Bird Faced Urn","Matryoshka","Shuriken","Bottled Tornado","PreservedInsect","Black Star","Orichalcum","Ice Cream","FossilizedHelix","Chemical X","War Paint","Gambling Chip","Ancient Tea Set","Bag of Preparation"],"acts_visited":["Exordium","TheCity","TheBeyond"],"potions_floor_usage":[16,25,33,40,44,50,50],"damage_taken":[{"damage":0,"enemies":"2 Louse","floor":1,"turns":2},{"damage":0,"enemies":"Cultist","floor":2,"turns":4},{"damage":0,"enemies":"Small Slimes","floor":3,"turns":2},{"damage":0,"enemies":"Looter","floor":4,"turns":1},{"damage":7,"enemies":"3 Sentries","floor":7,"turns":4},{"damage":0,"enemies":"2 Fungi Beasts","floor":8,"turns":2},{"damage":0,"enemies":"Large Slime","floor":10,"turns":3},{"damage":1,"enemies":"Lots of Slimes","floor":12,"turns":3},{"damage":0,"enemies":"Exordium Thugs","floor":13,"turns":1},{"damage":5,"enemies":"Lagavulin","floor":14,"turns":4},{"damage":0,"enemies":"Slime Boss","floor":16,"turns":3},{"damage":1,"enemies":"Spheric Guardian","floor":18,"turns":3},{"damage":0,"enemies":"Chosen","floor":19,"turns":3},{"damage":27,"enemies":"Slavers","floor":23,"turns":4},{"damage":18,"enemies":"Gremlin Leader","floor":25,"turns":4},{"damage":4,"enemies":"3 Cultists","floor":27,"turns":3},{"damage":26,"enemies":"Book of Stabbing","floor":30,"turns":3},{"damage":21,"enemies":"Snake Plant","floor":31,"turns":3},{"damage":16,"enemies":"Automaton","floor":33,"turns":6},{"damage":3,"enemies":"3 Darklings","floor":35,"turns":4},{"damage":7,"enemies":"3 Shapes","floor":39,"turns":3},{"damage":0,"enemies":"Reptomancer","floor":40,"turns":2},{"damage":0,"enemies":"Transient","floor":41,"turns":5},{"damage":32,"enemies":"Writhing Mass","floor":42,"turns":4},{"damage":0,"enemies":"Jaw Worm Horde","floor":44,"turns":3},{"damage":0,"enemies":"3 Darklings","floor":46,"turns":3},{"damage":0,"enemies":"4 Shapes","floor":48,"turns":3},{"damage":78,"enemies":"Awakened One","floor":50,"turns":9}],"seed_played":"7372172642885907109","potions_obtained":[{"floor":4,"key":"Regen Potion"},{"floor":8,"key":"SneckoOil"},{"floor":10,"key":"SneckoOil"},{"floor":16,"key":"SpeedPotion"},{"floor":19,"key":"BlessingOfTheForge"},{"floor":23,"key":"DistilledChaos"},{"floor":25,"key":"CultistPotion"},{"floor":39,"key":"ColorlessPotion"},{"floor":46,"key":"BlessingOfTheForge"},{"floor":48,"key":"BlessingOfTheForge"}],"is_trial":false,"path_per_floor":["M","M","M","M","?","R","E","M","T","M","?","M","M","E","R","B",null,"M","M","$","?","$","E","?","E","T","M","?","T","E","M","R","B",null,"M","$","?","$","M","E","M","M","T","M","R","M","?","M","R","B",null],"character_chosen":"DEFECT","items_purchased":["Membership Card","Nunchaku","The Bomb","Mango","Violence","Bottled Lightning","Bandage Up+1","Orichalcum","Ice Cream","FossilizedHelix","Gash","Chemical X"],"campfire_rested":5,"item_purchase_floors":[20,20,20,22,22,22,36,36,38,38,38,38],"current_hp_per_floor":[75,75,75,75,75,75,78,78,78,78,78,77,77,72,85,85,85,84,84,84,59,73,52,52,48,48,50,44,44,30,15,36,50,73,73,73,73,73,73,73,73,53,53,63,73,73,73,73,73,17],"gold":826,"neow_bonus":"","is_daily":true,"chose_seed":false,"campfire_upgraded":0,"win_rate":0.0,"timestamp":1610904958,"path_taken":["M","M","M","M","?","R","E","M","T","M","?","M","?","E","R","BOSS","M","M","$","?","$","E","?","E","T","M","?","?","E","M","R","BOSS","M","$","?","$","M","E","M","M","T","M","R","M","?","M","R","BOSS"],"items_purchased_type":["Relic","Relic","Card","Relic","Card","Relic","Card","Relic","Relic","Relic","Card","Relic"],"build_version":"2020-12-22","purchased_purges":0,"victory":true,"max_hp_per_floor":[75,75,75,75,75,75,85,85,85,85,85,85,85,85,85,85,85,85,85,85,59,73,73,73,73,73,73,73,73,73,73,73,73,73,73,73,73,73,73,73,73,73,73,73,73,73,73,73,73,73],"card_choices":[{"not_picked":["Leap","Streamline"],"picked":"Scrape","floor":1},{"not_picked":["Streamline","Double Energy"],"picked":"Cold Snap","floor":2},{"not_picked":["Steam","Turbo"],"picked":"Core Surge","floor":3},{"not_picked":["Stack","FTL"],"picked":"Gash","floor":4},{"not_picked":["Storm","Hello World"],"picked":"Beam Cell","floor":7},{"not_picked":["Hologram","Steam"],"picked":"Reboot","floor":8},{"not_picked":["Go for the Eyes","Machine Learning","Consume"],"picked":"SKIP","floor":10},{"not_picked":["Redo","Chill"],"picked":"FTL","floor":12},{"not_picked":["Compile Driver","Go for the Eyes"],"picked":"Conserve Battery","floor":13},{"not_picked":["Go for the Eyes","Cold Snap"],"picked":"Beam Cell","floor":14},{"not_picked":["Amplify","Multi-Cast"],"picked":"Rainbow","floor":16},{"not_picked":["Streamline","Storm"],"picked":"Ball Lightning","floor":18},{"not_picked":["Static Discharge","Double Energy","Genetic Algorithm"],"picked":"SKIP","floor":19},{"not_picked":["FTL","BootSequence+1"],"picked":"Biased Cognition","floor":23},{"not_picked":["Rebound","Heatsinks+1"],"picked":"Defragment","floor":25},{"not_picked":["Hello World","Capacitor+1"],"picked":"Sweeping Beam+1","floor":27},{"not_picked":["Biased Cognition","Rebound"],"picked":"Gash+1","floor":30},{"not_picked":["Doom and Gloom+1","Streamline+1"],"picked":"Conserve Battery+1","floor":31},{"not_picked":["Meteor Strike","Amplify+1"],"picked":"Fission+1","floor":33},{"not_picked":["Redo+1","Barrage"],"picked":"Conserve Battery+1","floor":35},{"not_picked":["Cold Snap+1","Double Energy+1","Compile Driver+1"],"picked":"SKIP","floor":39},{"not_picked":["Doom and Gloom","Chaos+1"],"picked":"All For One","floor":40},{"not_picked":["Conserve Battery+1","Consume+1"],"picked":"Glacier+1","floor":41},{"not_picked":["Doom and Gloom+1","Reprogram+1"],"picked":"Tempest+1","floor":42},{"not_picked":["Go for the Eyes","Leap+1"],"picked":"Gash+1","floor":44},{"not_picked":["Beam Cell","Compile Driver","Rip and Tear"],"picked":"SKIP","floor":46},{"not_picked":["Redo+1","Compile Driver","Barrage+1"],"picked":"SKIP","floor":48}],"player_experience":955705,"relics_obtained":[{"floor":7,"key":"Pear"},{"floor":9,"key":"Darkstone Periapt"},{"floor":14,"key":"Bottled Flame"},{"floor":23,"key":"Toxic Egg 2"},{"floor":25,"key":"Bird Faced Urn"},{"floor":26,"key":"Matryoshka"},{"floor":29,"key":"Shuriken"},{"floor":29,"key":"Bottled Tornado"},{"floor":30,"key":"PreservedInsect"},{"floor":40,"key":"War Paint"},{"floor":40,"key":"Gambling Chip"},{"floor":43,"key":"Ancient Tea Set"},{"floor":43,"key":"Bag of Preparation"}],"event_choices":[{"damage_healed":0,"gold_gain":58,"player_choice":"Gained Gold","damage_taken":0,"max_hp_gain":0,"max_hp_loss":0,"event_name":"Golden Wing","floor":5,"gold_loss":0},{"damage_healed":0,"gold_gain":0,"player_choice":"Gave Potion","damage_taken":0,"relics_obtained":["Potion Belt"],"max_hp_gain":0,"max_hp_loss":0,"event_name":"WeMeetAgain","floor":11,"gold_loss":0},{"damage_healed":0,"gold_gain":0,"player_choice":"Became a vampire","damage_taken":0,"max_hp_gain":0,"max_hp_loss":26,"event_name":"Vampires","floor":21,"gold_loss":0,"cards_obtained":["Bite","Bite","Bite","Bite","Bite"]},{"damage_healed":0,"gold_gain":0,"player_choice":"Obtained Relic","damage_taken":0,"relics_obtained":["Vajra"],"max_hp_gain":0,"max_hp_loss":0,"event_name":"Addict","floor":24,"gold_loss":85},{"damage_healed":0,"gold_gain":0,"player_choice":"Joined the Cult","damage_taken":6,"max_hp_gain":0,"max_hp_loss":0,"event_name":"Nest","floor":28,"gold_loss":0,"cards_obtained":["RitualDagger"]},{"cards_removed":["Conserve Battery"],"damage_healed":0,"gold_gain":0,"player_choice":"Removed Skill","damage_taken":0,"max_hp_gain":0,"max_hp_loss":0,"event_name":"Falling","floor":37,"gold_loss":0},{"damage_healed":0,"gold_gain":0,"player_choice":"Upgraded Two","damage_taken":0,"max_hp_gain":0,"max_hp_loss":0,"event_name":"Designer","floor":47,"gold_loss":40,"cards_upgraded":["Leap","Bite"]}],"is_beta":false,"boss_relics":[{"not_picked":["SlaversCollar","Philosopher\u0027s Stone"],"picked":"Fusion Hammer"},{"not_picked":["Nuclear Battery","Astrolabe"],"picked":"Black Star"}],"items_purged_floors":[],"is_endless":false,"potions_floor_spawned":[4,8,10,16,19,23,25,39,46,48],"ascension_level":0}}