{"host":"01gbg40krdpein5y","time":1610891884,"event":{"mods":["BaseMod","BetterRewards","Minty Spire (QoL Compilation)","Permanent Neow","Remove Card Discount Mod","SuperFastMode","Transform Curses"],"gold_per_floor":[209,209,220,273,273,304,346,358,396,408,435,463,506,593,605,716,728,760,783,795,807,834,846,858,858],"floor_reached":24,"language":"ENG","playtime":1535,"items_purged":[],"score":204,"play_id":"0e59ad5b-22c6-40ed-96a5-8467920a83f9","local_time":"20210117055804","is_ascension_mode":false,"campfire_choices":[{"floor":8,"key":"REST"},{"data":"Uppercut","floor":10,"key":"SMITH"},{"floor":15,"key":"REST"},{"floor":23,"key":"REST"}],"circlet_count":0,"master_deck":["Strike_R+1","Strike_R+1","Strike_R+1","Defend_R+1","Defend_R+1","Defend_R+1","Bash","Thunderclap","Uppercut+1","Infernal Blade","Shrug It Off","Ghostly Armor","Demon Form","Double Tap+1","Reckless Charge+1","Limit Break+1","Infernal Blade","Writhe","Flex"],"relics":["Burning Blood","MawBank","PreservedInsect","Oddly Smooth Stone","Astrolabe","Juzu Bracelet"],"acts_visited":["Exordium","TheCity"],"potions_floor_usage":[16,16,16,19,24],"damage_taken":[{"damage":5,"enemies":"Small Slimes","floor":1,"turns":3},{"damage":6,"enemies":"2 Louse","floor":3,"turns":3},{"damage":34,"enemies":"Lagavulin","floor":6,"turns":7},{"damage":3,"enemies":"Jaw Worm","floor":11,"turns":3},{"damage":2,"enemies":"3 Louse","floor":12,"turns":4},{"damage":14,"enemies":"3 Sentries","floor":13,"turns":5},{"damage":48,"enemies":"Hexaghost","floor":16,"turns":11},{"damage":27,"enemies":"3 Byrds","floor":18,"turns":5},{"damage":9,"enemies":"Chosen","floor":19,"turns":4},{"damage":36,"enemies":"3 Cultists","floor":22,"turns":6},{"damage":51,"enemies":"Gremlin Leader","floor":24,"turns":6}],"seed_played":"8662031445268213389","potions_obtained":[{"floor":11,"key":"Energy Potion"},{"floor":12,"key":"Weak Potion"},{"floor":13,"key":"SteroidPotion"},{"floor":18,"key":"AttackPotion"},{"floor":19,"key":"Dexterity Potion"}],"is_trial":false,"path_per_floor":["M","?","M","?","?","E","?","R","T","R","M","M","E","?","R","B",null,"M","M","?","?","M","R","E"],"character_chosen":"IRONCLAD","items_purchased":[],"campfire_rested":3,"item_purchase_floors":[],"current_hp_per_floor":[80,80,80,80,64,36,36,60,60,60,63,67,59,51,75,33,80,59,56,56,56,26,50,0,0],"gold":858,"neow_bonus":"HUNDRED_GOLD","is_daily":false,"chose_seed":false,"campfire_upgraded":1,"win_rate":0.0,"timestamp":1610891884,"path_taken":["M","?","M","?","?","E","?","R","T","R","M","?","E","?","R","BOSS","M","?","?","?","M","R","E"],"items_purchased_type":[],"build_version":"2020-12-22","purchased_purges":0,"victory":false,"max_hp_per_floor":[80,80,80,80,80,80,80,80,80,80,80,80,80,80,80,80,80,80,80,80,80,80,80,80,80],"card_choices":[{"not_picked":["Sword Boomerang","Havoc"],"picked":"Thunderclap","floor":1},{"not_picked":["Thunderclap","True Grit"],"picked":"Uppercut","floor":3},{"not_picked":["Warcry","Burning Pact"],"picked":"Infernal Blade","floor":6},{"not_picked":["Havoc","Clash"],"picked":"Shrug It Off","floor":11},{"not_picked":["Havoc","Headbutt","Clothesline"],"picked":"SKIP","floor":12},{"not_picked":["Second Wind","Havoc"],"picked":"Ghostly Armor","floor":13},{"not_picked":["Barricade","Brutality"],"picked":"Demon Form","floor":16},{"not_picked":["Havoc","Warcry"],"picked":"Infernal Blade","floor":18},{"not_picked":["Anger","Thunderclap","Havoc"],"picked":"SKIP","floor":19},{"not_picked":["Dark Embrace","Dual Wield"],"picked":"Flex","floor":22}],"player_experience":423973,"relics_obtained":[{"floor":6,"key":"MawBank"},{"floor":9,"key":"PreservedInsect"},{"floor":13,"key":"Oddly Smooth Stone"}],"event_choices":[{"damage_healed":0,"gold_gain":0,"player_choice":"Leave","damage_taken":0,"max_hp_gain":0,"max_hp_loss":0,"event_name":"The Cleric","floor":2,"gold_loss":0},{"damage_healed":0,"gold_gain":53,"player_choice":"Gained Gold","damage_taken":0,"max_hp_gain":0,"max_hp_loss":0,"event_name":"Golden Wing","floor":4,"gold_loss":0},{"damage_healed":0,"gold_gain":0,"player_choice":"Entered Light","damage_taken":16,"max_hp_gain":0,"max_hp_loss":0,"event_name":"Shining Light","floor":5,"gold_loss":0,"cards_upgraded":["Strike_R","Defend_R"]},{"damage_healed":0,"gold_gain":30,"player_choice":"Searched \u00272\u0027 times","damage_taken":0,"max_hp_gain":0,"max_hp_loss":0,"event_name":"Dead Adventurer","floor":7,"gold_loss":0},{"damage_healed":0,"gold_gain":75,"player_choice":"Touch","damage_taken":8,"max_hp_gain":0,"max_hp_loss":0,"event_name":"FaceTrader","floor":14,"gold_loss":0},{"damage_healed":0,"gold_gain":0,"player_choice":"Opened","damage_taken":0,"relics_obtained":["Juzu Bracelet"],"max_hp_gain":0,"max_hp_loss":0,"event_name":"The Mausoleum","floor":20,"gold_loss":0,"cards_obtained":["Writhe"]},{"damage_healed":0,"gold_gain":0,"player_choice":"Simplicity","damage_taken":0,"max_hp_gain":0,"max_hp_loss":0,"event_name":"Back to Basics","floor":21,"gold_loss":0,"cards_upgraded":["Strike_R","Strike_R","Defend_R","Defend_R"]}],"is_beta":false,"boss_relics":[{"not_picked":["Ectoplasm","Runic Pyramid"],"picked":"Astrolabe"}],"items_purged_floors":[],"is_endless":false,"potions_floor_spawned":[11,12,13,18,19],"killed_by":"Gremlin Leader","ascension_level":0}}