{"host":"f5gffvlv6a66yqkd","time":1610876904,"event":{"mods":["2.2 Compatiblity","Alarm Clock","BaseMod","Colored Map","Custom Start","DeckTracker","Keyboard Shortcuts","Minty Spire (QoL Compilation)","Permanent Neow","Quick Restart","Relic Stats","Replay The Spire","StSLib","SuperFastMode"],"gold_per_floor":[113,113,113,38,38,73,22,52,76,76,76,103,114,126,126,205,205,224,18,28,44,44,44,62,62,62,62,62],"floor_reached":27,"language":"KOR","playtime":673,"items_purged":["Strike_B"],"score":558,"play_id":"6c4d201a-6e80-4e90-9b0f-455786f0c03b","local_time":"20210117184824","is_ascension_mode":true,"campfire_choices":[{"data":"Streamline","floor":11,"key":"SMITH"},{"data":"Dualcast","floor":15,"key":"SMITH"},{"data":"Loop","floor":23,"key":"SMITH"},{"data":"Hologram","floor":25,"key":"SMITH"}],"circlet_count":0,"master_deck":["AscendersBane","Strike_B+1","Strike_B+1","Defend_B","Dualcast+1","BasicCrystalCard","All For One+1","Streamline+1","Turbo","Go for the Eyes","Cold Snap","Coolheaded","Electrodynamics","BootSequence","Glacier","Hologram+1","Loop+1","Gash"],"relics":["Cracked Core","NeowsBlessing","Simple Rune","Girya","Toy Ornithopter","Pen Nib","Empty Cage","Runic Capacitor"],"acts_visited":["Exordium","TheCity"],"potions_floor_usage":[12,12,16,24],"damage_taken":[{"damage":0.0,"enemies":"2 Louse","floor":1.0,"turns":1.0},{"damage":0,"enemies":"3 Sentries","floor":6,"turns":1},{"damage":0,"enemies":"Gremlin Nob","floor":8,"turns":1},{"damage":12,"enemies":"3 Sentries","floor":12,"turns":3},{"damage":0,"enemies":"Small Slimes","floor":13,"turns":2},{"damage":0,"enemies":"Cultist","floor":14,"turns":2},{"damage":2,"enemies":"The Guardian","floor":16,"turns":11},{"damage":27,"enemies":"Shell Parasite","floor":18,"turns":5},{"damage":8,"enemies":"3 Byrds","floor":20,"turns":3},{"damage":10,"enemies":"Centurion and Healer","floor":21,"turns":9},{"damage":2,"enemies":"3 Cultists","floor":24,"turns":3},{"damage":33,"enemies":"Book of Stabbing","floor":27,"turns":7}],"seed_played":"-7875370289850071758","potions_obtained":[{"floor":1.0,"key":"Explosive Potion"},{"floor":10,"key":"LiquidMemories"},{"floor":12,"key":"SpeedPotion"},{"floor":14,"key":"PowerPotion"},{"floor":16,"key":"SpeedPotion"}],"is_trial":false,"path_per_floor":["M","?","?","$","?","E","$","E","T","?","R","E","M","M","R","B",null,"M","$","M","M","?","R","M","R","T","E"],"character_chosen":"DEFECT","items_purchased":["Turbo","Runic Capacitor","Glacier"],"campfire_rested":0,"item_purchase_floors":[7,19,19],"current_hp_per_floor":[64,57,57,57,62,62,62,62,62,62,62,60,60,60,60,63,73,46,46,38,28,28,28,31,31,31,0,0],"gold":62,"neow_bonus":"THREE_ENEMY_KILL","is_daily":false,"chose_seed":false,"campfire_upgraded":4,"win_rate":0.0,"timestamp":1610876904,"path_taken":["M","?","?","$","?","E","$","E","T","?","R","E","?","M","R","BOSS","M","$","M","M","?","R","M","R","T","E"],"items_purchased_type":["Card","Relic","Card"],"build_version":"2020-12-22","purchased_purges":1,"victory":false,"max_hp_per_floor":[71,71,71,71,76,76,76,76,76,76,76,76,76,76,76,76,76,76,76,76,76,76,76,76,76,76,76,76],"relic_stats":{"counters":[12,48],"Pen Nib":[7],"obtain_stats":[{"Girya":8,"NeowsBlessing":0,"Simple Rune":6,"Pen Nib":12,"Runic Capacitor":19,"Cracked Core":0,"Empty Cage":17,"Toy Ornithopter":9},{"Girya":3,"NeowsBlessing":0,"Simple Rune":2,"Pen Nib":4,"Runic Capacitor":8,"Cracked Core":0,"Empty Cage":7,"Toy Ornithopter":3},{"Girya":3,"NeowsBlessing":0,"Simple Rune":2,"Pen Nib":6,"Runic Capacitor":26,"Cracked Core":0,"Empty Cage":21,"Toy Ornithopter":3}],"Toy Ornithopter":20},"card_choices":[{"not_picked":["Time Bomb","Sweeping Beam"],"picked":"BasicCrystalCard","floor":1.0},{"not_picked":["Leap","BasicCrystalCard"],"picked":"Streamline","floor":6},{"not_picked":["Barrage","Ball Lightning"],"picked":"Go for the Eyes","floor":8},{"not_picked":["Redo","Skim"],"picked":"Cold Snap","floor":12},{"not_picked":["Barrage","Redo"],"picked":"Coolheaded","floor":13},{"not_picked":["Go for the Eyes","Double Energy","Stack"],"picked":"SKIP","floor":14},{"not_picked":["Thunder Strike","Creative AI"],"picked":"Electrodynamics","floor":16},{"not_picked":["Capacitor","Cold Snap"],"picked":"BootSequence","floor":18},{"not_picked":["Compile Driver","Storm+1"],"picked":"Hologram","floor":20},{"not_picked":["ReplayGash","ReplaySolidLightProjector","Auto Shields"],"picked":"SKIP","floor":21},{"not_picked":["ReplayTheSpireMod:Reroute Power+1","Glacier"],"picked":"Gash","floor":24}],"player_experience":1582927,"relics_obtained":[{"floor":6,"key":"Simple Rune"},{"floor":8,"key":"Girya"},{"floor":9,"key":"Toy Ornithopter"},{"floor":12,"key":"Pen Nib"}],"event_choices":[{"cards_removed":["Strike_B"],"damage_healed":0.0,"max_hp_gain":0.0,"max_hp_loss":0.0,"gold_gain":0.0,"event_name":"Golden Wing","player_choice":"Card Removal","floor":2.0,"gold_loss":0.0,"damage_taken":7.0},{"damage_healed":0,"gold_gain":0,"player_choice":"Donut","damage_taken":0,"max_hp_gain":5,"max_hp_loss":0,"event_name":"Big Fish","floor":5,"gold_loss":0},{"damage_healed":0,"gold_gain":0,"player_choice":"Got Potions","damage_taken":0,"max_hp_gain":0,"max_hp_loss":0,"event_name":"Lab","floor":10,"gold_loss":0},{"damage_healed":0,"gold_gain":0,"cards_transformed":["Defend_B"],"player_choice":"Transformed","damage_taken":0,"max_hp_gain":0,"max_hp_loss":0,"event_name":"Transmorgrifier","floor":22,"gold_loss":0,"cards_obtained":["Loop"]}],"is_beta":false,"boss_relics":[{"not_picked":["Cursed Key","Philosopher\u0027s Stone"],"picked":"Empty Cage"}],"items_purged_floors":[4],"is_endless":false,"potions_floor_spawned":[1,12,14,16],"killed_by":"Book of Stabbing","ascension_level":20}}