{"host":"5icjlaq41ghjcr7h","time":1610856324,"event":{"mods":["AchievementEnabler","BaseMod","Colored Map","Minty Spire (QoL Compilation)","SuperFastMode","everything is the same but u backflip on backflip"],"gold_per_floor":[14,14,14,29,53,87,87,118,118,83,99,177,177,177],"floor_reached":13,"language":"KOR","playtime":308,"items_purged":[],"score":132,"play_id":"8e13b5f7-dd6d-48a1-9aa4-b2920ce07c82","local_time":"20210117130524","is_ascension_mode":true,"campfire_choices":[{"data":"Sunder","floor":7,"key":"SMITH"}],"circlet_count":0,"master_deck":["Strike_B","Strike_B","Strike_B","Strike_B","Defend_B","Defend_B","Defend_B","Defend_B","Zap","Dualcast","Sunder+1","Leap","White Noise","White Noise"],"relics":["Cracked Core","Golden Idol","Mango","Unceasing Top","Pen Nib","Shovel"],"acts_visited":["Exordium"],"potions_floor_usage":[6,6,6,6,6],"damage_taken":[{"damage":7,"enemies":"Small Slimes","floor":1,"turns":3},{"damage":3,"enemies":"2 Louse","floor":4,"turns":3},{"damage":12,"enemies":"Jaw Worm","floor":5,"turns":2},{"damage":42,"enemies":"3 Sentries","floor":6,"turns":9},{"damage":36,"enemies":"Gremlin Nob","floor":8,"turns":4},{"damage":0,"enemies":"Exordium Wildlife","floor":11,"turns":1},{"damage":35,"enemies":"3 Sentries","floor":13,"turns":6}],"seed_played":"-3712664212547232098","potions_obtained":[{"floor":1,"key":"Ancient Potion"},{"floor":5,"key":"EntropicBrew"}],"is_trial":false,"path_per_floor":["M","?","?","M","M","E","R","E","T","?","M","?","E"],"character_chosen":"DEFECT","items_purchased":[],"campfire_rested":0,"item_purchase_floors":[],"current_hp_per_floor":[82,82,84,81,69,42,42,6,6,30,30,30,0,0],"gold":177,"neow_bonus":"TWENTY_PERCENT_HP_BONUS","is_daily":false,"chose_seed":false,"campfire_upgraded":1,"win_rate":0.0,"timestamp":1610856324,"path_taken":["M","?","?","M","M","E","R","E","T","?","M","?","E"],"items_purchased_type":[],"build_version":"2020-12-22","purchased_purges":0,"victory":false,"max_hp_per_floor":[89,82,96,96,96,96,96,96,96,96,96,96,96,96],"card_choices":[{"not_picked":["Blizzard","Heatsinks","Recycle"],"picked":"SKIP","floor":1},{"not_picked":["Chill","Sweeping Beam"],"picked":"Sunder","floor":4},{"not_picked":["Ball Lightning","Sweeping Beam"],"picked":"Leap","floor":5},{"not_picked":["Scrape","Reinforced Body"],"picked":"White Noise","floor":6},{"not_picked":["Loop","Lockon","Stack"],"picked":"SKIP","floor":8},{"not_picked":["Streamline","Leap"],"picked":"White Noise","floor":11}],"player_experience":131599,"relics_obtained":[{"floor":6,"key":"Unceasing Top"},{"floor":8,"key":"Pen Nib"},{"floor":9,"key":"Shovel"}],"event_choices":[{"damage_healed":0,"gold_gain":0,"player_choice":"Lose Max HP","damage_taken":0,"relics_obtained":["Golden Idol"],"max_hp_gain":0,"max_hp_loss":7,"event_name":"Golden Idol","floor":2,"gold_loss":0},{"damage_healed":0,"gold_gain":0,"player_choice":"Success","damage_taken":12,"relics_obtained":["Mango"],"max_hp_gain":0,"max_hp_loss":0,"event_name":"Scrap Ooze","floor":3,"gold_loss":0},{"damage_healed":24,"gold_gain":0,"player_choice":"Healed","damage_taken":0,"max_hp_gain":0,"max_hp_loss":0,"event_name":"The Cleric","floor":10,"gold_loss":35},{"damage_healed":0,"gold_gain":78,"player_choice":"Gained Gold","damage_taken":0,"max_hp_gain":0,"max_hp_loss":0,"event_name":"Golden Wing","floor":12,"gold_loss":0}],"is_beta":false,"boss_relics":[],"items_purged_floors":[],"is_endless":false,"potions_floor_spawned":[1,5],"killed_by":"3 Sentries","ascension_level":3}}