{"host":"8n2lgrrkrt9pi315","time":1610906144,"event":{"mods":["BaseMod","Colored Map","Downfall","Minty Spire (QoL Compilation)","StSLib","The Cursed"],"gold_per_floor":[99,99,99,118,133,133,133,151,183,183,197,208,208,227,239,239,239,239],"floor_reached":16,"language":"ENG","playtime":680,"items_purged":[],"score":129,"play_id":"57ada603-5ee5-451b-a3f7-5f331b6e7917","local_time":"20210117185544","is_ascension_mode":false,"campfire_choices":[{"data":"Guardian:TwinSlam","floor":1,"key":"SMITH"},{"data":"Guardian:CurlUp","floor":13,"key":"SMITH"}],"circlet_count":0,"master_deck":["Guardian:Strike_Guardian","Guardian:Strike_Guardian","Guardian:Strike_Guardian","Guardian:Defend_Guardian","Guardian:Defend_Guardian","Guardian:Defend_Guardian","Guardian:CurlUp+1","Guardian:TwinSlam+1","Guardian:ChargeCore","Guardian:ExploitGems+1"],"relics":["Guardian:ModeShifter","InkBottle","Letter Opener"],"acts_visited":["Exordium"],"potions_floor_usage":[9,9,9,16],"damage_taken":[{"damage":1,"enemies":"2 Louse","floor":4,"turns":3},{"damage":3,"enemies":"Jaw Worm","floor":5,"turns":4},{"damage":1,"enemies":"Cultist","floor":8,"turns":3},{"damage":12,"enemies":"Lagavulin","floor":9,"turns":7},{"damage":10,"enemies":"Large Slime","floor":11,"turns":5},{"damage":4,"enemies":"Gremlin Gang","floor":12,"turns":3},{"damage":5,"enemies":"Exordium Thugs","floor":14,"turns":3},{"damage":4,"enemies":"Blue Slaver","floor":15,"turns":3},{"damage":35,"enemies":"IC_STATUS_ARCHETYPE","floor":16,"turns":8}],"seed_played":"5999161411587305376","potions_obtained":[{"floor":3,"key":"SkillPotion"},{"floor":3,"key":"DistilledChaos"},{"floor":3,"key":"Ancient Potion"},{"floor":12,"key":"Guardian:AcceleratePotion"},{"floor":14,"key":"PowerPotion"},{"floor":15,"key":"FearPotion"}],"is_trial":false,"path_per_floor":["R","?","?","M","M","?","T","M","E","?","M","M","R","M","M","B"],"character_chosen":"GUARDIAN","items_purchased":[],"campfire_rested":0,"item_purchase_floors":[],"current_hp_per_floor":[72,72,72,71,68,68,68,67,55,55,45,41,41,36,32,0,0,0],"gold":239,"neow_bonus":"TWENTY_PERCENT_HP_BONUS","is_daily":false,"chose_seed":false,"campfire_upgraded":2,"win_rate":0.0,"timestamp":1610906144,"path_taken":["R","?","?","M","?","?","T","M","E","?","M","M","R","M","M","BOSS"],"items_purchased_type":[],"build_version":"2020-12-22","purchased_purges":0,"victory":false,"max_hp_per_floor":[96,96,96,96,96,96,96,96,96,96,96,96,96,96,96,96,96,96],"card_choices":[{"not_picked":["Guardian:BodySlam","Guardian:Recover"],"picked":"Guardian:Gem_White","floor":4},{"not_picked":["Guardian:Gem_Green","Guardian:TemporalShield"],"picked":"Guardian:Gem_White","floor":5},{"not_picked":["Guardian:BronzeArmor","Guardian:Recover","Guardian:EvasiveProtocol"],"picked":"SKIP","floor":8},{"not_picked":["Guardian:TemporalStrike","Guardian:RefractedBeam"],"picked":"Guardian:ExploitGems","floor":9},{"not_picked":["Guardian:Clone","Guardian:ShieldCharger"],"picked":"Guardian:Gem_Blue","floor":11},{"not_picked":["Guardian:Gem_Crimson","Guardian:Gem_Green"],"picked":"Guardian:Gem_Red","floor":12},{"not_picked":["Guardian:SpikerProtocol","Guardian:Planning","Guardian:Suspension"],"picked":"SKIP","floor":14},{"not_picked":["Guardian:WalkerClaw","Guardian:TemporalStrike","Guardian:DonusPower"],"picked":"SKIP","floor":15}],"player_experience":80774,"relics_obtained":[{"floor":7,"key":"InkBottle"},{"floor":9,"key":"Letter Opener"}],"event_choices":[{"damage_healed":0,"gold_gain":0,"player_choice":"Got Potions","damage_taken":0,"max_hp_gain":0,"max_hp_loss":0,"event_name":"Lab","floor":3,"gold_loss":0},{"damage_healed":0,"gold_gain":0,"cards_transformed":["Guardian:Defend_Guardian"],"player_choice":"Change","damage_taken":0,"max_hp_gain":0,"max_hp_loss":0,"event_name":"Living Wall","floor":6,"gold_loss":0,"cards_obtained":["Guardian:ChargeCore"]}],"is_beta":false,"boss_relics":[],"items_purged_floors":[],"is_endless":false,"potions_floor_spawned":[5,12,14,15],"killed_by":"IC_STATUS_ARCHETYPE","ascension_level":0}}