{"host":"c2zlmc1hlq0427cl","time":1610909117,"event":{"mods":["BaseMod","Hermit","Minty Spire (QoL Compilation)","Replay The Spire","StSLib","The Hayseed","The Senshi","The Servant 0.9.4"],"gold_per_floor":[118,174,184,184,195,195,206,231,231,231,243,275,289,324,324,423,423,440,440,455,470,78,104,104,133,160,160,69,69,69,91,103,219,231,261,132,132,132,147,178,194,194,194,209,258,303,337,384,384,414],"floor_reached":51,"language":"ENG","playtime":2952,"items_purged":["Strike_S","Defend_S","Shame"],"score":1065,"play_id":"2a00821f-67c7-4acd-94fa-9c8a6360de22","local_time":"20210117124517","is_ascension_mode":false,"campfire_choices":[{"data":"SilverBlades","floor":6.0,"key":"SMITH"},{"data":"Initiator","floor":15.0,"key":"SMITH"},{"data":"Apotheosis","floor":24,"key":"SMITH"},{"floor":27,"key":"REST"},{"data":"Sunlight","floor":29,"key":"SMITH"},{"data":"Sabotage","floor":32,"key":"SMITH"},{"data":"PendulumOfEternity","floor":42,"key":"SMITH"},{"data":"Madness","floor":49,"key":"SMITH"}],"circlet_count":0,"master_deck":["Strike_S","Defend_S","Defend_S","Defend_S","KidneyShot+1","Exchange","Defy","SurpressingFire","InstantArmor","Spin","SilverBlades+1","Ricochet","Spin","DoubleEdge","Defy","Initiator+1","Sunlight+1","BottledTime+1","Luminosity","InstantArmor+1","Reset+1","Apotheosis+1","Barrier","Rearm+1","BottledTime+1","Flash of Steel","Sabotage+1","PendulumOfEternity+1","SilverBlades+1","Hallucinations","Madness","Madness+1","SpecialFormula+1","Sabotage+1"],"relics":["Uniform","Replay:Bottled Steam","Replay:Ringing Soul","Du-Vu Doll","theSenshi:SpiralHeartMoonRodRelic","Meat on the Bone","SlaversCollar","Membership Card","ReplayFunnel","Question Card","Orichalcum","Simple Rune","MawBank","Replay:Grab Bag","Replay:Bronze Core","ChewingGum","StoneMask","Nunchaku","Ring of Fury","Ring of Chaos","Boot","Quantum Egg","Replay:Towering Pillar of Hats","Replay:Wax Seal","Replay:Bandana"],"acts_visited":["Exordium","TheCity","TheBeyond"],"potions_floor_usage":[25,35,44,50],"damage_taken":[{"damage":1.0,"enemies":"Jaw Worm","floor":1.0,"turns":4.0},{"damage":0.0,"enemies":"Small Slimes","floor":3.0,"turns":3.0},{"damage":0.0,"enemies":"Cultist","floor":5.0,"turns":2.0},{"damage":0.0,"enemies":"3 Louse","floor":7.0,"turns":3.0},{"damage":0.0,"enemies":"3 Sentries","floor":8.0,"turns":4.0},{"damage":0.0,"enemies":"Gremlin Gang","floor":11.0,"turns":3.0},{"damage":18.0,"enemies":"Lagavulin","floor":12.0,"turns":6.0},{"damage":3.0,"enemies":"Large Slime","floor":13.0,"turns":4.0},{"damage":6.0,"enemies":"3 Sentries","floor":14.0,"turns":3.0},{"damage":27.0,"enemies":"Hexaghost","floor":16.0,"turns":10.0},{"damage":13.0,"enemies":"Spheric Guardian","floor":18.0,"turns":4.0},{"damage":13.0,"enemies":"Shell Parasite","floor":20.0,"turns":5.0},{"damage":23.0,"enemies":"Sentry and Sphere","floor":21.0,"turns":4.0},{"damage":0,"enemies":"Gremlin Leader","floor":23,"turns":6},{"damage":0,"enemies":"Book of Stabbing","floor":25,"turns":5},{"damage":0,"enemies":"Snake Plant","floor":31,"turns":3},{"damage":0,"enemies":"Pondfish","floor":33,"turns":10},{"damage":0,"enemies":"3 Darklings","floor":35,"turns":4},{"damage":0,"enemies":"Orb Walker","floor":39,"turns":2},{"damage":0,"enemies":"Nemesis","floor":40,"turns":5},{"damage":0,"enemies":"Sphere and 2 Shapes","floor":41,"turns":3},{"damage":5,"enemies":"Spire Growth","floor":44,"turns":3},{"damage":0,"enemies":"2 Orb Walkers","floor":45,"turns":3},{"damage":0,"enemies":"R_Hoarder","floor":47,"turns":3},{"damage":4,"enemies":"3 Darklings","floor":48,"turns":3},{"damage":39,"enemies":"Replay:Hell Engine","floor":50,"turns":10}],"seed_played":"-3916882540853854619","potions_obtained":[{"floor":8.0,"key":"LifebloodPotion"},{"floor":12.0,"key":"SteroidPotion"},{"floor":13.0,"key":"SpeedPotion"},{"floor":18.0,"key":"AttackPotion"},{"floor":23,"key":"Weak Potion"},{"floor":39,"key":"SpeedPotion"},{"floor":41,"key":"AttackPotion"},{"floor":48,"key":"Strength Potion"}],"is_trial":false,"path_per_floor":["M","?","M","?","M","R","M","E","T","?","M","E","M","E","R","B",null,"M","?","M","M","$","E","R","E","T","R","$","R","?","M","R","B",null,"M","$","?","?","M","E","M","R","T","M","?","T","E","M","R","B",null],"character_chosen":"THE_SERVANT","items_purchased":["Membership Card","Apotheosis","ReplayFunnel","Barrier","Flash of Steel","Nunchaku"],"campfire_rested":1,"item_purchase_floors":[22,22,22,22,28,36],"current_hp_per_floor":[64,48,48,48,48,48,48,51,51,68,68,53,57,60,60,50,80,72,75,67,51,54,59,59,64,64,94,97,97,100,105,105,113,113,117,117,120,108,116,131,134,134,134,134,137,137,138,139,139,106],"gold":414,"neow_bonus":"UPGRADE_CARD","is_daily":false,"chose_seed":false,"campfire_upgraded":7,"win_rate":0.0,"timestamp":1610909117,"path_taken":["M","?","M","?","M","R","?","E","T","?","?","E","M","E","R","BOSS","M","?","M","?","$","E","R","E","T","R","?","R","?","M","R","BOSS","M","$","?","?","M","E","M","R","T","M","?","?","E","?","R","BOSS"],"items_purchased_type":["Relic","Card","Relic","Card","Card","Relic"],"build_version":"2020-12-22","purchased_purges":3,"victory":true,"max_hp_per_floor":[65,65,65,65,65,65,65,68,68,68,68,71,74,77,77,80,80,83,86,89,92,95,98,98,101,101,101,104,104,107,110,110,113,113,117,117,120,123,127,131,134,134,134,135,137,137,138,139,139,141],"card_choices":[{"not_picked":["ShatteredReality","Rewind"],"picked":"Defy","floor":1.0},{"not_picked":["Moondial","BottledTime"],"picked":"SurpressingFire","floor":2.0},{"not_picked":["Misdirection","ShiftingGears"],"picked":"InstantArmor","floor":2.0},{"not_picked":["BottledTime","InstantArmor"],"picked":"Spin","floor":3.0},{"not_picked":["Rearm","WasteNot"],"picked":"SilverBlades","floor":5.0},{"not_picked":["Defy","DualDimension"],"picked":"Ricochet","floor":7.0},{"not_picked":["Shuttle","Solidify"],"picked":"Spin","floor":8.0},{"not_picked":["ShiftingGears","Gouge","WasteNot"],"picked":"SKIP","floor":11.0},{"not_picked":["Ricochet","Moondial"],"picked":"DoubleEdge","floor":12.0},{"not_picked":["SilverBlades","Snipe"],"picked":"Defy","floor":13.0},{"not_picked":["MoonPhase","Hightail"],"picked":"Initiator","floor":14.0},{"not_picked":["Duplication","Dilation"],"picked":"Sunlight","floor":16.0},{"not_picked":["Alleviate","Spin"],"picked":"BottledTime+1","floor":18.0},{"not_picked":["BottledTime","Sabotage"],"picked":"InstantArmor+1","floor":20.0},{"not_picked":["ShatteredReality+1","Spin"],"picked":"Reset+1","floor":21.0},{"not_picked":["Unruled","Embodiment"],"picked":"Rearm+1","floor":23},{"not_picked":["BestPractice","Hightail+1","Rearm"],"picked":"BottledTime+1","floor":25},{"not_picked":["Foresight","FastForward","Starlight"],"picked":"Sabotage","floor":31},{"not_picked":["Solidify","Deny","ForgedInTime"],"picked":"PendulumOfEternity","floor":33},{"not_picked":["Alleviate","Spin+1","TimeWarp+1"],"picked":"SilverBlades+1","floor":35},{"not_picked":["Potential+1","Moondial+1","TheWorld"],"picked":"SpecialFormula+1","floor":39},{"not_picked":["Unruled+1","ReturningBlade","Ricochet"],"picked":"Sabotage+1","floor":40},{"not_picked":["Unruled+1","ShiftingGears","MoonPhase","TimeWarp+1"],"picked":"SKIP","floor":41},{"not_picked":["Revamp","Replace+1","Potential","BottledTime"],"picked":"SKIP","floor":44},{"not_picked":["RealityMarble","TimeWarp+1","BottledTime","ShatteredReality+1"],"picked":"SKIP","floor":47},{"not_picked":["Replace+1","Manipulate","Advance","Alleviate"],"picked":"SKIP","floor":48}],"player_experience":82882,"relics_obtained":[{"floor":2.0,"key":"Replay:Bottled Steam"},{"floor":8.0,"key":"Replay:Ringing Soul"},{"floor":9.0,"key":"Du-Vu Doll"},{"floor":12.0,"key":"theSenshi:SpiralHeartMoonRodRelic"},{"floor":14.0,"key":"Meat on the Bone"},{"floor":23,"key":"Question Card"},{"floor":25,"key":"Orichalcum"},{"floor":26,"key":"Simple Rune"},{"floor":37,"key":"Ring of Fury"},{"floor":37,"key":"Ring of Chaos"},{"floor":40,"key":"Boot"},{"floor":43,"key":"Quantum Egg"},{"floor":45,"key":"Replay:Towering Pillar of Hats"},{"floor":46,"key":"Replay:Wax Seal"},{"floor":47,"key":"Replay:Bandana"}],"event_choices":[{"damage_healed":0.0,"max_hp_gain":0.0,"max_hp_loss":0.0,"gold_gain":0.0,"cards_transformed":["Strike_S"],"event_name":"Transmorgrifier","player_choice":"Transformed","floor":4.0,"gold_loss":0.0,"damage_taken":0.0,"cards_obtained":["StarChef"]},{"cards_removed":["StarChef"],"damage_healed":17.0,"max_hp_gain":0.0,"max_hp_loss":0.0,"gold_gain":0.0,"event_name":"Bonfire Elementals","player_choice":"Offered Uncommon","floor":10.0,"gold_loss":0.0,"damage_taken":0.0},{"damage_healed":0.0,"max_hp_gain":0.0,"max_hp_loss":0.0,"gold_gain":0.0,"cards_transformed":["Strike_S"],"event_name":"Transmorgrifier","player_choice":"Transformed","floor":19.0,"gold_loss":0.0,"damage_taken":0.0,"cards_obtained":["Luminosity"]},{"damage_healed":0,"gold_gain":0,"player_choice":"Stole Relic","damage_taken":0,"relics_obtained":["MawBank"],"max_hp_gain":0,"max_hp_loss":0,"event_name":"Addict","floor":30,"gold_loss":0,"cards_obtained":["Shame"]},{"damage_healed":0,"gold_gain":0,"player_choice":"Embrace Madness","damage_taken":15,"max_hp_gain":0,"max_hp_loss":0,"event_name":"Winding Halls","floor":38,"gold_loss":0,"cards_obtained":["Madness","Madness"]},{"damage_healed":0,"gold_gain":0,"player_choice":"Fight","damage_taken":0,"max_hp_gain":0,"max_hp_loss":0,"event_name":"Mysterious Sphere","floor":45,"gold_loss":0}],"is_beta":false,"boss_relics":[{"not_picked":["ReplayTheSpireMod:DimensionalGlitch","Fusion Hammer"],"picked":"SlaversCollar"},{"not_picked":["SacredBark","Snecko Eye"],"picked":"Replay:Grab Bag"},{"not_picked":["ReplayTheSpireMod:Onyx Gauntlets","Abe\u0027s Treasure"],"picked":"Replay:Bronze Core"},{"not_picked":["Philosopher\u0027s Stone","Sozu"],"picked":"ChewingGum"},{"not_picked":["Empty Cage","Black Star"],"picked":"StoneMask"}],"items_purged_floors":[22,28,36],"is_endless":false,"potions_floor_spawned":[8,12,13,14,18,23,39,41,48],"ascension_level":0}}