{"host":"mdbnki27vzqujy5q","time":1610871726,"event":{"mods":["BaseMod","Better Note","Better Skull","Colored Map","Colored Powertips","DeckTracker","Highlight Path","Minty Spire (QoL Compilation)","Quick Restart","Rare Cards Sparkle","StSLib"],"gold_per_floor":[112,112,112,37,37,37,71,71,71,105,105,115,125,152,152,257,257,273,273,273,285,299,330,342,342,390,147,147,147,159,159,159,261,261,275,290,290,301,312,312,344,344,344],"floor_reached":42,"language":"ENG","playtime":1730,"items_purged":["Defend_B","Defend_B"],"score":534,"play_id":"fd1f688e-a68e-4f31-bd7f-3b2f8ee3d7f6","local_time":"20210117002206","is_ascension_mode":true,"campfire_choices":[{"data":"Doom and Gloom","floor":6.0,"key":"SMITH"},{"floor":8.0,"key":"REST"},{"data":"Sweeping Beam","floor":11.0,"key":"SMITH"},{"floor":15.0,"key":"REST"},{"floor":25.0,"key":"REST"},{"data":"Zap","floor":29.0,"key":"SMITH"},{"floor":32.0,"key":"REST"},{"data":"Fusion","floor":40,"key":"SMITH"}],"circlet_count":0,"master_deck":["Strike_B","Strike_B+1","Strike_B","Defend_B+1","Defend_B","Zap+1","Dualcast","Doom and Gloom+1","Storm","Sweeping Beam+1","Sunder","Conserve Battery","Auto Shields","Echo Form","White Noise+1","FTL","Static Discharge","Fusion+1","Leap","Core Surge","Capacitor","Necronomicurse","Aggregate+1","Coolheaded+1","Reinforced Body+1"],"relics":["FrozenCore","Bag of Preparation","Boot","Bottled Flame","Shuriken","Matryoshka","Sozu","Akabeko","Orichalcum","Strawberry","Oddly Smooth Stone","Necronomicon","Darkstone Periapt"],"acts_visited":["Exordium","TheCity","TheBeyond"],"potions_floor_usage":[39],"damage_taken":[{"damage":10.0,"enemies":"Small Slimes","floor":1.0,"turns":2.0},{"damage":22.0,"enemies":"Lagavulin","floor":7.0,"turns":5.0},{"damage":2.0,"enemies":"Gremlin Nob","floor":10.0,"turns":3.0},{"damage":11.0,"enemies":"Jaw Worm","floor":12.0,"turns":3.0},{"damage":1.0,"enemies":"Cultist","floor":13.0,"turns":3.0},{"damage":11.0,"enemies":"3 Sentries","floor":14.0,"turns":4.0},{"damage":38.0,"enemies":"The Guardian","floor":16.0,"turns":9.0},{"damage":12.0,"enemies":"Chosen","floor":18.0,"turns":4.0},{"damage":8.0,"enemies":"3 Byrds","floor":21.0,"turns":3.0},{"damage":0.0,"enemies":"3 Cultists","floor":22.0,"turns":3.0},{"damage":33.0,"enemies":"Book of Stabbing","floor":23.0,"turns":4.0},{"damage":4.0,"enemies":"Centurion and Healer","floor":24.0,"turns":5.0},{"damage":12.0,"enemies":"Snecko","floor":30.0,"turns":4.0},{"damage":24,"enemies":"Champ","floor":33,"turns":8},{"damage":9,"enemies":"3 Darklings","floor":35,"turns":2},{"damage":0,"enemies":"3 Shapes","floor":36,"turns":1},{"damage":3,"enemies":"3 Darklings","floor":38,"turns":3},{"damage":34,"enemies":"Maw","floor":39,"turns":6},{"damage":24,"enemies":"Nemesis","floor":41,"turns":5},{"damage":19,"enemies":"Jaw Worm Horde","floor":42,"turns":1}],"seed_played":"3336169604533225408","potions_obtained":[{"floor":1.0,"key":"Swift Potion"},{"floor":7.0,"key":"EssenceOfSteel"},{"floor":10.0,"key":"Swift Potion"}],"is_trial":false,"path_per_floor":["M","?","?","$","?","R","E","R","T","E","R","M","M","E","R","B",null,"M","?","?","M","M","E","M","R","T","$","?","R","M","?","R","B",null,"M","M","?","M","M","R","E","M"],"character_chosen":"DEFECT","items_purchased":["Oddly Smooth Stone"],"campfire_rested":4,"item_purchase_floors":[27],"current_hp_per_floor":[65,70,54,54,51,51,29,53,53,51,51,40,39,28,52,14,80,68,68,68,60,60,27,23,47,54,54,54,54,42,26,52,28,87,78,78,78,75,41,41,17,0,0],"gold":344,"neow_bonus":"RANDOM_COMMON_RELIC","is_daily":false,"chose_seed":false,"campfire_upgraded":4,"win_rate":0.0,"timestamp":1610871726,"path_taken":["M","?","?","$","?","R","E","R","T","E","R","M","M","E","R","BOSS","M","?","?","M","?","E","M","R","T","$","?","R","M","?","R","BOSS","M","M","?","M","?","R","E","M"],"items_purchased_type":["Relic"],"build_version":"2020-12-22","purchased_purges":2,"victory":false,"max_hp_per_floor":[75,80,80,80,80,80,80,80,80,80,80,80,80,80,80,80,80,80,80,80,80,80,80,80,80,87,87,87,87,87,87,87,87,87,87,87,87,87,87,87,87,87,87],"card_choices":[{"not_picked":["Undo","Glacier"],"picked":"Doom and Gloom","floor":1.0},{"not_picked":["Reboot","Go for the Eyes"],"picked":"Storm","floor":7.0},{"not_picked":["Scrape","Coolheaded"],"picked":"Sweeping Beam","floor":10.0},{"not_picked":["Darkness","Steam"],"picked":"Sunder","floor":12.0},{"not_picked":["Beam Cell","Force Field"],"picked":"Conserve Battery","floor":13.0},{"not_picked":["Fusion","Blizzard"],"picked":"Auto Shields","floor":14.0},{"not_picked":["All For One","Amplify"],"picked":"Echo Form","floor":16.0},{"not_picked":["Auto Shields","Turbo"],"picked":"White Noise+1","floor":18.0},{"not_picked":["Rip and Tear","Stack+1"],"picked":"Static Discharge","floor":21.0},{"not_picked":["Coolheaded","Melter"],"picked":"Fusion","floor":22.0},{"not_picked":["Sweeping Beam","Rebound"],"picked":"Leap","floor":23.0},{"not_picked":["Rebound","Genetic Algorithm"],"picked":"Core Surge","floor":24.0},{"not_picked":["Gash+1","Steam"],"picked":"Capacitor","floor":30.0},{"not_picked":["Hello World","Steam"],"picked":"Aggregate+1","floor":35},{"not_picked":["Go for the Eyes+1","Sweeping Beam+1","Steam"],"picked":"SKIP","floor":36},{"not_picked":["Turbo+1","Double Energy"],"picked":"Coolheaded+1","floor":38},{"not_picked":["Sunder+1","Hologram+1","Beam Cell"],"picked":"SKIP","floor":39},{"not_picked":["Beam Cell","Chaos+1"],"picked":"Reinforced Body+1","floor":41}],"player_experience":101835,"relics_obtained":[{"floor":7.0,"key":"Bottled Flame"},{"floor":10.0,"key":"Shuriken"},{"floor":14.0,"key":"Matryoshka"},{"floor":23.0,"key":"Akabeko"},{"floor":26.0,"key":"Orichalcum"},{"floor":26.0,"key":"Strawberry"},{"floor":31.0,"key":"Necronomicon"},{"floor":41,"key":"Darkstone Periapt"}],"event_choices":[{"damage_healed":0.0,"max_hp_gain":5.0,"max_hp_loss":0.0,"gold_gain":0.0,"event_name":"Big Fish","player_choice":"Donut","floor":2.0,"gold_loss":0.0,"damage_taken":0.0},{"damage_healed":0.0,"max_hp_gain":0.0,"max_hp_loss":0.0,"gold_gain":0.0,"event_name":"Shining Light","player_choice":"Entered Light","floor":3.0,"gold_loss":0.0,"damage_taken":16.0,"cards_upgraded":["Strike_B","Defend_B"]},{"damage_healed":0.0,"max_hp_gain":0.0,"max_hp_loss":0.0,"gold_gain":0.0,"event_name":"Scrap Ooze","player_choice":"Success","floor":5.0,"gold_loss":0.0,"damage_taken":3.0,"relics_obtained":["Boot"]},{"damage_healed":0.0,"max_hp_gain":0.0,"max_hp_loss":0.0,"gold_gain":0.0,"event_name":"betterNote:BetterNote","player_choice":"Ignored","floor":19.0,"gold_loss":0.0,"damage_taken":0.0,"cards_obtained":["Underhanded Strike"]},{"damage_healed":0.0,"max_hp_gain":0.0,"max_hp_loss":0.0,"gold_gain":0.0,"cards_transformed":["Strike_B"],"event_name":"Transmorgrifier","player_choice":"Transformed","floor":20.0,"gold_loss":0.0,"damage_taken":0.0,"cards_obtained":["FTL"]},{"damage_healed":0.0,"max_hp_gain":0.0,"max_hp_loss":0.0,"gold_gain":0.0,"event_name":"Vampires","player_choice":"Ignored","floor":28.0,"gold_loss":0.0,"damage_taken":0.0},{"damage_healed":0.0,"max_hp_gain":0.0,"max_hp_loss":0.0,"gold_gain":0.0,"event_name":"Cursed Tome","player_choice":"Obtained Book","floor":31.0,"gold_loss":0.0,"damage_taken":16.0},{"damage_healed":0,"gold_gain":0,"player_choice":"Bought 0 Potions","damage_taken":0,"max_hp_gain":0,"max_hp_loss":0,"event_name":"The Woman in Blue","floor":37,"gold_loss":0}],"is_beta":false,"boss_relics":[{"not_picked":["Runic Dome","Fusion Hammer"],"picked":"Sozu"},{"not_picked":["Inserter","Coffee Dripper"],"picked":"FrozenCore"}],"items_purged_floors":[4,27],"is_endless":false,"potions_floor_spawned":[1,7,10,18,21,24,35,39],"killed_by":"Jaw Worm Horde","ascension_level":3}}