{"host":"7tqog9fnhs0gxmti","time":1610873167,"event":{"mods":["AchievementEnabler","Act Like it!","Astrologer","BaseMod","Colored Map","Colored Powertips","Highlight Path","Koishi","Minty Spire (QoL Compilation)","StSLib","The Cursed","everything is the same but u backflip on backflip"],"gold_per_floor":[117,135,135,149,82,82,109,122,176,176,176,192,228,503,503,503,503],"floor_reached":16,"language":"ENG","playtime":629,"items_purged":[],"score":110,"play_id":"aaaa82e2-2abc-4893-ab90-f7e3519032fd","local_time":"20210117164607","is_ascension_mode":false,"campfire_choices":[{"data":"TheCursedMod:Hemoplague","floor":6,"key":"SMITH"},{"data":"TheCursedMod:CollectTribute","floor":15,"key":"SMITH"}],"circlet_count":0,"master_deck":["TheCursedMod:Strike_TheCursed","TheCursedMod:Strike_TheCursed","TheCursedMod:Strike_TheCursed","TheCursedMod:Strike_TheCursed","TheCursedMod:Defend_TheCursed","TheCursedMod:Defend_TheCursed","TheCursedMod:Defend_TheCursed","TheCursedMod:Defend_TheCursed","TheCursedMod:CursedWand","TheCursedMod:CleanUpWorkshop","TheCursedMod:Dregs","TheCursedMod:CursedBoomerang","TheCursedMod:SmokeScreen","TheCursedMod:Hemoplague+1","TheCursedMod:CollectTribute+1","TheCursedMod:Wield","TheCursedMod:CircleOfFlame+1","Injury","Regret","TheCursedMod:AbyssShockwave","TheCursedMod:FleshFromBone+1","Regret"],"relics":["TheCursedMod:BlackMagic101","Toxic Egg 2","Orichalcum","Golden Idol","Nunchaku","Bag of Marbles"],"acts_visited":["Exordium"],"potions_floor_usage":[0,7,12,16],"damage_taken":[{"damage":0,"enemies":"Jaw Worm","floor":1,"turns":4},{"damage":0,"enemies":"Small Slimes","floor":2,"turns":2},{"damage":0,"enemies":"2 Louse","floor":4,"turns":3},{"damage":19,"enemies":"3 Sentries","floor":7,"turns":9},{"damage":1,"enemies":"Large Slime","floor":8,"turns":7},{"damage":0,"enemies":"Gremlin Gang","floor":12,"turns":3},{"damage":22,"enemies":"Lagavulin","floor":13,"turns":6},{"damage":41,"enemies":"Slime Boss","floor":16,"turns":6}],"seed_played":"4896860576091084427","potions_obtained":[{"floor":0,"key":"Block Potion"},{"floor":0,"key":"Fruit Juice"},{"floor":0,"key":"Explosive Potion"},{"floor":2,"key":"LiquidMemories"}],"is_trial":false,"path_per_floor":["M","M","?","M","$","R","E","M","T","?","?","M","E","?","R","B"],"character_chosen":"THE_CURSED","items_purchased":["TheCursedMod:CollectTribute"],"campfire_rested":0,"item_purchase_floors":[5],"current_hp_per_floor":[80,80,80,80,80,80,61,60,60,60,60,60,38,38,38,0,0],"gold":503,"neow_bonus":"THREE_SMALL_POTIONS","is_daily":false,"chose_seed":false,"campfire_upgraded":2,"win_rate":0.0,"timestamp":1610873167,"path_taken":["M","M","?","M","$","R","E","M","T","?","?","M","E","?","R","BOSS"],"items_purchased_type":["Card"],"build_version":"2020-12-22","purchased_purges":0,"victory":false,"max_hp_per_floor":[80,80,80,80,80,80,80,80,80,80,80,80,80,80,80,80,80],"card_choices":[{"not_picked":["TheCursedMod:AshesToAshes","TheCursedMod:CursedMace"],"picked":"TheCursedMod:CursedBoomerang","floor":1},{"not_picked":["TheCursedMod:TacticalStrike","TheCursedMod:Wield"],"picked":"TheCursedMod:SmokeScreen","floor":2},{"not_picked":["TheCursedMod:WearCloak","TheCursedMod:StingEye"],"picked":"TheCursedMod:Hemoplague","floor":4},{"not_picked":["TheCursedMod:Stretching+1","TheCursedMod:FuryStrike"],"picked":"TheCursedMod:Wield","floor":7},{"not_picked":["TheCursedMod:ManaBullet","TheCursedMod:RapidMovement+1"],"picked":"TheCursedMod:CircleOfFlame+1","floor":8},{"not_picked":["TheCursedMod:SpitefulPray+1","TheCursedMod:CircleOfCorruption+1"],"picked":"TheCursedMod:AbyssShockwave","floor":12},{"not_picked":["TheCursedMod:ParallelWorld+1","TheCursedMod:BloodBarrier+1"],"picked":"TheCursedMod:FleshFromBone+1","floor":13}],"player_experience":753582,"relics_obtained":[{"floor":7,"key":"Toxic Egg 2"},{"floor":9,"key":"Orichalcum"},{"floor":13,"key":"Bag of Marbles"}],"event_choices":[{"damage_healed":0,"gold_gain":0,"player_choice":"Leave","damage_taken":0,"max_hp_gain":0,"max_hp_loss":0,"event_name":"The Cleric","floor":3,"gold_loss":0},{"damage_healed":0,"gold_gain":0,"player_choice":"Take Wound","damage_taken":0,"relics_obtained":["Golden Idol"],"max_hp_gain":0,"max_hp_loss":0,"event_name":"Golden Idol","floor":10,"gold_loss":0,"cards_obtained":["Injury"]},{"damage_healed":0,"gold_gain":0,"player_choice":"Box","damage_taken":0,"relics_obtained":["Nunchaku"],"max_hp_gain":0,"max_hp_loss":0,"event_name":"Big Fish","floor":11,"gold_loss":0,"cards_obtained":["Regret"]},{"damage_healed":0,"gold_gain":275,"player_choice":"Desecrate","damage_taken":0,"max_hp_gain":0,"max_hp_loss":0,"event_name":"Golden Shrine","floor":14,"gold_loss":0,"cards_obtained":["Regret"]}],"is_beta":false,"boss_relics":[],"items_purged_floors":[],"is_endless":false,"potions_floor_spawned":[2,4],"killed_by":"Slime Boss","ascension_level":0}}