{"host":"f5gffvlv6a66yqkd","time":1610871527,"event":{"mods":["2.2 Compatiblity","Alarm Clock","BaseMod","Colored Map","Custom Start","DeckTracker","Keyboard Shortcuts","Minty Spire (QoL Compilation)","Permanent Neow","Quick Restart","Relic Stats","Replay The Spire","StSLib","SuperFastMode"],"gold_per_floor":[113,113,129,147,166,166,185,185,185,185,205,218,218,232,232,311,311,326,326,346,396,396,396],"floor_reached":22,"language":"KOR","playtime":613,"items_purged":[],"score":360,"play_id":"9810a1cc-ee44-4607-9c27-aaaa62c83e09","local_time":"20210117171847","is_ascension_mode":true,"campfire_choices":[{"data":"Zap","floor":6.0,"key":"SMITH"},{"data":"Dualcast","floor":10.0,"key":"SMITH"},{"floor":13.0,"key":"REST"},{"data":"BasicCrystalCard","floor":15.0,"key":"SMITH"}],"circlet_count":0,"master_deck":["AscendersBane","Strike_B+1","Strike_B+1","Defend_B","Defend_B","Defend_B","Defend_B","Zap+1","Dualcast+1","Cold Snap","Glacier","Ball Lightning","Melter","Compile Driver","Crystallizer","BasicCrystalCard+1","Biased Cognition","Redo"],"relics":["Cracked Core","Unceasing Top","The Courier","Empty Cage"],"acts_visited":["Exordium","TheCity"],"potions_floor_usage":[22],"damage_taken":[{"damage":2.0,"enemies":"Jaw Worm","floor":1.0,"turns":3.0},{"damage":1.0,"enemies":"Cultist","floor":3.0,"turns":4.0},{"damage":0.0,"enemies":"2 Louse","floor":4.0,"turns":1.0},{"damage":0.0,"enemies":"2 Fungi Beasts","floor":5.0,"turns":4.0},{"damage":11.0,"enemies":"Exordium Wildlife","floor":7.0,"turns":4.0},{"damage":13.0,"enemies":"Large Slime","floor":11.0,"turns":4.0},{"damage":5.0,"enemies":"Looter","floor":12.0,"turns":3.0},{"damage":0.0,"enemies":"Exordium Wildlife","floor":14.0,"turns":3.0},{"damage":25.0,"enemies":"Slime Boss","floor":16.0,"turns":10.0},{"damage":11.0,"enemies":"Spheric Guardian","floor":18.0,"turns":4.0},{"damage":20,"enemies":"2 Thieves","floor":20,"turns":5},{"damage":22,"enemies":"Masked Bandits","floor":22,"turns":2}],"seed_played":"7040141056914647038","potions_obtained":[{"floor":1.0,"key":"BlessingOfTheForge"},{"floor":2.0,"key":"Swift Potion"},{"floor":2.0,"key":"FocusPotion"},{"floor":16.0,"key":"Death Potion"},{"floor":18.0,"key":"Fire Potion"}],"is_trial":false,"path_per_floor":["M","?","M","M","M","R","M","?","T","R","M","M","R","M","R","B",null,"M","?","M","?","?"],"character_chosen":"DEFECT","items_purchased":[],"campfire_rested":1,"item_purchase_floors":[],"current_hp_per_floor":[62,62,61,61,61,61,50,31,31,31,18,13,32,32,32,7,50,39,39,19,19,0,0],"gold":396,"neow_bonus":"ONE_RARE_RELIC","is_daily":false,"chose_seed":false,"campfire_upgraded":3,"win_rate":0.0,"timestamp":1610871527,"path_taken":["M","?","M","M","M","R","?","?","T","R","M","M","R","M","R","BOSS","M","?","M","?","?"],"items_purchased_type":[],"build_version":"2020-12-22","purchased_purges":0,"victory":false,"max_hp_per_floor":[64,64,64,64,64,64,64,64,64,64,64,64,64,64,64,64,64,64,64,64,64,64,64],"relic_stats":{"counters":[12,47],"obtain_stats":[{"The Courier":9,"Cracked Core":0,"Empty Cage":17,"Unceasing Top":0},{"The Courier":5,"Cracked Core":0,"Empty Cage":9,"Unceasing Top":0},{"The Courier":16,"Cracked Core":0,"Empty Cage":36,"Unceasing Top":0}],"Unceasing Top":[2]},"card_choices":[{"not_picked":["Heatsinks","Streamline"],"picked":"Cold Snap","floor":1.0},{"not_picked":["Hello World","Beam Cell"],"picked":"Glacier","floor":3.0},{"not_picked":["Consume","Barrage"],"picked":"Ball Lightning","floor":4.0},{"not_picked":["Scrape","Reinforced Body"],"picked":"Melter","floor":5.0},{"not_picked":["Heatsinks","Chill"],"picked":"Compile Driver","floor":7.0},{"not_picked":["Ball Lightning","Steam"],"picked":"Crystallizer","floor":11.0},{"not_picked":["ReplayTheSpireMod:Reroute Power","Stack","ReplayTheSpireMod:Repulse"],"picked":"SKIP","floor":12.0},{"not_picked":["Recycle","Conserve Battery"],"picked":"BasicCrystalCard","floor":14.0},{"not_picked":["All For One","Echo Form"],"picked":"Biased Cognition","floor":16.0},{"not_picked":["Gash","Sweeping Beam"],"picked":"Redo","floor":18.0},{"not_picked":["Redo","Beam Cell","Rebound"],"picked":"SKIP","floor":20}],"player_experience":1578109,"relics_obtained":[{"floor":9.0,"key":"The Courier"}],"event_choices":[{"damage_healed":0.0,"max_hp_gain":0.0,"max_hp_loss":0.0,"gold_gain":0.0,"event_name":"Lab","player_choice":"Got Potions","floor":2.0,"gold_loss":0.0,"damage_taken":0.0},{"damage_healed":0.0,"max_hp_gain":0.0,"max_hp_loss":0.0,"gold_gain":0.0,"event_name":"Shining Light","player_choice":"Entered Light","floor":8.0,"gold_loss":0.0,"damage_taken":19.0,"cards_upgraded":["Strike_B","Strike_B"]},{"damage_healed":0.0,"max_hp_gain":0.0,"max_hp_loss":0.0,"gold_gain":0.0,"event_name":"Cursed Tome","player_choice":"Ignored","floor":19.0,"gold_loss":0.0,"damage_taken":0.0},{"damage_healed":0,"gold_gain":50,"player_choice":"Stole From Cult","damage_taken":0,"max_hp_gain":0,"max_hp_loss":0,"event_name":"Nest","floor":21,"gold_loss":0},{"damage_healed":0,"gold_gain":0,"player_choice":"Fought Bandits","damage_taken":0,"max_hp_gain":0,"max_hp_loss":0,"event_name":"Masked Bandits","floor":22,"gold_loss":0}],"is_beta":false,"boss_relics":[{"not_picked":["ReplayTheSpireMod:DimensionalGlitch","Snecko Eye"],"picked":"Empty Cage"}],"items_purged_floors":[],"is_endless":false,"potions_floor_spawned":[1,4,11,16,18],"killed_by":"Masked Bandits","ascension_level":20}}