{"host":"lh9qfzqeqctr28d2","time":1610871147,"event":{"mods":["BaseMod","CapriCore","Luminous","Minty Spire (QoL Compilation)","Quick Restart","Relic Stats","Remilia£®¿Ÿ√◊¿Ú—«£©","StSLib","Yakumo Yukari mod"],"gold_per_floor":[113,124,124,189,189,215,215,242,242,277,295,306,335,352,352,457,457,473,573,246,246,89,118,164,164,164],"floor_reached":25,"language":"ZHS","playtime":742,"items_purged":[],"score":354,"play_id":"43d8e96a-81fa-4b13-b716-fb64aaaf1b39","local_time":"20210117161227","is_ascension_mode":true,"campfire_choices":[{"data":"ScarletImprint","floor":7,"key":"SMITH"},{"floor":15,"key":"REST"}],"circlet_count":0,"master_deck":["Strike_RM","Strike_RM","Strike_RM","Defend_RM","Defend_RM","Defend_RM","Defend_RM","RedMoon","ScarletShoot+1","EndlessAdversity+1","Stigmanizer","MastersStateliness","ScarletImprint+1","MastersStateliness","RedRainbow","BombardNight","Stigmanizer","BombardNight","BloodySeventeenLaser","VampireKiss+1","ScarletNetherworld","RedRainbow","RedRainbow+1","StarOfDavid+1","FitfulNightmare","ScarletImprint+1","UnstableMagic"],"relics":["ScarletHat","NeowsBlessing","Gambling Chip","Boot","Bottled Flame","Smiling Mask","Ancient Tea Set","SlaversCollar","Shuriken","Nilry\u0027s Codex","Orrery","Molten Egg 2","Pen Nib"],"acts_visited":["Exordium","TheCity"],"potions_floor_usage":[18,18,18,18,18,25],"damage_taken":[{"damage":0,"enemies":"Small Slimes","floor":1,"turns":1},{"damage":0,"enemies":"2 Louse","floor":2,"turns":1},{"damage":0,"enemies":"Lagavulin","floor":6,"turns":1},{"damage":4,"enemies":"3 Sentries","floor":8,"turns":5},{"damage":12,"enemies":"Gremlin Nob","floor":10,"turns":4},{"damage":0,"enemies":"Cultist","floor":11,"turns":2},{"damage":5,"enemies":"Looter","floor":12,"turns":2},{"damage":5,"enemies":"Lagavulin","floor":13,"turns":5},{"damage":0,"enemies":"Exordium Thugs","floor":14,"turns":1},{"damage":28,"enemies":"Slime Boss","floor":16,"turns":6},{"damage":0,"enemies":"3 Byrds","floor":18,"turns":1},{"damage":6,"enemies":"Book of Stabbing","floor":23,"turns":3},{"damage":0,"enemies":"Gremlin Leader","floor":25,"turns":1}],"seed_played":"-747177724150364527","potions_obtained":[{"floor":2,"key":"Explosive Potion"},{"floor":10,"key":"Swift Potion"},{"floor":13,"key":"EntropicBrew"},{"floor":14,"key":"LiquidMemories"},{"floor":18,"key":"Energy Potion"}],"is_trial":false,"path_per_floor":["M","M","?","?","?","E","R","E","T","E","M","M","E","M","R","B",null,"M","?","$","?","$","E","T","E"],"character_chosen":"REMILIA","items_purchased":["ScarletNetherworld","Shuriken","Orrery"],"campfire_rested":1,"item_purchase_floors":[20,20,22],"current_hp_per_floor":[68,68,53,53,53,53,53,49,49,39,39,36,38,38,60,37,66,66,66,66,50,50,51,51,51,51],"gold":164,"neow_bonus":"THREE_ENEMY_KILL","is_daily":false,"chose_seed":false,"campfire_upgraded":1,"win_rate":0.0,"timestamp":1610871147,"path_taken":["M","M","?","?","?","E","R","E","T","E","M","?","E","M","R","BOSS","M","?","?","?","$","E","?","E"],"items_purchased_type":["Card","Relic","Relic"],"build_version":"2020-12-22","purchased_purges":0,"victory":false,"max_hp_per_floor":[75,75,75,75,75,75,75,75,75,75,75,75,75,75,75,75,75,75,75,75,75,75,75,75,75,75],"relic_stats":{"counters":[13,33],"Shuriken":[2],"Gambling Chip":[25],"Pen Nib":[0],"Boot":[164],"Smiling Mask":0,"obtain_stats":[{"NeowsBlessing":0,"Nilry\u0027s Codex":21,"Pen Nib":24,"Boot":8,"Smiling Mask":10,"Ancient Tea Set":13,"ScarletHat":0,"SlaversCollar":17,"Bottled Flame":9,"Shuriken":20,"Gambling Chip":6,"Orrery":22,"Molten Egg 2":23},{"NeowsBlessing":0,"Nilry\u0027s Codex":11,"Pen Nib":12,"Boot":4,"Smiling Mask":5,"Ancient Tea Set":8,"ScarletHat":0,"SlaversCollar":10,"Bottled Flame":4,"Shuriken":11,"Gambling Chip":3,"Orrery":11,"Molten Egg 2":12},{"NeowsBlessing":0,"Nilry\u0027s Codex":29,"Pen Nib":32,"Boot":8,"Smiling Mask":12,"Ancient Tea Set":21,"ScarletHat":0,"SlaversCollar":28,"Bottled Flame":8,"Shuriken":29,"Gambling Chip":3,"Orrery":29,"Molten Egg 2":32}]},"card_choices":[{"not_picked":["Stigmanizer","EternalNight"],"picked":"EndlessAdversity","floor":1},{"not_picked":["EternalNight","EndlessAdversity"],"picked":"Stigmanizer","floor":1},{"not_picked":["GlobalNightmare","RedRainbow"],"picked":"MastersStateliness","floor":2},{"not_picked":["ChainGang","DiffusionOfMisfortune"],"picked":"ScarletImprint","floor":6},{"not_picked":["BloodyTrap","EndlessAdversity"],"picked":"MastersStateliness","floor":8},{"not_picked":["NightDance","ChaoticDestiny"],"picked":"RedRainbow","floor":10},{"not_picked":["ScarletDream","DiffusionOfMisfortune"],"picked":"BombardNight","floor":11},{"not_picked":["NightDance","ScarletDevil","UnderTheZenith"],"picked":"SKIP","floor":12},{"not_picked":["UltimateOffering","CharismaGuard"],"picked":"Stigmanizer","floor":13},{"not_picked":["CharismaGuard","NightDance"],"picked":"BombardNight","floor":14},{"not_picked":["EquivalentExchange","ScarletMeister"],"picked":"BloodySeventeenLaser","floor":16},{"not_picked":["ScarletDevilSign","BombardNight"],"picked":"VampireKiss+1","floor":18},{"not_picked":["BadLadyScramble","ForbiddenFruit"],"picked":"RedRainbow","floor":22},{"not_picked":["Stigmanizer","StarOfDavid"],"picked":"RedRainbow+1","floor":22},{"not_picked":["ScarletImprint","KillingBlow"],"picked":"StarOfDavid+1","floor":22},{"not_picked":["VampireFantasy","RedNightlessCastle"],"picked":"FitfulNightmare","floor":22},{"not_picked":["Maim","StarOfDavid"],"picked":"ScarletImprint+1","floor":22},{"not_picked":["UltimateOffering+1","ForbiddenFruit"],"picked":"UnstableMagic","floor":23}],"player_experience":385805,"relics_obtained":[{"floor":6,"key":"Gambling Chip"},{"floor":8,"key":"Boot"},{"floor":9,"key":"Bottled Flame"},{"floor":10,"key":"Smiling Mask"},{"floor":13,"key":"Ancient Tea Set"},{"floor":21,"key":"Nilry\u0027s Codex"},{"floor":23,"key":"Molten Egg 2"},{"floor":24,"key":"Pen Nib"}],"event_choices":[{"damage_healed":0,"gold_gain":0,"player_choice":"Entered Light","damage_taken":15,"max_hp_gain":0,"max_hp_loss":0,"event_name":"Shining Light","floor":3,"gold_loss":0,"cards_upgraded":["ScarletShoot","EndlessAdversity"]},{"damage_healed":0,"gold_gain":65,"player_choice":"Gained Gold","damage_taken":0,"max_hp_gain":0,"max_hp_loss":0,"event_name":"Golden Wing","floor":4,"gold_loss":0},{"cards_removed":["Strike_RM"],"damage_healed":0,"gold_gain":0,"player_choice":"Offered Basic","damage_taken":0,"max_hp_gain":0,"max_hp_loss":0,"event_name":"Bonfire Elementals","floor":5,"gold_loss":0},{"damage_healed":0,"gold_gain":100,"player_choice":"Pray","damage_taken":0,"max_hp_gain":0,"max_hp_loss":0,"event_name":"Golden Shrine","floor":19,"gold_loss":0},{"damage_healed":0,"gold_gain":0,"player_choice":"Obtained Book","damage_taken":16,"max_hp_gain":0,"max_hp_loss":0,"event_name":"Cursed Tome","floor":21,"gold_loss":0}],"is_beta":false,"boss_relics":[{"not_picked":["Velvet Choker","Philosopher\u0027s Stone"],"picked":"SlaversCollar"}],"items_purged_floors":[],"is_endless":false,"potions_floor_spawned":[2,10,13,14,18],"killed_by":"Gremlin Leader","ascension_level":6}}