{"host":"usrgk25etjl0nf5i","time":1610867127,"event":{"mods":["2.2 Compatiblity","BaseMod","Downfall","Hubris","Minty Spire (QoL Compilation)","StSLib","SuperFastMode"],"gold_per_floor":[99,116,130,23,23,55,108,108,135,149,49,69,95,80,100,198,198,198,216,232,251,45,77,77,91,41,51,64,64,64,95,115,214,214,214,232,232,232,244,262,344,373,373,76,76,108,8,19,34,34],"floor_reached":51,"language":"ENG","playtime":2106,"items_purged":[],"score":899,"play_id":"13651378-d976-446d-af66-0d2d7603c10f","local_time":"20210116230527","is_ascension_mode":false,"campfire_choices":[{"data":"bronze:Goto","floor":1,"key":"SMITH"},{"floor":11,"key":"REST"},{"data":"bronze:Fortify","floor":18,"key":"SMITH"},{"floor":35,"key":"RECALL"},{"data":"bronze:Boost","floor":47,"key":"SMITH"}],"circlet_count":0,"master_deck":["bronze:Strike","bronze:Strike","bronze:Strike","bronze:Strike","bronze:Defend","bronze:Defend","bronze:Defend","bronze:Defend","bronze:Replicate","bronze:Goto+1","bronze:Backtrace","bronze:Iterate","bronze:Fortify+1","Bandage Up","bronze:Invalidate","bronze:Repulsor","bronze:HyperBeam","bronze:Backtrace","bronze:Boost+1","bronze:HyperBeam","bronze:Turbo","bronze:HardenedForm+1","bronze:WhirlingStrike+1","bronze:Return+1","bronze:BugBarrage+1","bronze:Overheat+1","bronze:MaxOutput","bronze:ItsAFeature+1","bronze:DelayedGuard+1","bronze:Overheat","bronze:FineTuning+1","bronze:ClassDefault","bronze:ThunderWave","bronze:DigitalCarnage+1","expansioncontent:PolyBeam","expansioncontent:PolyBeam","expansioncontent:PrepareCrush","bronze:BronzeOrb+1","bronze:FollowUp","bronze:DigitalCarnage+1","bronze:ThunderWave","bronze:MaxOutput","bronze:FollowUp+1","bronze:BugBarrage+1","bronze:HyperBeam","bronze:CloningBeam+1","bronze:Repair+1","bronze:Iterate+1","bronze:Shield+1","bronze:Repair+1"],"relics":["bronze:BronzeCore","Letter Opener","Pen Nib","Lizard Tail","Torii","downfall:HeartBlessingGreen","Darkstone Periapt","hubris:BlackHole","hexamod:BolsterEngine","StrikeDummy","hubris:GlazedTorus","MutagenicStrength","Red Mask","expansioncontent:StudyCardRelic","hubris:BottledRain","PreservedInsect","hubris:SlimyHat","Turnip","Orrery","Strawberry","downfall:HeartBlessingRed"],"acts_visited":["Exordium","TheCity","TheBeyond"],"potions_floor_usage":[9,13,16,23,23,50,50],"damage_taken":[{"damage":8,"enemies":"2 Louse","floor":2,"turns":4},{"damage":5,"enemies":"Small Slimes","floor":3,"turns":2},{"damage":0,"enemies":"downfall:FleeingMerchant","floor":4,"turns":4},{"damage":32,"enemies":"3 Sentries","floor":6,"turns":10},{"damage":17,"enemies":"Gremlin Nob","floor":9,"turns":4},{"damage":6,"enemies":"Jaw Worm","floor":10,"turns":2},{"damage":1,"enemies":"3 Louse","floor":12,"turns":3},{"damage":18,"enemies":"Lagavulin","floor":13,"turns":4},{"damage":7,"enemies":"downfall:FleeingMerchant","floor":14,"turns":4},{"damage":0,"enemies":"Exordium Wildlife","floor":15,"turns":3},{"damage":26,"enemies":"WA_ARCHETYPE_RETAIN","floor":16,"turns":6},{"damage":16,"enemies":"Shell Parasite","floor":19,"turns":4},{"damage":10,"enemies":"3 Byrds","floor":20,"turns":4},{"damage":0,"enemies":"Snake Plant","floor":21,"turns":2},{"damage":3,"enemies":"downfall:FleeingMerchant","floor":22,"turns":4},{"damage":18,"enemies":"Book of Stabbing","floor":23,"turns":4},{"damage":0,"enemies":"Shelled Parasite and Fungi","floor":25,"turns":2},{"damage":0,"enemies":"Cultist and Chosen","floor":27,"turns":2},{"damage":6,"enemies":"3 Cultists","floor":28,"turns":3},{"damage":3,"enemies":"Masked Bandits","floor":31,"turns":2},{"damage":19,"enemies":"Shelled Parasite and Fungi","floor":32,"turns":3},{"damage":11,"enemies":"IC_MUSHROOM_ARCHETYPE","floor":33,"turns":5},{"damage":0,"enemies":"Orb Walker","floor":36,"turns":1},{"damage":8,"enemies":"3 Shapes","floor":39,"turns":2},{"damage":0,"enemies":"Writhing Mass","floor":40,"turns":1},{"damage":45,"enemies":"Nemesis","floor":42,"turns":5},{"damage":0,"enemies":"downfall:FleeingMerchant","floor":44,"turns":2},{"damage":0,"enemies":"Reptomancer","floor":46,"turns":3},{"damage":0,"enemies":"Transient","floor":48,"turns":5},{"damage":6,"enemies":"4 Shapes","floor":49,"turns":3},{"damage":1,"enemies":"DF_ARCHETYPE_ORBS","floor":50,"turns":4}],"seed_played":"7423144464617708123","potions_obtained":[{"floor":6,"key":"SteroidPotion"},{"floor":10,"key":"Strength Potion"},{"floor":13,"key":"PowerPotion"},{"floor":16,"key":"EssenceOfSteel"},{"floor":19,"key":"SkillPotion"},{"floor":20,"key":"bronze:BuildAFunctionPotion"},{"floor":23,"key":"bronze:CleanCodePotion"},{"floor":27,"key":"Strength Potion"}],"is_trial":false,"path_per_floor":["R","M","M","$","?","E","T","?","E","M","R","M","E","$","M","B",null,"R","M","M","M","$","E","T","M","?","M","M","?","?","?","M","B",null,"R","M","?","?","M","M","T","E","?","$","?","E","R","M","M","B",null],"character_chosen":"THE_AUTOMATON","items_purchased":["Bandage Up","hexamod:BolsterEngine","bronze:MaxOutput","hubris:SlimyHat","bronze:MaxOutput","Turnip","Orrery"],"campfire_rested":1,"item_purchase_floors":[4,22,22,44,44,44,44],"current_hp_per_floor":[77,69,64,64,64,36,36,36,23,21,44,43,29,26,30,8,77,77,61,55,55,56,42,42,42,71,71,65,65,65,62,43,36,77,77,77,67,67,59,59,59,18,87,87,87,94,94,94,88,93],"gold":34,"neow_bonus":"TEN_PERCENT_HP_BONUS","is_daily":false,"chose_seed":false,"campfire_upgraded":3,"win_rate":0.0,"timestamp":1610867127,"path_taken":["R","M","M","$","?","E","T","?","E","M","R","M","E","$","M","BOSS","R","M","M","M","$","E","T","M","?","M","M","?","?","?","M","BOSS","R","M","?","?","?","M","T","E","?","$","?","E","R","M","M","BOSS"],"items_purchased_type":["Card","Relic","Card","Relic","Card","Relic","Relic"],"build_version":"2020-12-22","purchased_purges":0,"victory":true,"max_hp_per_floor":[77,77,77,77,77,77,77,77,77,77,77,77,77,77,77,77,77,77,77,77,77,77,77,77,77,77,77,77,77,77,77,77,77,77,77,77,77,77,77,77,77,77,87,87,87,94,94,94,94,94],"card_choices":[{"not_picked":["bronze:DelayedSlice","bronze:Turbo"],"picked":"bronze:Backtrace","floor":2},{"not_picked":["bronze:BitShift","bronze:Philosophize"],"picked":"bronze:Iterate","floor":3},{"not_picked":["bronze:ClassDefault","bronze:Overheat"],"picked":"bronze:Fortify","floor":4},{"not_picked":["bronze:CloningBeam","bronze:FineTuning"],"picked":"bronze:Invalidate","floor":6},{"not_picked":["bronze:BitShift","bronze:ForLoop"],"picked":"bronze:Repulsor","floor":9},{"not_picked":["bronze:FineTuning","bronze:Shield"],"picked":"bronze:HyperBeam","floor":10},{"not_picked":["bronze:GetLatest","bronze:CloningBeam"],"picked":"bronze:Backtrace","floor":12},{"not_picked":["bronze:GetLatest","bronze:Return"],"picked":"bronze:Boost","floor":13},{"not_picked":["bronze:Overheat","bronze:BuggyMess"],"picked":"bronze:HyperBeam","floor":14},{"not_picked":["bronze:DigitalCarnage","bronze:Overload"],"picked":"bronze:Turbo","floor":15},{"not_picked":["bronze:Assembly","bronze:SpaghettiCode"],"picked":"bronze:HardenedForm","floor":16},{"not_picked":["bronze:OilSpill","bronze:BitShift"],"picked":"bronze:WhirlingStrike+1","floor":19},{"not_picked":["bronze:Deprecate","bronze:DelayedGuard+1"],"picked":"bronze:Return+1","floor":20},{"not_picked":["bronze:ChildClass","bronze:Frontload+1"],"picked":"bronze:BugBarrage+1","floor":21},{"not_picked":["bronze:Branch+1","bronze:ShipIt"],"picked":"bronze:Overheat+1","floor":22},{"not_picked":["bronze:BitShift+1","bronze:Overload"],"picked":"bronze:ItsAFeature+1","floor":23},{"not_picked":["bronze:DelayedSlice","bronze:Invalidate+1"],"picked":"bronze:DelayedGuard+1","floor":25},{"not_picked":["bronze:Invalidate","bronze:CutThrough"],"picked":"bronze:Overheat","floor":27},{"not_picked":["bronze:DelayedGuard","bronze:Iterate"],"picked":"bronze:FineTuning+1","floor":28},{"not_picked":["bronze:FollowUp","bronze:BitShift"],"picked":"bronze:ClassDefault","floor":31},{"not_picked":["bronze:ClassDefault","bronze:Optimize"],"picked":"bronze:CleanCode","floor":32},{"not_picked":["bronze:Format","bronze:HardenedForm"],"picked":"bronze:ThunderWave","floor":33},{"not_picked":["bronze:ForLoop+1","bronze:CloningBeam+1"],"picked":"bronze:DigitalCarnage+1","floor":36},{"not_picked":["expansioncontent:AwakenDeath","expansioncontent:GuardianWhirl"],"picked":"expansioncontent:PolyBeam","floor":37},{"not_picked":["expansioncontent:GuardianWhirl","expansioncontent:AwakenDeath"],"picked":"expansioncontent:PolyBeam","floor":37},{"not_picked":["expansioncontent:Hexaburn","expansioncontent:PolyBeam"],"picked":"expansioncontent:PrepareCrush","floor":37},{"not_picked":["bronze:Philosophize","bronze:DelayedSlice+1"],"picked":"bronze:BronzeOrb+1","floor":39},{"not_picked":["bronze:Deprecate+1","bronze:Overheat+1"],"picked":"bronze:FollowUp","floor":40},{"not_picked":["bronze:NullPointer","bronze:CutThrough"],"picked":"bronze:DigitalCarnage+1","floor":42},{"not_picked":["bronze:DelayedSlice","bronze:Backtrace"],"picked":"bronze:ThunderWave","floor":44},{"not_picked":["bronze:BugBarrage","bronze:GetLatest"],"picked":"bronze:FollowUp+1","floor":44},{"not_picked":["bronze:WhirlingStrike","bronze:DelayedSlice"],"picked":"bronze:BugBarrage+1","floor":44},{"not_picked":["bronze:Deprecate+1","bronze:DelayedSlice+1"],"picked":"bronze:HyperBeam","floor":44},{"not_picked":["bronze:ForLoop+1","bronze:Optimize+1"],"picked":"bronze:CloningBeam+1","floor":44},{"not_picked":["bronze:Shield+1","bronze:BugBarrage"],"picked":"bronze:Repair+1","floor":44},{"not_picked":["bronze:DelayedSlice","bronze:Deprecate+1"],"picked":"bronze:Iterate+1","floor":46},{"not_picked":["bronze:OilSpill+1","bronze:Return+1"],"picked":"bronze:Shield+1","floor":48},{"not_picked":["bronze:Fortify+1","bronze:CloningBeam"],"picked":"bronze:Repair+1","floor":49}],"player_experience":646773,"relics_obtained":[{"floor":6,"key":"Letter Opener"},{"floor":7,"key":"Pen Nib"},{"floor":9,"key":"Torii"},{"floor":13,"key":"Darkstone Periapt"},{"floor":23,"key":"StrikeDummy"},{"floor":24,"key":"hubris:GlazedTorus"},{"floor":31,"key":"Red Mask"},{"floor":41,"key":"hubris:BottledRain"},{"floor":42,"key":"PreservedInsect"},{"floor":46,"key":"Strawberry"}],"event_choices":[{"damage_healed":0,"gold_gain":0,"player_choice":"Box","damage_taken":0,"relics_obtained":["Lizard Tail"],"max_hp_gain":0,"max_hp_loss":0,"event_name":"Big Fish","floor":8,"gold_loss":0,"cards_obtained":["Regret"]},{"damage_healed":0,"gold_gain":0,"player_choice":"Inject Mutagens","damage_taken":0,"relics_obtained":["MutagenicStrength"],"max_hp_gain":0,"max_hp_loss":0,"event_name":"Drug Dealer","floor":30,"gold_loss":0},{"damage_healed":0,"gold_gain":0,"player_choice":"Fought Bandits","damage_taken":0,"max_hp_gain":0,"max_hp_loss":0,"event_name":"Masked Bandits","floor":31,"gold_loss":0}],"is_beta":false,"boss_relics":[{"not_picked":["hubris:RunicObelisk","hubris:CrackedHourglass"],"picked":"hubris:BlackHole"},{"not_picked":["Astrolabe","Busted Crown"],"picked":"expansioncontent:StudyCardRelic"}],"items_purged_floors":[],"is_endless":false,"potions_floor_spawned":[6,10,13,16,19,20,23,27,31,33,39,42],"ascension_level":0}}