{"host":"08z5bj28eube4vug","time":1610859209,"event":{"mods":["2.2 Compatiblity","Abigail Mod","Act Like it!","BaseMod","Beaked The Cultist","Bestiary","Friendly Minions","Gensokyo","GungeonMod","Hallownest","Kiyohime????","Koishi","Lobotomy","Marisa????????","Minty Spire (QoL Compilation)","Prisma Mod","Remilia??????","Replay The Spire","StSLib","Td1madao Mod","The Alterego","The Bug Knight","The Jungle","The Sage","The Senshi","The Servant 0.9.4","Waifu the Spire","WarShipGirlsR/????R mod","Yuri Mod"],"gold_per_floor":[111,125,138,13,26,26,42,42,94,44,5,5,37,50,50,145,245,255,269,184,204,204,204,223,223,223,233,233,233],"floor_reached":28,"language":"ENG","playtime":1900,"items_purged":[],"score":333,"play_id":"58a0b663-eb9b-4184-98f2-6a2935f79ee4","local_time":"20210117075329","is_ascension_mode":true,"campfire_choices":[{"data":"Load Balancing","floor":6,"key":"SMITH"},{"data":"Revenge","floor":8,"key":"SMITH"},{"data":"Shockwave Tdmadao","floor":23,"key":"SMITH"},{"data":"Defend System","floor":25,"key":"SMITH"}],"circlet_count":0,"master_deck":["Strike_C+1","Strike_C","Strike_C+1","Strike_C","Defend_C+1","Defend_C","Defend_C","Knight Kick","Chip+1","Fire Blade","Overclocking","Load Balancing+1","Fixing","Preloading","Revenge+1","Here Defend Chip+1","Twin Teeth+1","Defend System+1","Shockwave Tdmadao+1","beaked:WalkersFury","Lunge","Afterwards+1","Black Shadow+1","Floating Swing Kick"],"relics":["Coffee Dripper","MealTicket","Whetstone","Replay:Grab Bag","Replay:Wanted Poster","ChewingGum","beaked:SacredDeck","MutagenicStrength","Replay:Bottled Flurry"],"acts_visited":["Exordium","TheCity"],"potions_floor_usage":[13,19,21,21,24,28],"damage_taken":[{"damage":0,"enemies":"Cultist","floor":1,"turns":3},{"damage":10,"enemies":"Jaw Worm","floor":2,"turns":3},{"damage":0,"enemies":"Small Slimes","floor":3,"turns":3},{"damage":0,"enemies":"Exordium Wildlife","floor":5,"turns":5},{"damage":0,"enemies":"Looter","floor":7,"turns":3},{"damage":0,"enemies":"Lagavulin","floor":13,"turns":4},{"damage":4,"enemies":"3 Louse","floor":14,"turns":3},{"damage":5,"enemies":"Hexaghost","floor":16,"turns":10},{"damage":0,"enemies":"Shell Parasite","floor":18,"turns":5},{"damage":4,"enemies":"3 Byrds","floor":19,"turns":4},{"damage":14,"enemies":"Shelled Parasite and Fungi","floor":21,"turns":5},{"damage":8,"enemies":"3 Cultists","floor":24,"turns":6},{"damage":27,"enemies":"Snake Plant","floor":27,"turns":3},{"damage":13,"enemies":"Replay:Snechameleon","floor":28,"turns":2}],"seed_played":"942415281576774191","potions_obtained":[{"floor":3,"key":"PowerPotion"},{"floor":14,"key":"Energy Potion"},{"floor":16,"key":"LiquidMemories"},{"floor":18,"key":"Explosive Potion"},{"floor":27,"key":"Strength Potion"}],"is_trial":false,"path_per_floor":["M","M","M","$","M","R","M","R","T","?","$","?","E","M","R","B",null,"M","M","$","M","?","R","M","R","T","M","E"],"character_chosen":"TD1MADAO_CLASS","items_purchased":["Load Balancing","Fixing","Here Defend Chip+1","Afterwards+1","Fire Potion"],"campfire_rested":0,"item_purchase_floors":[4,4,11,20,20],"current_hp_per_floor":[63,53,53,53,53,53,53,53,53,53,68,54,54,50,70,65,69,69,65,70,56,56,56,48,48,48,21,8,8],"gold":233,"neow_bonus":"BOSS_RELIC","is_daily":false,"chose_seed":false,"campfire_upgraded":4,"win_rate":0.0,"timestamp":1610859209,"path_taken":["M","?","M","$","M","R","M","R","T","?","$","?","E","M","R","BOSS","M","M","$","M","?","R","M","R","T","M","E"],"items_purchased_type":["Card","Card","Card","Card","Potion"],"build_version":"2020-12-22","purchased_purges":0,"victory":false,"max_hp_per_floor":[70,70,70,70,70,70,70,70,70,70,70,70,70,70,70,70,70,70,70,70,70,70,70,70,70,70,70,70,70],"card_choices":[{"not_picked":["Twin Teeth","Gravity Defend"],"picked":"Fire Blade","floor":1},{"not_picked":["Sudden Beat","Here Defend Chip"],"picked":"Overclocking","floor":2},{"not_picked":["De Ware Chip","Cooling Song","Perfect Defend"],"picked":"SKIP","floor":3},{"not_picked":["Pod Fire","Sudden Beat"],"picked":"Preloading","floor":5},{"not_picked":["Judgment","Transfer Energy"],"picked":"Revenge","floor":7},{"not_picked":["Paralysis","Reflection Mechanism"],"picked":"Twin Teeth","floor":13},{"not_picked":["White Contract","Money Cant Rescue"],"picked":"Defend System","floor":14},{"not_picked":["Backup","Chip Synthesis"],"picked":"Shockwave Tdmadao","floor":16},{"not_picked":["Perfect Defend","Weapon Shift","White Contract"],"picked":"SKIP","floor":18},{"not_picked":["Cursed Blade","Ruin Defend"],"picked":"Lunge","floor":19},{"not_picked":["Cooling Song","Sudden Beat"],"picked":"Black Shadow+1","floor":21},{"not_picked":["Lunge","Black Hand+1","Rupture"],"picked":"SKIP","floor":24},{"not_picked":["Three Hit","Perfect Defend"],"picked":"Floating Swing Kick","floor":27}],"player_experience":804993,"relics_obtained":[{"floor":9,"key":"MealTicket"},{"floor":13,"key":"Whetstone"},{"floor":26,"key":"Replay:Bottled Flurry"}],"event_choices":[{"cards_removed":["Defend_C"],"damage_healed":0,"gold_gain":0,"player_choice":"Card Removal","damage_taken":0,"max_hp_gain":0,"max_hp_loss":0,"event_name":"The Cleric","floor":10,"gold_loss":50},{"damage_healed":0,"gold_gain":0,"player_choice":"Entered Light","damage_taken":14,"max_hp_gain":0,"max_hp_loss":0,"event_name":"Shining Light","floor":12,"gold_loss":0,"cards_upgraded":["Chip","Defend_C"]},{"damage_healed":0,"gold_gain":0,"player_choice":"Inject Mutagens","damage_taken":0,"relics_obtained":["MutagenicStrength"],"max_hp_gain":0,"max_hp_loss":0,"event_name":"Drug Dealer","floor":22,"gold_loss":0}],"is_beta":false,"boss_relics":[{"not_picked":["Runic Dome","Pandora\u0027s Box"],"picked":"Replay:Grab Bag"},{"not_picked":["Fusion Hammer","sagemod:Falmels_Amulet"],"picked":"Replay:Wanted Poster"},{"not_picked":["Sozu","ReplayTheSpireMod:DimensionalGlitch"],"picked":"ChewingGum"},{"not_picked":["Snecko Heart","Kintsugi"],"picked":"beaked:SacredDeck"}],"items_purged_floors":[],"is_endless":false,"potions_floor_spawned":[3,14,16,18,27],"killed_by":"Replay:Snechameleon","ascension_level":7}}