{"host":"y76clbnovzmw9ubx","time":1610854677,"event":{"mods":["AchievementEnabler","BaseMod","Minty Spire (QoL Compilation)","Permanent Neow","Relic Stats"],"gold_per_floor":[110,120,131,150,150,178,178,204,204,204,216,216,18,49,49,128,128,145,162,162,162],"floor_reached":20,"language":"ENG","playtime":1118,"items_purged":[],"score":388,"play_id":"3eb78264-a2db-4782-b334-f1699bd4dde7","local_time":"20210116223757","is_ascension_mode":true,"campfire_choices":[{"floor":7,"key":"REST"},{"data":"Bouncing Flask","floor":10,"key":"SMITH"},{"data":"Well Laid Plans","floor":15,"key":"SMITH"}],"circlet_count":0,"master_deck":["AscendersBane","Strike_G","Strike_G","Defend_G","Defend_G","Defend_G","Defend_G","Defend_G","Survivor","Neutralize","Poisoned Stab","Bane","Backstab","Bouncing Flask+1","PiercingWail","Leg Sweep","Backstab","Well Laid Plans+1","Envenom","Terror+1","Infinite Blades+1","Night Terror+1","Backstab","All Out Attack"],"relics":["Ring of the Snake","Gambling Chip","Mercury Hourglass","Ice Cream","Darkstone Periapt","Sling","Bottled Flame","Astrolabe"],"acts_visited":["Exordium","TheCity"],"potions_floor_usage":[6,20,20],"damage_taken":[{"damage":0,"enemies":"Jaw Worm","floor":1,"turns":5},{"damage":0,"enemies":"2 Louse","floor":2,"turns":3},{"damage":0,"enemies":"Cultist","floor":3,"turns":4},{"damage":25,"enemies":"Large Slime","floor":4,"turns":8},{"damage":12,"enemies":"Lagavulin","floor":6,"turns":5},{"damage":8,"enemies":"Gremlin Nob","floor":8,"turns":3},{"damage":4,"enemies":"Blue Slaver","floor":11,"turns":3},{"damage":2,"enemies":"Lagavulin","floor":14,"turns":4},{"damage":6,"enemies":"The Guardian","floor":16,"turns":9},{"damage":7,"enemies":"2 Thieves","floor":18,"turns":4},{"damage":23,"enemies":"Shell Parasite","floor":19,"turns":8},{"damage":34,"enemies":"Shelled Parasite and Fungi","floor":20,"turns":4}],"seed_played":"-7924206277442998903","potions_obtained":[{"floor":3,"key":"AttackPotion"},{"floor":8,"key":"Fire Potion"},{"floor":11,"key":"GhostInAJar"}],"is_trial":false,"path_per_floor":["M","M","M","M","?","E","R","E","T","R","M","?","$","E","R","B",null,"M","M","M"],"character_chosen":"THE_SILENT","items_purchased":["Backstab","Sling"],"campfire_rested":1,"item_purchase_floors":[13,13],"current_hp_per_floor":[59,59,59,34,34,22,40,32,32,32,28,33,33,31,31,25,55,48,25,0,0],"gold":162,"neow_bonus":"ONE_RARE_RELIC","is_daily":false,"chose_seed":false,"campfire_upgraded":2,"win_rate":0.0,"timestamp":1610854677,"path_taken":["M","M","M","M","?","E","R","E","T","R","M","?","$","E","R","BOSS","M","M","M"],"items_purchased_type":["Card","Relic"],"build_version":"2020-12-22","purchased_purges":0,"victory":false,"max_hp_per_floor":[60,60,60,60,60,60,60,60,60,60,60,65,65,65,65,65,65,65,65,65,65],"relic_stats":{"Darkstone Periapt":0,"counters":[12,60],"Gambling Chip":[23],"Astrolabe":["Terror","Infinite Blades","Night Terror"],"obtain_stats":[{"Ice Cream":8,"Darkstone Periapt":9,"Bottled Flame":14,"Gambling Chip":0,"Astrolabe":17,"Sling":13,"Ring of the Snake":0,"Mercury Hourglass":6},{"Ice Cream":6,"Darkstone Periapt":6,"Bottled Flame":8,"Gambling Chip":0,"Astrolabe":9,"Sling":7,"Ring of the Snake":0,"Mercury Hourglass":5},{"Ice Cream":28,"Darkstone Periapt":28,"Bottled Flame":35,"Gambling Chip":0,"Astrolabe":44,"Sling":31,"Ring of the Snake":0,"Mercury Hourglass":25}],"Ring of the Snake":[24],"Mercury Hourglass":[69]},"card_choices":[{"not_picked":["Dodge and Roll","Dagger Spray"],"picked":"Poisoned Stab","floor":1},{"not_picked":["Deadly Poison","Blur"],"picked":"Bane","floor":2},{"not_picked":["Riddle With Holes","Quick Slash"],"picked":"Backstab","floor":3},{"not_picked":["Tactician","Deflect"],"picked":"Bouncing Flask","floor":4},{"not_picked":["Heel Hook","Blade Dance","Tools of the Trade"],"picked":"SKIP","floor":6},{"not_picked":["Dodge and Roll","Calculated Gamble"],"picked":"PiercingWail","floor":8},{"not_picked":["Quick Slash","Masterful Stab"],"picked":"Leg Sweep","floor":11},{"not_picked":["Acrobatics","Tools of the Trade"],"picked":"Well Laid Plans","floor":14},{"not_picked":["Glass Knife","Unload"],"picked":"Envenom","floor":16},{"not_picked":["Bane+1","Sucker Punch"],"picked":"Backstab","floor":18},{"not_picked":["Deflect","Poisoned Stab"],"picked":"All Out Attack","floor":19}],"player_experience":3070311,"relics_obtained":[{"floor":6,"key":"Mercury Hourglass"},{"floor":8,"key":"Ice Cream"},{"floor":9,"key":"Darkstone Periapt"},{"floor":14,"key":"Bottled Flame"}],"event_choices":[{"damage_healed":0,"gold_gain":0,"player_choice":"Ignored","damage_taken":0,"max_hp_gain":0,"max_hp_loss":0,"event_name":"Liars Game","floor":5,"gold_loss":0},{"damage_healed":0,"gold_gain":0,"player_choice":"Donut","damage_taken":0,"max_hp_gain":5,"max_hp_loss":0,"event_name":"Big Fish","floor":12,"gold_loss":0}],"is_beta":false,"boss_relics":[{"not_picked":["Tiny House","Velvet Choker"],"picked":"Astrolabe"}],"items_purged_floors":[],"is_endless":false,"potions_floor_spawned":[3,8,11,14,16,18],"killed_by":"Shelled Parasite and Fungi","ascension_level":20}}