{"host":"6bsan6hkua32tfq7","time":1610907351,"event":{"mods":["BaseMod","Better Third Choice","Colored Map","Highlight Path","Minty Spire (QoL Compilation)","StSLib"],"gold_per_floor":[13,28,46,58,78,78,78],"floor_reached":6,"language":"ENG","playtime":288,"items_purged":[],"score":80,"play_id":"816b4b70-4642-4ff3-ac5f-b8f1e7969e00","local_time":"20210117191551","is_ascension_mode":true,"campfire_choices":[],"circlet_count":0,"master_deck":["AscendersBane","Strike_G","Strike_G","Strike_G","Strike_G","Strike_G","Defend_G","Defend_G","Defend_G","Defend_G","Defend_G","Survivor","Neutralize","Terror","Sucker Punch","Catalyst","Catalyst","Riddle With Holes","Dash","Underhanded Strike"],"relics":["Ring of the Snake","Prayer Wheel"],"acts_visited":["Exordium"],"potions_floor_usage":[2,4,6],"damage_taken":[{"damage":3,"enemies":"Cultist","floor":1,"turns":5},{"damage":3,"enemies":"Small Slimes","floor":2,"turns":3},{"damage":4,"enemies":"Jaw Worm","floor":3,"turns":4},{"damage":23,"enemies":"Exordium Thugs","floor":4,"turns":6},{"damage":11,"enemies":"2 Fungi Beasts","floor":5,"turns":4},{"damage":17,"enemies":"3 Sentries","floor":6,"turns":3}],"seed_played":"9175569252698787789","potions_obtained":[{"floor":1,"key":"Explosive Potion"},{"floor":2,"key":"LiquidBronze"},{"floor":4,"key":"GamblersBrew"}],"is_trial":false,"path_per_floor":["M","M","M","M","M","E"],"character_chosen":"THE_SILENT","items_purchased":[],"campfire_rested":0,"item_purchase_floors":[],"current_hp_per_floor":[56,53,49,26,15,0,0],"gold":78,"neow_bonus":"ONE_RARE_RELIC","is_daily":false,"chose_seed":false,"campfire_upgraded":0,"win_rate":0.0,"timestamp":1610907351,"path_taken":["M","M","M","?","M","E"],"items_purchased_type":[],"build_version":"2020-12-22","purchased_purges":0,"victory":false,"max_hp_per_floor":[66,66,66,66,66,66,66],"card_choices":[{"not_picked":["Catalyst","Caltrops"],"picked":"Terror","floor":1},{"not_picked":["Quick Slash","Masterful Stab"],"picked":"Sucker Punch","floor":1},{"not_picked":["Dash","Skewer"],"picked":"Catalyst","floor":2},{"not_picked":["Reflex","Dodge and Roll"],"picked":"Catalyst","floor":2},{"not_picked":["Cloak And Dagger","Deflect"],"picked":"Riddle With Holes","floor":3},{"not_picked":["Backflip","Dodge and Roll","Reflex"],"picked":"SKIP","floor":3},{"not_picked":["Deflect","PiercingWail"],"picked":"Dash","floor":4},{"not_picked":["Backstab","Dagger Throw","Cloak And Dagger"],"picked":"SKIP","floor":4},{"not_picked":["Deflect","Backflip"],"picked":"Underhanded Strike","floor":5},{"not_picked":["Escape Plan","Terror","Backflip"],"picked":"SKIP","floor":5}],"player_experience":5290725,"relics_obtained":[],"event_choices":[],"is_beta":false,"boss_relics":[],"items_purged_floors":[],"is_endless":false,"potions_floor_spawned":[1,2,4],"killed_by":"3 Sentries","ascension_level":20}}