{"host":"56qj8mvhgmcu65ix","time":1610872704,"event":{"mods":["AchievementEnabler","BaseMod","Better Vampires","Colored Map","Colored Powertips","DeckTracker","Highlight Path","Minty Spire (QoL Compilation)","Permanent Neow","Quick Restart","Rare Cards Sparkle","Relic Stats","StSLib","everything is the same but u backflip on backflip","slay the spire mod where everything is the same but ironclad has a cowboy hat"],"gold_per_floor":[117,117,8,24,41,41,67,67,67,99,99,115,115,115,115,191,191,211,211,211,211,223,223,234,72,72,72,72,72,84,95,95,95,95],"floor_reached":33,"language":"ENG","playtime":942,"items_purged":[],"score":542,"play_id":"f0d9b23a-a193-40d0-a711-835defb0bbd8","local_time":"20210117023824","is_ascension_mode":true,"campfire_choices":[{"floor":6.0,"key":"DIG"},{"data":"Sword Boomerang","floor":8.0,"key":"SMITH"},{"floor":11.0,"key":"DIG"},{"data":"Heavy Blade","floor":13.0,"key":"SMITH"},{"floor":15.0,"key":"REST"},{"floor":23.0,"key":"REST"},{"data":"Rupture","floor":28.0,"key":"SMITH"},{"data":"Uppercut","floor":32.0,"key":"SMITH"}],"circlet_count":0,"master_deck":["AscendersBane","Strike_R+1","Strike_R+1","Strike_R+1","Strike_R+1","Defend_R+1","Defend_R+1","Defend_R+1","Defend_R+1","Bash+1","Sword Boomerang+1","Inflame","True Grit","Combust","Heavy Blade+1","Fiend Fire","Rupture+1","Rupture","Battle Trance","Uppercut+1"],"relics":["Black Blood","Shovel","CultistMask","Kunai","Pen Nib","Red Skull","Tiny Chest","Mercury Hourglass","Shuriken","Paper Frog","Bottled Tornado"],"acts_visited":["Exordium","TheCity"],"potions_floor_usage":[],"damage_taken":[{"damage":24.0,"enemies":"Jaw Worm","floor":1.0,"turns":4.0},{"damage":0.0,"enemies":"Cultist","floor":4.0,"turns":3.0},{"damage":0.0,"enemies":"2 Louse","floor":5.0,"turns":2.0},{"damage":32.0,"enemies":"3 Sentries","floor":7.0,"turns":5.0},{"damage":16.0,"enemies":"Gremlin Nob","floor":10.0,"turns":3.0},{"damage":3.0,"enemies":"Large Slime","floor":12.0,"turns":3.0},{"damage":37.0,"enemies":"Hexaghost","floor":16.0,"turns":7.0},{"damage":40.0,"enemies":"3 Byrds","floor":18.0,"turns":4.0},{"damage":16.0,"enemies":"Shell Parasite","floor":22.0,"turns":2.0},{"damage":13.0,"enemies":"Snecko","floor":24.0,"turns":3.0},{"damage":43.0,"enemies":"Shelled Parasite and Fungi","floor":30.0,"turns":5.0},{"damage":3.0,"enemies":"Cultist and Chosen","floor":31.0,"turns":5.0},{"damage":31,"enemies":"Champ","floor":33,"turns":7}],"seed_played":"-3584014822340249517","potions_obtained":[{"floor":4.0,"key":"SkillPotion"},{"floor":10.0,"key":"ElixirPotion"},{"floor":16.0,"key":"FearPotion"},{"floor":18.0,"key":"DuplicationPotion"},{"floor":24.0,"key":"Regen Potion"}],"is_trial":false,"path_per_floor":["M","?","$","M","M","R","E","R","T","E","R","M","R","?","R","B",null,"M","?","T","?","M","R","M","$","T","T","R","?","M","M","R","B"],"character_chosen":"IRONCLAD","items_purchased":["Inflame","True Grit","Rupture","Battle Trance"],"campfire_rested":2,"item_purchase_floors":[3,3,25,25],"current_hp_per_floor":[50,50,50,56,62,62,36,36,36,26,26,29,29,22,42,11,54,26,26,26,26,22,42,41,41,41,41,41,41,22,31,31,0,0],"gold":95,"neow_bonus":"ONE_RARE_RELIC","is_daily":false,"chose_seed":false,"campfire_upgraded":4,"win_rate":0.0,"timestamp":1610872704,"path_taken":["M","?","$","?","M","R","E","R","T","E","R","?","R","?","R","BOSS","M","?","?","?","M","R","?","?","T","?","R","?","M","M","R","BOSS"],"items_purchased_type":["Card","Card","Card","Card"],"build_version":"2020-12-22","purchased_purges":0,"victory":false,"max_hp_per_floor":[68,68,68,68,68,68,68,68,68,68,68,68,68,68,68,68,68,68,68,68,68,68,68,68,68,68,68,68,68,68,68,68,68,68],"relic_stats":{"Shovel":2,"counters":[13,52],"Shuriken":[2],"Black Blood":102,"Tiny Chest":2,"Pen Nib":[4],"Kunai":[4],"obtain_stats":[{"Shovel":0,"Shuriken":20,"Black Blood":17,"Tiny Chest":10,"CultistMask":2,"Pen Nib":7,"Kunai":6,"Bottled Tornado":27,"Burning Blood":0,"Red Skull":9,"Mercury Hourglass":11,"Paper Frog":26},{"Shovel":0,"Shuriken":8,"Black Blood":7,"Tiny Chest":5,"CultistMask":1,"Pen Nib":4,"Kunai":3,"Bottled Tornado":10,"Burning Blood":0,"Red Skull":4,"Mercury Hourglass":5,"Paper Frog":10},{"Shovel":0,"Shuriken":30,"Black Blood":27,"Tiny Chest":17,"CultistMask":4,"Pen Nib":14,"Kunai":9,"Bottled Tornado":35,"Burning Blood":0,"Red Skull":14,"Mercury Hourglass":17,"Paper Frog":35}],"Mercury Hourglass":[102]},"card_choices":[{"not_picked":["Perfected Strike","Second Wind"],"picked":"Sword Boomerang","floor":1.0},{"not_picked":["Wild Strike","Armaments","Dual Wield"],"picked":"SKIP","floor":4.0},{"not_picked":["Metallicize","True Grit"],"picked":"Combust","floor":5.0},{"not_picked":["Pommel Strike","Ghostly Armor","Second Wind"],"picked":"SKIP","floor":7.0},{"not_picked":["Cleave","Dual Wield","Wild Strike"],"picked":"SKIP","floor":10.0},{"not_picked":["Pommel Strike","Searing Blow"],"picked":"Heavy Blade","floor":12.0},{"not_picked":["Bludgeon","Double Tap"],"picked":"Fiend Fire","floor":16.0},{"not_picked":["Flex+1","Clothesline","Body Slam"],"picked":"SKIP","floor":18.0},{"not_picked":["True Grit+1","Headbutt"],"picked":"Rupture","floor":22.0},{"not_picked":["Cleave","Body Slam","Flex+1"],"picked":"SKIP","floor":24.0},{"not_picked":["Evolve","Headbutt"],"picked":"Uppercut","floor":30.0},{"not_picked":["Flex","Body Slam","Exhume"],"picked":"SKIP","floor":31.0}],"player_experience":309904,"relics_obtained":[{"floor":6.0,"key":"Kunai"},{"floor":7.0,"key":"Pen Nib"},{"floor":9.0,"key":"Red Skull"},{"floor":10.0,"key":"Tiny Chest"},{"floor":11.0,"key":"Mercury Hourglass"},{"floor":20.0,"key":"Shuriken"},{"floor":26.0,"key":"Paper Frog"},{"floor":27.0,"key":"Bottled Tornado"}],"event_choices":[{"damage_healed":0.0,"max_hp_gain":0.0,"max_hp_loss":0.0,"gold_gain":0.0,"event_name":"FaceTrader","player_choice":"Trade","floor":2.0,"gold_loss":0.0,"damage_taken":0.0,"relics_obtained":["CultistMask"]},{"cards_removed":["Strike_R"],"damage_healed":0.0,"max_hp_gain":0.0,"max_hp_loss":0.0,"gold_gain":0.0,"event_name":"Golden Wing","player_choice":"Card Removal","floor":14.0,"gold_loss":0.0,"damage_taken":7.0},{"damage_healed":0.0,"max_hp_gain":0.0,"max_hp_loss":0.0,"gold_gain":0.0,"event_name":"Cursed Tome","player_choice":"Ignored","floor":19.0,"gold_loss":0.0,"damage_taken":0.0},{"damage_healed":0.0,"max_hp_gain":0.0,"max_hp_loss":0.0,"gold_gain":0.0,"event_name":"Accursed Blacksmith","player_choice":"Forge","floor":21.0,"gold_loss":0.0,"damage_taken":0.0,"cards_upgraded":["Bash"]},{"damage_healed":0.0,"max_hp_gain":0.0,"max_hp_loss":0.0,"gold_gain":0.0,"event_name":"Back to Basics","player_choice":"Simplicity","floor":29.0,"gold_loss":0.0,"damage_taken":0.0,"cards_upgraded":["Strike_R","Strike_R","Strike_R","Strike_R","Defend_R","Defend_R","Defend_R","Defend_R"]}],"is_beta":false,"boss_relics":[{"not_picked":["Calling Bell","Coffee Dripper"],"picked":"Black Blood"}],"items_purged_floors":[],"is_endless":false,"potions_floor_spawned":[4,10,16,18,24],"killed_by":"Champ","ascension_level":19}}