{"host":"94qggqh0xz0sp6ai","time":1610904077,"event":{"mods":["100% Spire Juice","Abigail Mod","Act Like it!","BaseMod","CapriCore","Downfall","Friendly Minions","Gensokyo","Hermit","Jorbs\u0027s Wanderer Trilogy","Koishi","Marisa（霧雨　魔理沙）","Minty Spire (QoL Compilation)","Permanent Neow","Reimu（博??梦）","StSLib","The Alterego","The Construct","The Cursed","The Hierophant","The Immortal","The Marked","The Servant 0.9.4","TheBandit","Waifu the Spire"],"gold_per_floor":[110,165,165,180,42,42,77,57,57,74,92,92,120,120,120,222,222,238,250,51,51,51],"floor_reached":21,"language":"ENG","playtime":646,"items_purged":[],"score":233,"play_id":"8c1c04d5-177c-4977-9fce-d4a0c5ddb7a3","local_time":"20210117112117","is_ascension_mode":true,"campfire_choices":[{"data":"Moonworks:FinalSurgery","floor":6,"key":"SMITH"},{"floor":12,"key":"REST"},{"data":"Moonworks:PlushieMaster","floor":15,"key":"SMITH"}],"circlet_count":0,"master_deck":["Moonworks:Strike","Moonworks:Strike","Moonworks:Strike","Moonworks:Defend","Moonworks:Defend","Moonworks:Defend","Moonworks:Defend","Moonworks:Ambush+1","Moonworks:LongDistanceShot","Moonworks:NicePresent","Moonworks:JonathanRush","Moonworks:FinalSurgery+1","Moonworks:RagingMadness","Moonworks:CompletionReward","Moonworks:NicePresent","Moonworks:PlushieMaster+1","Moonworks:JonathanRush","Moonworks:Encore","Moonworks:CloudOfSeagulls","Moonworks:MiracleRedBeanIceCream+1","Moonworks:JonathanRush"],"relics":["Moonworks:BrokenBomb","Moonworks:Homemark","MealTicket","Omamori","Bird Faced Urn","Pocketwatch","construct:WeddingRing","Bag of Preparation"],"acts_visited":["Exordium","TheCity"],"potions_floor_usage":[13,16,19,21],"damage_taken":[{"damage":0,"enemies":"Cultist","floor":1,"turns":2},{"damage":6,"enemies":"2 Louse","floor":4,"turns":2},{"damage":29,"enemies":"3 Sentries","floor":7,"turns":8},{"damage":0,"enemies":"Small Slimes","floor":10,"turns":2},{"damage":13,"enemies":"Red Slaver","floor":11,"turns":4},{"damage":20,"enemies":"Lagavulin","floor":13,"turns":2},{"damage":7,"enemies":"Hexaghost","floor":16,"turns":6},{"damage":25,"enemies":"Shell Parasite","floor":18,"turns":4},{"damage":53,"enemies":"3 Byrds","floor":19,"turns":6},{"damage":36,"enemies":"3 Cultists","floor":21,"turns":4}],"seed_played":"-4267039779969946051","potions_obtained":[{"floor":1,"key":"Guardian:BlockOnCardUsePotion"},{"floor":8,"key":"Moonworks:OneHundredPercentOrangeJuicePotion"},{"floor":10,"key":"Regen Potion"},{"floor":13,"key":"Regen Potion"}],"is_trial":false,"path_per_floor":["M","T","?","M","$","R","E","?","T","M","M","R","E","?","R","B",null,"M","M","$","M"],"character_chosen":"THE_STARBREAKER","items_purchased":["Moonworks:FinalSurgery","Moonworks:RagingMadness","Bag of Preparation","Moonworks:JonathanRush"],"campfire_rested":1,"item_purchase_floors":[5,5,20,20],"current_hp_per_floor":[60,60,60,54,60,60,31,31,31,31,20,38,18,18,18,28,60,35,1,16,0,0],"gold":51,"neow_bonus":"UPGRADE_CARD","is_daily":false,"chose_seed":false,"campfire_upgraded":2,"win_rate":0.0,"timestamp":1610904077,"path_taken":["M","?","?","?","$","R","E","?","T","?","M","R","E","?","R","BOSS","M","M","$","M"],"items_purchased_type":["Card","Card","Relic","Card"],"build_version":"2020-12-22","purchased_purges":0,"victory":false,"max_hp_per_floor":[60,60,60,60,60,60,60,60,60,60,60,60,60,60,60,60,60,60,60,60,60,60],"card_choices":[{"not_picked":["Moonworks:WindyEnchantment","Moonworks:BeyondHell"],"picked":"Moonworks:NicePresent","floor":1},{"not_picked":["Moonworks:Assault","Moonworks:IndiscriminateFireSupport"],"picked":"Moonworks:JonathanRush","floor":4},{"not_picked":["Moonworks:Heat300Percent","Moonworks:WindyEnchantment"],"picked":"Moonworks:CompletionReward","floor":7},{"not_picked":["Moonworks:BigMagnum","Moonworks:Bloodlust"],"picked":"Moonworks:NicePresent","floor":10},{"not_picked":["Moonworks:BigMagnum","Moonworks:JonathanRush"],"picked":"Moonworks:PlushieMaster","floor":11},{"not_picked":["Moonworks:CastOff","Moonworks:BigMagnum"],"picked":"Moonworks:JonathanRush","floor":13},{"not_picked":["Moonworks:ReflectiveShell","Moonworks:Wanted"],"picked":"Moonworks:Encore","floor":16},{"not_picked":["Moonworks:ForcedRevival+1","Moonworks:DeployBits"],"picked":"Moonworks:CloudOfSeagulls","floor":18},{"not_picked":["Moonworks:EvilSpyWorkPreparation","Moonworks:ImOnFire"],"picked":"Moonworks:MiracleRedBeanIceCream+1","floor":19}],"player_experience":1397080,"relics_obtained":[{"floor":2,"key":"MealTicket"},{"floor":7,"key":"Omamori"},{"floor":9,"key":"Bird Faced Urn"},{"floor":13,"key":"Pocketwatch"}],"event_choices":[{"cards_removed":["Moonworks:Strike"],"damage_healed":0,"gold_gain":0,"player_choice":"Purged","damage_taken":0,"max_hp_gain":0,"max_hp_loss":0,"event_name":"Purifier","floor":3,"gold_loss":0},{"damage_healed":0,"gold_gain":0,"player_choice":"Bought 1 Potion","damage_taken":0,"max_hp_gain":0,"max_hp_loss":0,"event_name":"The Woman in Blue","floor":8,"gold_loss":0}],"is_beta":false,"boss_relics":[{"not_picked":["Runic Pyramid","SlaversCollar"],"picked":"construct:WeddingRing"}],"items_purged_floors":[],"is_endless":false,"potions_floor_spawned":[1,10,13],"killed_by":"3 Cultists","ascension_level":2}}