{"host":"xm0tf1maiknh0fp9","time":1610916762,"event":{"mods":["BaseMod","Colored Map","Colored Powertips","Googly Eyes","Minty Spire (QoL Compilation)","Replay The Spire","StSLib"],"gold_per_floor":[115,115,130,130,130,155,155,190,202,283,313,325,364,376,376],"floor_reached":14,"language":"ENG","playtime":267,"items_purged":[],"score":163,"play_id":"1b4f3c11-ba47-45ff-a07f-b6b1f97a339c","local_time":"20210117155242","is_ascension_mode":true,"campfire_choices":[{"data":"Hidden Blade","floor":7,"key":"SMITH"}],"circlet_count":0,"master_deck":["Strike_G","Strike_G","Strike_G","Strike_G","Strike_G","Defend_G","Defend_G","Defend_G","Defend_G","Defend_G","Survivor","Neutralize+1","Heel Hook","Hidden Blade+1","Normality"],"relics":["Ring of the Snake","NeowsBlessing","Letter Opener","Snake Skull","Anchor","MawBank","The Courier","Juzu Bracelet","Ring of Peace","ReplayTheSpireMod:Ring of Challenge","Replay:Mystery Machine"],"acts_visited":["Exordium"],"potions_floor_usage":[],"damage_taken":[{"damage":0,"enemies":"Small Slimes","floor":1,"turns":1},{"damage":0,"enemies":"Cultist","floor":3,"turns":1},{"damage":0,"enemies":"Lagavulin","floor":6,"turns":1},{"damage":17,"enemies":"Gremlin Nob","floor":8,"turns":4},{"damage":0,"enemies":"Jaw Worm","floor":11,"turns":3},{"damage":33,"enemies":"Lagavulin","floor":14,"turns":9}],"seed_played":"-5963054299023768245","potions_obtained":[{"floor":1,"key":"EssenceOfSteel"},{"floor":8,"key":"Elixir"},{"floor":10,"key":"FairyPotion"}],"is_trial":false,"path_per_floor":["M","?","M","?","?","E","R","E","T","?","M","?","T","E"],"character_chosen":"THE_SILENT","items_purchased":[],"campfire_rested":0,"item_purchase_floors":[],"current_hp_per_floor":[63,63,63,63,51,51,51,34,34,6,6,6,6,0,0],"gold":376,"neow_bonus":"THREE_ENEMY_KILL","is_daily":false,"chose_seed":false,"campfire_upgraded":1,"win_rate":0.0,"timestamp":1610916762,"path_taken":["M","?","?","?","?","E","R","E","T","?","M","?","?","E"],"items_purchased_type":[],"build_version":"2020-12-22","purchased_purges":0,"victory":false,"max_hp_per_floor":[70,70,70,70,70,70,70,70,70,70,70,70,70,70,70],"card_choices":[{"not_picked":["Distraction","Deflect","PiercingWail"],"picked":"SKIP","floor":1},{"not_picked":["Dodge and Roll","Sucker Punch"],"picked":"Heel Hook","floor":3},{"not_picked":["Underhanded Strike","Sneak Up"],"picked":"Hidden Blade","floor":6},{"not_picked":["Crippling Poison","Outmaneuver","Sucker Punch"],"picked":"SKIP","floor":8},{"not_picked":["ReplayTheSpireMod:Speed Training","Prepared","Sucker Punch"],"picked":"SKIP","floor":11}],"player_experience":138036,"relics_obtained":[{"floor":6,"key":"Anchor"},{"floor":8,"key":"MawBank"},{"floor":9,"key":"The Courier"},{"floor":10,"key":"Juzu Bracelet"},{"floor":12,"key":"Ring of Peace"},{"floor":12,"key":"ReplayTheSpireMod:Ring of Challenge"},{"floor":13,"key":"Replay:Mystery Machine"}],"event_choices":[{"damage_healed":0,"gold_gain":0,"player_choice":"Gave Potion","damage_taken":0,"relics_obtained":["Letter Opener"],"max_hp_gain":0,"max_hp_loss":0,"event_name":"WeMeetAgain","floor":2,"gold_loss":0},{"damage_healed":0,"gold_gain":0,"player_choice":"Grow","damage_taken":0,"max_hp_gain":0,"max_hp_loss":0,"event_name":"Living Wall","floor":4,"gold_loss":0,"cards_upgraded":["Neutralize"]},{"damage_healed":0,"gold_gain":0,"player_choice":"Success","damage_taken":12,"relics_obtained":["Snake Skull"],"max_hp_gain":0,"max_hp_loss":0,"event_name":"Scrap Ooze","floor":5,"gold_loss":0}],"is_beta":false,"boss_relics":[],"items_purged_floors":[],"is_endless":false,"potions_floor_spawned":[1,8],"killed_by":"Lagavulin","ascension_level":7}}