{"host":"ccw6t0i2dpm5wyxf","time":1610880156,"event":{"mods":["BaseMod","Colored Map","Minty Spire (QoL Compilation)","Permanent Neow"],"gold_per_floor":[109,109,109,129,140,167,167,192,192,21,40,40,56,68,68,171,171,191,205,279,289,289,289],"floor_reached":22,"language":"ENG","playtime":941,"items_purged":["Defend_G"],"score":243,"play_id":"5e8db9e8-5d67-421a-b768-44101e77fd5c","local_time":"20210117044236","is_ascension_mode":true,"campfire_choices":[{"data":"Blade Dance","floor":7,"key":"SMITH"},{"floor":12,"key":"REST"},{"floor":15,"key":"REST"}],"circlet_count":0,"master_deck":["Strike_G","Strike_G","Strike_G","Defend_G","Defend_G","Defend_G","Defend_G","Survivor","Neutralize","Blade Dance+1","Underhanded Strike","Backflip","Sucker Punch","Backflip","Infinite Blades","Adrenaline","Infinite Blades","Endless Agony","Venomology","CurseOfTheBell","Well Laid Plans","Distraction","Cloak And Dagger"],"relics":["SlaversCollar","Gremlin Horn","Toy Ornithopter","Darkstone Periapt","Calling Bell","Tiny Chest","Pear","Gambling Chip","Molten Egg 2"],"acts_visited":["Exordium","TheCity"],"potions_floor_usage":[6,6,16,16,18,21],"damage_taken":[{"damage":0,"enemies":"Small Slimes","floor":1,"turns":4},{"damage":2,"enemies":"Cultist","floor":4,"turns":4},{"damage":0,"enemies":"Jaw Worm","floor":5,"turns":3},{"damage":7,"enemies":"Gremlin Nob","floor":6,"turns":4},{"damage":25,"enemies":"Lagavulin","floor":8,"turns":7},{"damage":2,"enemies":"Red Slaver","floor":11,"turns":4},{"damage":9,"enemies":"Looter","floor":13,"turns":3},{"damage":10,"enemies":"3 Louse","floor":14,"turns":2},{"damage":52,"enemies":"The Guardian","floor":16,"turns":12},{"damage":24,"enemies":"Shell Parasite","floor":18,"turns":6},{"damage":6,"enemies":"Chosen","floor":19,"turns":5},{"damage":59,"enemies":"Centurion and Healer","floor":21,"turns":9},{"damage":7,"enemies":"Shelled Parasite and Fungi","floor":22,"turns":1}],"seed_played":"-856956268641787354","potions_obtained":[{"floor":4,"key":"GhostInAJar"},{"floor":5,"key":"DistilledChaos"},{"floor":6,"key":"Dexterity Potion"},{"floor":14,"key":"AttackPotion"},{"floor":18,"key":"SpeedPotion"},{"floor":21,"key":"EssenceOfSteel"}],"is_trial":false,"path_per_floor":["M","?","?","M","M","E","R","E","T","$","M","R","M","M","R","B",null,"M","M","T","M","M"],"character_chosen":"THE_SILENT","items_purchased":["Backflip","Infinite Blades"],"campfire_rested":2,"item_purchase_floors":[10,10],"current_hp_per_floor":[70,63,63,61,61,54,54,29,29,29,27,48,39,29,50,8,86,67,61,61,7,0,0],"gold":289,"neow_bonus":"BOSS_RELIC","is_daily":false,"chose_seed":false,"campfire_upgraded":1,"win_rate":0.0,"timestamp":1610880156,"path_taken":["M","?","?","M","M","E","R","E","T","$","M","R","M","M","R","BOSS","M","?","?","M","M"],"items_purchased_type":["Card","Card"],"build_version":"2020-12-22","purchased_purges":1,"victory":false,"max_hp_per_floor":[70,70,70,70,70,70,70,70,70,70,70,70,70,70,70,70,86,86,86,86,86,86,86],"card_choices":[{"not_picked":["Bane","Heel Hook"],"picked":"Blade Dance","floor":1},{"not_picked":["Dagger Spray","Riddle With Holes","Predator"],"picked":"SKIP","floor":4},{"not_picked":["Predator","Deadly Poison"],"picked":"Backflip","floor":5},{"not_picked":["Tactician","Poisoned Stab","Heel Hook"],"picked":"SKIP","floor":6},{"not_picked":["Dagger Throw","PiercingWail"],"picked":"Sucker Punch","floor":8},{"not_picked":["Blade Dance","Poisoned Stab"],"picked":"Adrenaline","floor":11},{"not_picked":["Bouncing Flask","Prepared"],"picked":"Infinite Blades","floor":13},{"not_picked":["Backflip","Dagger Spray"],"picked":"Endless Agony","floor":14},{"not_picked":["Doppelganger","Night Terror"],"picked":"Venomology","floor":16},{"not_picked":["Quick Slash","Dodge and Roll+1"],"picked":"Well Laid Plans","floor":18},{"not_picked":["Dagger Spray","Dagger Throw"],"picked":"Distraction","floor":19},{"not_picked":["All Out Attack+1","Bane+1"],"picked":"Cloak And Dagger","floor":21}],"player_experience":265809,"relics_obtained":[{"floor":6,"key":"Gremlin Horn"},{"floor":8,"key":"Toy Ornithopter"},{"floor":9,"key":"Darkstone Periapt"},{"floor":17,"key":"Tiny Chest"},{"floor":17,"key":"Pear"},{"floor":17,"key":"Gambling Chip"},{"floor":20,"key":"Molten Egg 2"}],"event_choices":[{"cards_removed":["Strike_G"],"damage_healed":0,"gold_gain":0,"player_choice":"Card Removal","damage_taken":7,"max_hp_gain":0,"max_hp_loss":0,"event_name":"Golden Wing","floor":2,"gold_loss":0},{"damage_healed":0,"gold_gain":0,"cards_transformed":["Strike_G"],"player_choice":"Transformed","damage_taken":0,"max_hp_gain":0,"max_hp_loss":0,"event_name":"Transmorgrifier","floor":3,"gold_loss":0,"cards_obtained":["Underhanded Strike"]}],"is_beta":false,"boss_relics":[{"not_picked":["Snecko Eye","Empty Cage"],"picked":"Calling Bell"}],"items_purged_floors":[10],"is_endless":false,"potions_floor_spawned":[4,5,6,14,18,21],"killed_by":"Shelled Parasite and Fungi","ascension_level":2}}