{"host":"9n00qg11haooyz80","time":1610887588,"event":{"mods":["100% Spire Juice","Aspiration","BaseMod","Downfall","Hermit","Minty Spire (QoL Compilation)","Rare Cards Sparkle","StSLib","The Bug Knight","The Cursed","The Runesmith"],"gold_per_floor":[99,117,129,147,422,434,505,305,324,10,28,28,53,38,53,53,53],"floor_reached":16,"language":"ENG","playtime":805,"items_purged":["Regret"],"score":129,"play_id":"d3072c36-daf2-402b-bb0b-b462e39b3555","local_time":"20210117134628","is_ascension_mode":false,"campfire_choices":[{"floor":1,"key":"RECALL"},{"data":"bronze:FineTuning","floor":8,"key":"SMITH"},{"floor":12,"key":"REST"}],"circlet_count":0,"master_deck":["bronze:Strike","bronze:Strike+1","bronze:Strike","bronze:Strike+1","bronze:Defend","bronze:Defend","bronze:Defend","bronze:Defend","bronze:Replicate","bronze:Goto","bronze:FineTuning+1","bronze:Iterate","bronze:Shell","bronze:Branch","bronze:Frontload","bronze:ChildClass","bronze:Mutator","bronze:BronzeArmor","bronze:Overload","bronze:WhirlingStrike"],"relics":["bronze:BronzeCore","downfall:HeartBlessingRed","downfall:HeartBlessingBlue","Whetstone","aspiration:Lifesprig"],"acts_visited":["Exordium"],"potions_floor_usage":[9,16],"damage_taken":[{"damage":1,"enemies":"Cultist","floor":2,"turns":4},{"damage":10,"enemies":"Jaw Worm","floor":3,"turns":5},{"damage":6,"enemies":"2 Louse","floor":4,"turns":3},{"damage":12,"enemies":"Exordium Thugs","floor":6,"turns":5},{"damage":5,"enemies":"Large Slime","floor":9,"turns":4},{"damage":5,"enemies":"downfall:FleeingMerchant","floor":10,"turns":4},{"damage":15,"enemies":"Exordium Thugs","floor":11,"turns":5},{"damage":4,"enemies":"Gremlin Nob","floor":13,"turns":4},{"damage":0,"enemies":"downfall:FleeingMerchant","floor":14,"turns":4},{"damage":0,"enemies":"Exordium Wildlife","floor":15,"turns":4},{"damage":86,"enemies":"SI_SHIV_ARCHETYPE","floor":16,"turns":8}],"seed_played":"3718804654654515240","potions_obtained":[{"floor":2,"key":"Explosive Potion"},{"floor":6,"key":"AttackPotion"},{"floor":11,"key":"FairyPotion"},{"floor":15,"key":"hexamod:SoulburnPotion"}],"is_trial":false,"path_per_floor":["R","M","M","M","?","M","T","R","M","$","M","R","E","$","M","B"],"character_chosen":"THE_AUTOMATON","items_purchased":["Whetstone","bronze:ChildClass"],"campfire_rested":1,"item_purchase_floors":[10,10],"current_hp_per_floor":[77,76,66,60,60,48,48,58,53,48,33,59,55,55,55,0,0],"gold":53,"neow_bonus":"TEN_PERCENT_HP_BONUS","is_daily":false,"chose_seed":false,"campfire_upgraded":1,"win_rate":0.0,"timestamp":1610887588,"path_taken":["R","M","M","?","?","M","T","R","M","$","M","R","E","?","M","BOSS"],"items_purchased_type":["Relic","Card"],"build_version":"2020-12-22","purchased_purges":1,"victory":false,"max_hp_per_floor":[77,77,77,77,77,77,77,87,87,87,87,87,87,87,87,87,87],"card_choices":[{"not_picked":["bronze:Allocate","bronze:BugBarrage"],"picked":"bronze:FineTuning","floor":2},{"not_picked":["bronze:BugBarrage","bronze:WildBeam"],"picked":"bronze:Iterate","floor":3},{"not_picked":["bronze:CutThrough","bronze:HardenedForm"],"picked":"bronze:Shell","floor":4},{"not_picked":["bronze:Backtrace","bronze:BugBarrage"],"picked":"bronze:Branch","floor":6},{"not_picked":["bronze:Overheat","bronze:Fortify"],"picked":"bronze:Frontload","floor":9},{"not_picked":["bronze:Deprecate","bronze:BugBarrage","bronze:Shield"],"picked":"SKIP","floor":10},{"not_picked":["bronze:Iterate","bronze:Shield"],"picked":"bronze:Mutator","floor":11},{"not_picked":["bronze:ItsAFeature","bronze:Repair"],"picked":"bronze:BronzeArmor","floor":13},{"not_picked":["bronze:DigitalCarnage","bronze:BuggyMess"],"picked":"bronze:Overload","floor":14},{"not_picked":["bronze:BitShift","bronze:NullPointer"],"picked":"bronze:WhirlingStrike","floor":15}],"player_experience":118611,"relics_obtained":[{"floor":13,"key":"aspiration:Lifesprig"}],"event_choices":[],"is_beta":false,"boss_relics":[],"items_purged_floors":[10],"is_endless":false,"potions_floor_spawned":[2,6,11,15],"killed_by":"SI_SHIV_ARCHETYPE","ascension_level":0}}