{"host":"4jpe1m3cviuzvkch","time":1610862603,"event":{"mods":["BaseMod","Decade(王小明)","Marisa（F雨　魔理沙）","Minty Spire (QoL Compilation)","Remilia（蕾米莉亚）","StSLib","The Servant 0.9.4","Youmu（魂魄妖梦）"],"gold_per_floor":[110,110,110,125,141,185,185,249,249,292,306,324,324,359,359,359,359],"floor_reached":16,"language":"ZHS","playtime":850,"items_purged":[],"score":110,"play_id":"b1ceabb1-4ebc-4aa4-b19b-5d96c81b9ae5","local_time":"20210117135003","is_ascension_mode":false,"campfire_choices":[{"data":"SlashOfMeditation","floor":7,"key":"SMITH"},{"data":"SwordExtraction","floor":13,"key":"SMITH"},{"floor":15,"key":"REST"}],"circlet_count":0,"master_deck":["Strike_YM","Strike_YM","Strike_YM","Strike_YM","Defend_YM","Defend_YM","Defend_YM","SlashOfPresentWorld","WheelOfPainOfLivingAndDead","DoubleWheelOfPain","Injury","ThreeKonsSevenHakus","CrescentMoonSlash","SlashOfMeditation+1","EchoesOfTheInclemencyOfAllBeings","MatsuyoiReflectingSatelliteSlash","TwoHundredYojanaInOneSlash","SwordExtraction+1","LowerRealmReflectionSlash"],"relics":["HalfPhantom","NeowsBlessing","Golden Idol","PreservedInsect","Oddly Smooth Stone","Pantograph","Ancient Tea Set","Odd Mushroom"],"acts_visited":["Exordium"],"potions_floor_usage":[6,12,16],"damage_taken":[{"damage":0,"enemies":"Jaw Worm","floor":1,"turns":1},{"damage":0,"enemies":"Small Slimes","floor":4,"turns":1},{"damage":0,"enemies":"2 Louse","floor":5,"turns":2},{"damage":24,"enemies":"3 Sentries","floor":6,"turns":11},{"damage":1,"enemies":"3 Sentries","floor":8,"turns":4},{"damage":8,"enemies":"Gremlin Nob","floor":10,"turns":3},{"damage":0,"enemies":"Exordium Thugs","floor":11,"turns":2},{"damage":1,"enemies":"Blue Slaver","floor":12,"turns":3},{"damage":0,"enemies":"The Mushroom Lair","floor":14,"turns":3},{"damage":68,"enemies":"The Guardian","floor":16,"turns":11}],"seed_played":"7393692990056669391","potions_obtained":[{"floor":1,"key":"SneckoOil"},{"floor":8,"key":"Weak Potion"},{"floor":10,"key":"LiquidMemories"},{"floor":11,"key":"Block Potion"}],"is_trial":false,"path_per_floor":["M","?","?","M","M","E","R","?","T","E","M","M","R","?","R","B"],"character_chosen":"YOUMU","items_purchased":[],"campfire_rested":1,"item_purchase_floors":[],"current_hp_per_floor":[75,68,68,68,68,44,44,43,43,35,35,34,34,34,56,7,7],"gold":359,"neow_bonus":"THREE_ENEMY_KILL","is_daily":false,"chose_seed":false,"campfire_upgraded":2,"win_rate":0.0,"timestamp":1610862603,"path_taken":["M","?","?","M","M","E","R","?","T","E","?","M","R","?","R","BOSS"],"items_purchased_type":[],"build_version":"2020-12-22","purchased_purges":0,"victory":false,"max_hp_per_floor":[75,75,75,75,75,75,75,75,75,75,75,75,75,75,75,75,75],"card_choices":[{"not_picked":["ObsessionSword","ConstancyOfTheConventionalTruth"],"picked":"DoubleWheelOfPain","floor":1},{"not_picked":["LifeCuttingSword","CrescentMoonSlash"],"picked":"ThreeKonsSevenHakus","floor":4},{"not_picked":["AsTheSilentNirvana","DoubleWheelOfPain"],"picked":"CrescentMoonSlash","floor":5},{"not_picked":["SuddenPhantomFormationSlashOfKarmicWind","FantasyOfEnteringEnlightenment"],"picked":"SlashOfMeditation","floor":6},{"not_picked":["DispleasureOfTheSevenHakus","SanzenSekai"],"picked":"EchoesOfTheInclemencyOfAllBeings","floor":8},{"not_picked":["CrescentMoonSlash","SlashClearingTheSixSenses"],"picked":"MatsuyoiReflectingSatelliteSlash","floor":10},{"not_picked":["FourBirthsSword","DispleasureOfTheSevenHakus"],"picked":"TwoHundredYojanaInOneSlash","floor":11},{"not_picked":["HeartExcerptSlash","DispleasureOfTheSevenHakus"],"picked":"SwordExtraction","floor":12},{"not_picked":["TwoHundredYojanaInOneSlash","HeartExcerptSlash"],"picked":"LowerRealmReflectionSlash","floor":14}],"player_experience":290485,"relics_obtained":[{"floor":6,"key":"PreservedInsect"},{"floor":8,"key":"Oddly Smooth Stone"},{"floor":9,"key":"Pantograph"},{"floor":10,"key":"Ancient Tea Set"},{"floor":14,"key":"Odd Mushroom"}],"event_choices":[{"cards_removed":["Defend_YM"],"damage_healed":0,"gold_gain":0,"player_choice":"Card Removal","damage_taken":7,"max_hp_gain":0,"max_hp_loss":0,"event_name":"Golden Wing","floor":2,"gold_loss":0},{"damage_healed":0,"gold_gain":0,"player_choice":"Take Wound","damage_taken":0,"relics_obtained":["Golden Idol"],"max_hp_gain":0,"max_hp_loss":0,"event_name":"Golden Idol","floor":3,"gold_loss":0,"cards_obtained":["Injury"]},{"damage_healed":0,"gold_gain":30,"player_choice":"Searched \u00272\u0027 times","damage_taken":0,"max_hp_gain":0,"max_hp_loss":0,"event_name":"Dead Adventurer","floor":8,"gold_loss":0},{"damage_healed":0,"gold_gain":0,"player_choice":"Fought Mushrooms","damage_taken":0,"max_hp_gain":0,"max_hp_loss":0,"event_name":"Mushrooms","floor":14,"gold_loss":0}],"is_beta":false,"boss_relics":[],"items_purged_floors":[],"is_endless":false,"potions_floor_spawned":[1,8,10,11],"killed_by":"The Guardian","ascension_level":0}}