{"host":"u9xtr94typ21duox","time":1610852151,"event":{"mods":["BaseMod","Key Reminder","KinomotoSakuraMod(木之本樱)","LagranYue(拉格朗・月)","Marisa（F雨　魔理沙）","Minty Spire (QoL Compilation)","Reimu（博丽灵梦）","Remilia（蕾米莉亚）","Replay The Spire","StSLib","Td1madao Mod","The Administrix","The Bladedancer","The Bug Knight","The Construct","The Cursed","The Gatherer","The Runesmith","The Servant 0.9.4","WarShipGirlsR/战舰少女R mod","Youmu（魂魄妖梦）","vexMod"],"gold_per_floor":[110,110,128,128,128,128,162,162,162,162,200,200,220,258,258,258,258],"floor_reached":16,"language":"ZHS","playtime":445,"items_purged":[],"score":148,"play_id":"9087d667-bea7-4886-a429-d0f1db371b44","local_time":"20210117105551","is_ascension_mode":true,"campfire_choices":[{"data":"Neutralize","floor":6.0,"key":"SMITH"},{"floor":10.0,"key":"DIG"},{"floor":12.0,"key":"DIG"},{"floor":15,"key":"DIG"}],"circlet_count":0,"master_deck":["Strike_G","Strike_G+1","Strike_G","Strike_G+1","Defend_G","Defend_G","Defend_G","Defend_G","Defend_G","Survivor","Neutralize+1","Backstab","Escape Plan","Pain","Backflip","Reflex"],"relics":["Ring of the Snake","LagranYue:RandomDrawCardRelic","NeowsBlessing","Ninja Scroll","Golden Idol","Shovel","WarpedTongs","Simple Rune","HollowMod:LifeEnderRelic","vexMod:MemoryStick","Vajra","Replay:Ringing Soul","keyreminder:keyreminder","MealTicket"],"acts_visited":["Exordium"],"potions_floor_usage":[16],"damage_taken":[{"damage":0.0,"enemies":"Jaw Worm","floor":1.0,"turns":1.0},{"damage":0.0,"enemies":"Cultist","floor":3.0,"turns":1.0},{"damage":0.0,"enemies":"Gremlin Nob","floor":7.0,"turns":1.0},{"damage":15.0,"enemies":"Lagavulin","floor":11.0,"turns":9.0},{"damage":0.0,"enemies":"2 Louse","floor":13.0,"turns":1.0},{"damage":13,"enemies":"3 Sentries","floor":14,"turns":6},{"damage":21,"enemies":"Slime Boss","floor":16,"turns":8}],"seed_played":"-821969270787064166","potions_obtained":[{"floor":7.0,"key":"ColorlessPotion"},{"floor":13.0,"key":"Elixir"}],"is_trial":false,"path_per_floor":["M","?","M","?","?","R","E","?","T","R","E","R","M","E","R","B"],"character_chosen":"THE_SILENT","items_purchased":[],"campfire_rested":0,"item_purchase_floors":[],"current_hp_per_floor":[70,70,70,63,46,46,46,46,46,46,31,31,31,21,21,0,0],"gold":258,"neow_bonus":"THREE_ENEMY_KILL","is_daily":false,"chose_seed":false,"campfire_upgraded":1,"win_rate":0.0,"timestamp":1610852151,"path_taken":["M","?","?","?","?","R","E","?","T","R","E","R","M","E","R","BOSS"],"items_purchased_type":[],"build_version":"2020-12-22","purchased_purges":0,"victory":false,"max_hp_per_floor":[70,70,70,70,70,70,70,70,70,70,70,70,70,73,73,73,73],"card_choices":[{"not_picked":["Bane","Calculated Gamble","Outmaneuver"],"picked":"SKIP","floor":1.0},{"not_picked":["Deflect","Underhanded Strike"],"picked":"Backstab","floor":3.0},{"not_picked":["Flying Knee","ReplayTheSpireMod:Tripwire"],"picked":"Escape Plan","floor":7.0},{"not_picked":["Slice","Dash"],"picked":"Backflip","floor":11.0},{"not_picked":["Backflip","Deadly Poison","Poisoned Stab"],"picked":"SKIP","floor":13.0},{"not_picked":["Deadly Poison","Flying Knee"],"picked":"Reflex","floor":14}],"player_experience":301188,"relics_obtained":[{"floor":7.0,"key":"Shovel"},{"floor":9.0,"key":"Simple Rune"},{"floor":10.0,"key":"HollowMod:LifeEnderRelic"},{"floor":11.0,"key":"vexMod:MemoryStick"},{"floor":12.0,"key":"Vajra"},{"floor":14,"key":"Replay:Ringing Soul"},{"floor":15,"key":"MealTicket"}],"event_choices":[{"cards_removed":["Strike_G"],"damage_healed":0.0,"max_hp_gain":0.0,"max_hp_loss":0.0,"gold_gain":0.0,"event_name":"Bonfire Elementals","player_choice":"Offered Basic","floor":2.0,"gold_loss":0.0,"damage_taken":0.0},{"damage_healed":0.0,"max_hp_gain":0.0,"max_hp_loss":0.0,"gold_gain":0.0,"event_name":"Scrap Ooze","player_choice":"Success","floor":4.0,"gold_loss":0.0,"damage_taken":7.0,"relics_obtained":["Ninja Scroll"]},{"damage_healed":0.0,"max_hp_gain":0.0,"max_hp_loss":0.0,"gold_gain":0.0,"event_name":"Golden Idol","player_choice":"Take Damage","floor":5.0,"gold_loss":0.0,"damage_taken":17.0,"relics_obtained":["Golden Idol"]},{"damage_healed":0.0,"max_hp_gain":0.0,"max_hp_loss":0.0,"gold_gain":0.0,"event_name":"Accursed Blacksmith","player_choice":"Rummage","floor":8.0,"gold_loss":0.0,"damage_taken":0.0,"relics_obtained":["WarpedTongs"],"cards_obtained":["Pain"]}],"is_beta":false,"boss_relics":[],"items_purged_floors":[],"is_endless":false,"potions_floor_spawned":[7,13],"killed_by":"Slime Boss","ascension_level":1}}