{"host":"4iyx5awba3brsmhd","time":1610851775,"event":{"mods":["AchievementEnabler","Act Like it!","BaseMod","Better Match","Colored Powertips","Duelist Mod","Hallownest","Hero for Fun","Hubris","Infinite Spire","Magitek Elite","Marisa????????","Melee Mod","Minty Spire (QoL Compilation)","Quick Restart","Rare Cards Sparkle","Replay The Spire","Robot Space Explorer","Shade Mod","StSLib","SuperFastMode","The Blackbeard","The Blue Laboratory","The Bug Knight","The Cursed","The Necromancer","The Servant 0.9.4","TheWitcher"],"gold_per_floor":[116,136,136,46,59,59,59,72,72,72,83,97,30,50,50,50,50],"floor_reached":16,"language":"ENG","playtime":613,"items_purged":[],"score":103,"play_id":"bbb33e02-6956-4119-8bf1-5ad00aa0285b","local_time":"20210116214935","is_ascension_mode":true,"campfire_choices":[{"data":"blackbeard:BeatUp","floor":6,"key":"SMITH"},{"data":"blackbeard:GoldenStrike","floor":10,"key":"SMITH"},{"data":"blackbeard:CaptainsCabin","floor":15,"key":"SMITH"}],"circlet_count":0,"master_deck":["blackbeard:BlackbeardStrike","blackbeard:BlackbeardStrike","blackbeard:BlackbeardStrike","blackbeard:IntimidatingStrike","blackbeard:BlackbeardDefend","blackbeard:BlackbeardDefend","blackbeard:BlackbeardDefend","blackbeard:BlackbeardDefend","blackbeard:Cutlass","blackbeard:GoldenStrike+1","blackbeard:Anchor","blackbeard:GoldenDefense","blackbeard:BeatUp+1","blackbeard:CannonBarrage+1","blackbeard:GoldenDefense","blackbeard:Spear","blackbeard:Spear","blackbeard:InfiniteBarrage","blackbeard:CaptainsCabin+1"],"relics":["blackbeard:LoadTheCannons","blackbeard:Penknife"],"acts_visited":["Exordium"],"potions_floor_usage":[14,16],"damage_taken":[{"damage":2,"enemies":"Cultist","floor":1,"turns":4},{"damage":0,"enemies":"2 Louse","floor":2,"turns":2},{"damage":2,"enemies":"Jaw Worm","floor":5,"turns":5},{"damage":8,"enemies":"Looter","floor":8,"turns":3},{"damage":0,"enemies":"Blue Slaver","floor":11,"turns":2},{"damage":8,"enemies":"Large Slime","floor":12,"turns":4},{"damage":4,"enemies":"Red Slaver","floor":14,"turns":2},{"damage":53,"enemies":"Hexaghost","floor":16,"turns":9}],"seed_played":"907534678098446212","potions_obtained":[{"floor":1,"key":"blueLaboratory:FruitPunch"},{"floor":11,"key":"GamblersBrew"},{"floor":12,"key":"FearPotion"}],"is_trial":false,"path_per_floor":["M","M","?","$","M","R","?","M","T","R","M","M","$","M","R","B"],"character_chosen":"BLACKBEARD_CLASS","items_purchased":["blackbeard:Anchor","blackbeard:GoldenDefense","blackbeard:InfiniteBarrage"],"campfire_rested":0,"item_purchase_floors":[4,4,13],"current_hp_per_floor":[80,80,73,73,71,71,71,63,63,63,63,55,55,53,53,0,0],"gold":50,"neow_bonus":"TEN_PERCENT_HP_BONUS","is_daily":false,"chose_seed":false,"campfire_upgraded":3,"win_rate":0.0,"timestamp":1610851775,"path_taken":["M","M","?","$","M","R","?","M","T","R","M","?","?","M","R","BOSS"],"items_purchased_type":["Card","Card","Card"],"build_version":"2020-12-22","purchased_purges":0,"victory":false,"max_hp_per_floor":[82,82,82,82,82,82,82,82,82,82,82,82,82,84,84,84,84],"card_choices":[{"not_picked":["blackbeard:Provisioning","blackbeard:RearmingStrike"],"picked":"blackbeard:GoldenDefense","floor":1},{"not_picked":["blackbeard:SwordDance","blackbeard:CannonBarrage"],"picked":"blackbeard:GoldenStrike","floor":2},{"not_picked":["blackbeard:DeadlyArsenal","blackbeard:Halberd"],"picked":"blackbeard:BeatUp","floor":5},{"not_picked":["blackbeard:DoubleCannonball","blackbeard:Sharpening"],"picked":"blackbeard:GoldenDefense","floor":8},{"not_picked":["blackbeard:ChaoticDefense","blackbeard:GoldenStrike"],"picked":"blackbeard:Spear","floor":11},{"not_picked":["blackbeard:BrownPants","blackbeard:GoldenDefense"],"picked":"blackbeard:Spear","floor":12},{"not_picked":["blackbeard:WeaponProficiency","blackbeard:JollyRoger"],"picked":"blackbeard:CaptainsCabin","floor":14}],"player_experience":428196,"relics_obtained":[{"floor":9,"key":"blackbeard:Penknife"}],"event_choices":[{"cards_removed":["blackbeard:BlackbeardStrike"],"damage_healed":0,"gold_gain":0,"player_choice":"Card Removal","damage_taken":7,"max_hp_gain":0,"max_hp_loss":0,"event_name":"Golden Wing","floor":3,"gold_loss":0}],"is_beta":false,"boss_relics":[],"items_purged_floors":[],"is_endless":false,"potions_floor_spawned":[1,11,12],"killed_by":"Hexaghost","ascension_level":2}}