{"host":"jfdrqiydeufe5vnu","time":1610874452,"event":{"mods":["ATMod(阿瑾Mod)","Arknights The Spire","BaseMod","BetterRewards","Downfall","Energized Spire","LagranYue(拉格朗・月)","Minty Spire (QoL Compilation)","Spicy Shops","StSLib","UnlockEverythingMod","vexMod","【遗物卡牌】REMEMod","篝火指南"],"gold_per_floor":[115,190,190,365,31,31,31],"floor_reached":6,"language":"ZHS","playtime":172,"items_purged":[],"score":32,"play_id":"21b9835f-c113-4e6c-a53e-2b3095219abd","local_time":"20210117170732","is_ascension_mode":false,"campfire_choices":[],"circlet_count":0,"master_deck":["Strike_G","Strike_G","Strike_G","Strike_G","Strike_G","Defend_G","Defend_G","Defend_G","Defend_G","Defend_G","Survivor","Neutralize","Backflip","hexamod:HexaLevel","Regret","Doubt","Noxious Fumes"],"relics":["Ring of the Snake","REME_ComplimentaryCards","AT_ATBox","LagranYue:RandomDrawCardRelic","Sundial","Calipers","vexMod:FocusSash","Snake Skull","AT_DeathDance","Unceasing Top"],"acts_visited":["Exordium"],"potions_floor_usage":[6],"damage_taken":[{"damage":0,"enemies":"2 Louse","floor":1,"turns":6},{"damage":23,"enemies":"Gremlin Nob","floor":6,"turns":5}],"seed_played":"1924639080572901085","potions_obtained":[{"floor":1,"key":"bronze:BurnAndBuffPotion"}],"is_trial":false,"path_per_floor":["M","?","?","?","$","E"],"character_chosen":"THE_SILENT","items_purchased":["Sundial","Calipers","vexMod:FocusSash","Snake Skull","Backflip","Unceasing Top","Noxious Fumes"],"campfire_rested":0,"item_purchase_floors":[0,0,0,0,0,5,5],"current_hp_per_floor":[33,22,22,22,22,0,0],"gold":31,"neow_bonus":"","is_daily":false,"chose_seed":false,"campfire_upgraded":0,"win_rate":0.0,"timestamp":1610874452,"path_taken":["M","?","?","?","$","E"],"items_purchased_type":["Relic","Relic","Relic","Relic","Card","Relic","Card"],"build_version":"2020-12-22","purchased_purges":0,"victory":false,"max_hp_per_floor":[70,70,70,70,70,70,70],"card_choices":[{"not_picked":["Underhanded Strike","AT_TinkerSharpsword","PiercingWail"],"picked":"SKIP","floor":1}],"player_experience":72752,"relics_obtained":[],"event_choices":[{"damage_healed":0,"gold_gain":75,"player_choice":"Gather Gold","damage_taken":11,"max_hp_gain":0,"max_hp_loss":0,"event_name":"World of Goop","floor":2,"gold_loss":0},{"damage_healed":0,"gold_gain":0,"player_choice":"Box","damage_taken":0,"relics_obtained":["AT_DeathDance"],"max_hp_gain":0,"max_hp_loss":0,"event_name":"Big Fish","floor":3,"gold_loss":0,"cards_obtained":["Regret"]},{"damage_healed":0,"gold_gain":175,"player_choice":"AGREE","damage_taken":0,"max_hp_gain":0,"max_hp_loss":0,"event_name":"Liars Game","floor":4,"gold_loss":0,"cards_obtained":["Doubt"]}],"is_beta":false,"boss_relics":[],"items_purged_floors":[],"is_endless":false,"potions_floor_spawned":[1],"killed_by":"Gremlin Nob","ascension_level":0}}