{"host":"ydg0vn0pu4pubmdt","time":1610917736,"event":{"mods":["AchievementEnabler","BaseMod","Colored Map","Gold Saver","Minty Spire (QoL Compilation)","Quick Restart","SuperFastMode"],"gold_per_floor":[582,116,116,131,147,173,248,248,248,262,212,239,249,249,249,353,353,366,38,55,86,35,60,60,86,86,102,102,117,117,133,133,133,133],"floor_reached":33,"language":"KOR","playtime":1047,"items_purged":["Defend_B","Strike_B"],"score":465,"play_id":"016e0382-a7cf-4a75-8bb0-914583e103ec","local_time":"20210118060856","is_ascension_mode":true,"campfire_choices":[{"data":"Dualcast","floor":8.0,"key":"SMITH"},{"data":"Rainbow","floor":15.0,"key":"SMITH"},{"data":"Fusion","floor":28.0,"key":"SMITH"},{"data":"Seek","floor":30.0,"key":"SMITH"},{"data":"Coolheaded","floor":32.0,"key":"SMITH"}],"circlet_count":0,"master_deck":["AscendersBane","Strike_B+1","Strike_B","Defend_B","Defend_B","Defend_B","Zap","Dualcast+1","Rainbow+1","Coolheaded+1","Static Discharge","Genetic Algorithm","Seek+1","Turbo","Steam Power","Electrodynamics","Tempest+1","Compile Driver+1","Leap","Multi-Cast","Fusion+1","Turbo","Turbo+1"],"relics":["Cracked Core","Question Card","TheAbacus","Bird Faced Urn","Ice Cream","Nunchaku","Nuclear Battery","ClockworkSouvenir","Red Mask","Toy Ornithopter","Whetstone","Shuriken"],"acts_visited":["Exordium","TheCity"],"potions_floor_usage":[33],"damage_taken":[{"damage":5.0,"enemies":"Small Slimes","floor":1.0,"turns":3.0},{"damage":0.0,"enemies":"Cultist","floor":4.0,"turns":2.0},{"damage":0.0,"enemies":"2 Louse","floor":5.0,"turns":4.0},{"damage":24.0,"enemies":"3 Sentries","floor":6.0,"turns":4.0},{"damage":6.0,"enemies":"Blue Slaver","floor":10.0,"turns":3.0},{"damage":6.0,"enemies":"Exordium Wildlife","floor":13.0,"turns":6.0},{"damage":9.0,"enemies":"Hexaghost","floor":16.0,"turns":9.0},{"damage":0.0,"enemies":"3 Byrds","floor":18.0,"turns":1.0},{"damage":0.0,"enemies":"2 Thieves","floor":20.0,"turns":1.0},{"damage":7.0,"enemies":"Masked Bandits","floor":21.0,"turns":2.0},{"damage":0.0,"enemies":"Gremlin Leader","floor":23.0,"turns":6.0},{"damage":35.0,"enemies":"Book of Stabbing","floor":25.0,"turns":4.0},{"damage":9.0,"enemies":"Cultist and Chosen","floor":27.0,"turns":5.0},{"damage":3.0,"enemies":"Snake Plant","floor":29.0,"turns":3.0},{"damage":0.0,"enemies":"Centurion and Healer","floor":31.0,"turns":2.0},{"damage":64,"enemies":"Champ","floor":33,"turns":9}],"seed_played":"-2107414187416508458","potions_obtained":[{"floor":3.0,"key":"BlessingOfTheForge"},{"floor":3.0,"key":"FocusPotion"},{"floor":3.0,"key":"AttackPotion"},{"floor":6.0,"key":"LiquidMemories"},{"floor":10.0,"key":"PotionOfCapacity"},{"floor":13.0,"key":"Energy Potion"},{"floor":23.0,"key":"SpeedPotion"},{"floor":25.0,"key":"Fire Potion"}],"is_trial":false,"path_per_floor":["M","$","?","M","M","E","?","R","T","M","?","T","M","?","R","B",null,"M","$","M","?","$","E","?","E","T","M","R","M","R","M","R","B"],"character_chosen":"DEFECT","items_purchased":["Question Card","TheAbacus","ClockworkSouvenir","Regen Potion","PowerPotion"],"campfire_rested":0,"item_purchase_floors":[2,2,19,19,22],"current_hp_per_floor":[63,63,63,63,63,39,28,28,28,22,22,22,16,16,16,9,59,61,61,63,65,65,69,69,50,50,45,45,44,44,46,46,0,0],"gold":133,"neow_bonus":"ONE_RANDOM_RARE_CARD","is_daily":false,"chose_seed":false,"campfire_upgraded":5,"win_rate":0.0,"timestamp":1610917736,"path_taken":["M","$","?","?","M","E","?","R","T","M","?","?","?","?","R","BOSS","M","$","M","?","$","E","?","E","T","M","R","M","R","M","R","BOSS"],"items_purchased_type":["Relic","Relic","Relic","Potion","Potion"],"build_version":"2020-12-22","purchased_purges":2,"victory":false,"max_hp_per_floor":[75,75,75,75,75,75,75,75,75,75,75,75,75,75,75,75,75,75,75,75,75,75,75,75,75,75,75,75,75,75,75,75,75,75],"card_choices":[{"not_picked":["Redo","Ball Lightning"],"picked":"Coolheaded","floor":1.0},{"not_picked":["Barrage","Gash","Melter"],"picked":"Static Discharge","floor":4.0},{"not_picked":["Coolheaded","Heatsinks","Conserve Battery"],"picked":"Genetic Algorithm","floor":5.0},{"not_picked":["Sunder","Steam Power","Streamline"],"picked":"Seek","floor":6.0},{"not_picked":["Beam Cell","Ball Lightning","Glacier"],"picked":"Turbo","floor":10.0},{"not_picked":["Steam","Ball Lightning","Stack"],"picked":"Steam Power","floor":13.0},{"not_picked":["Creative AI","All For One","Biased Cognition"],"picked":"Electrodynamics","floor":16.0},{"not_picked":["Leap","Beam Cell","Genetic Algorithm"],"picked":"Tempest+1","floor":18.0},{"not_picked":["Storm","Self Repair+1","Gash"],"picked":"Compile Driver","floor":20.0},{"not_picked":["Barrage+1","Streamline","Hologram+1"],"picked":"Leap","floor":21.0},{"not_picked":["Darkness","Cold Snap+1","Stack+1"],"picked":"Multi-Cast","floor":23.0},{"not_picked":["Leap","Gash","Consume"],"picked":"Fusion","floor":25.0},{"not_picked":["Consume","Redo","Go for the Eyes"],"picked":"Turbo","floor":27.0},{"not_picked":["Go for the Eyes","Sweeping Beam","Hello World","Reprogram"],"picked":"SKIP","floor":29.0},{"not_picked":["Redo","Leap","Hologram"],"picked":"Turbo+1","floor":31.0}],"player_experience":456497,"relics_obtained":[{"floor":6.0,"key":"Bird Faced Urn"},{"floor":9.0,"key":"Ice Cream"},{"floor":12.0,"key":"Nunchaku"},{"floor":21.0,"key":"Red Mask"},{"floor":23.0,"key":"Toy Ornithopter"},{"floor":25.0,"key":"Whetstone"},{"floor":26.0,"key":"Shuriken"}],"event_choices":[{"damage_healed":0.0,"max_hp_gain":0.0,"max_hp_loss":0.0,"gold_gain":0.0,"event_name":"Lab","player_choice":"Got Potions","floor":3.0,"gold_loss":0.0,"damage_taken":0.0},{"damage_healed":0.0,"max_hp_gain":0.0,"max_hp_loss":0.0,"gold_gain":75.0,"event_name":"World of Goop","player_choice":"Gather Gold","floor":7.0,"gold_loss":0.0,"damage_taken":11.0},{"cards_removed":["Strike_B"],"damage_healed":0.0,"max_hp_gain":0.0,"max_hp_loss":0.0,"gold_gain":0.0,"event_name":"The Cleric","player_choice":"Card Removal","floor":11.0,"gold_loss":50.0,"damage_taken":0.0},{"damage_healed":0.0,"max_hp_gain":0.0,"max_hp_loss":0.0,"gold_gain":0.0,"event_name":"Dead Adventurer","player_choice":"Searched \u00270\u0027 times","floor":14.0,"gold_loss":0.0,"damage_taken":0.0},{"damage_healed":0.0,"max_hp_gain":0.0,"max_hp_loss":0.0,"gold_gain":0.0,"event_name":"Masked Bandits","player_choice":"Fought Bandits","floor":21.0,"gold_loss":0.0,"damage_taken":0.0},{"damage_healed":0.0,"max_hp_gain":0.0,"max_hp_loss":0.0,"gold_gain":0.0,"event_name":"Ghosts","player_choice":"Ignored","floor":24.0,"gold_loss":0.0,"damage_taken":0.0}],"is_beta":false,"boss_relics":[{"not_picked":["Sozu","Tiny House"],"picked":"Nuclear Battery"}],"items_purged_floors":[2,19],"is_endless":false,"potions_floor_spawned":[6,10,13,23,25,27,29],"killed_by":"Champ","ascension_level":10}}