{"host":"37dk0reb6x0du8wx","time":1610876239,"event":{"mods":["BaseMod","Colored Map","DeckTracker","Minty Spire (QoL Compilation)","Quick Restart","StSLib"],"gold_per_floor":[115,5019,5019,5033,5033,5067,5085,5085,5085,5096,5096,5096,4343,4370,4370,4472,4472,4482,3986,3986,3999,4014,4014,4039,4039,4039,4052,3800,3828,3443,3476,3476,3580,3580,3597,3611,3629,3629,3629],"floor_reached":38,"language":"KOR","playtime":1504,"items_purged":["Strike_G","Strike_G","Strike_G","Strike_G"],"score":513,"play_id":"3b1a02ab-4a43-427a-833c-bf0b1dbdc915","local_time":"20210117183719","is_ascension_mode":true,"campfire_choices":[{"floor":8,"key":"REST"},{"floor":12,"key":"REST"},{"floor":15,"key":"REST"},{"data":"Noxious Fumes","floor":23,"key":"SMITH"},{"data":"Crippling Poison","floor":25,"key":"SMITH"},{"floor":32,"key":"REST"}],"circlet_count":0,"master_deck":["Strike_G+1","Defend_G+1","Defend_G","Defend_G","Defend_G","Defend_G","Survivor","Neutralize","Deflect","Deflect","Deadly Poison+1","Crippling Poison+1","Noxious Fumes+1","PiercingWail","Poisoned Stab","Poisoned Stab","Crippling Poison+1","Noxious Fumes+1","Footwork+1","Footwork+1","Poisoned Stab+1","Deflect+1","Night Terror+1","Footwork+1"],"relics":["Runic Pyramid","Calipers","Singing Bowl","Shuriken","InkBottle","Blood Vial","Frozen Eye","Letter Opener","Philosopher\u0027s Stone","Dream Catcher","Membership Card","White Beast Statue","Bronze Scales","Frozen Egg 2","Omamori","Medical Kit","Molten Egg 2","Tiny Chest","Matryoshka","OrangePellets","Toxic Egg 2","Velvet Choker"],"acts_visited":["Exordium","TheCity","TheBeyond"],"potions_floor_usage":[6,24,24,24,24,24,24,31],"damage_taken":[{"damage":0,"enemies":"Cultist","floor":1,"turns":4},{"damage":3,"enemies":"2 Louse","floor":2,"turns":4},{"damage":1,"enemies":"Jaw Worm","floor":4,"turns":4},{"damage":7,"enemies":"Lagavulin","floor":6,"turns":7},{"damage":23,"enemies":"Lots of Slimes","floor":7,"turns":5},{"damage":6,"enemies":"Exordium Thugs","floor":10,"turns":6},{"damage":6,"enemies":"Gremlin Nob","floor":14,"turns":4},{"damage":15,"enemies":"Hexaghost","floor":16,"turns":8},{"damage":4,"enemies":"Spheric Guardian","floor":18,"turns":5},{"damage":0,"enemies":"Chosen","floor":21,"turns":4},{"damage":9,"enemies":"Snake Plant","floor":22,"turns":4},{"damage":16,"enemies":"Gremlin Leader","floor":24,"turns":4},{"damage":3,"enemies":"3 Cultists","floor":27,"turns":4},{"damage":16,"enemies":"Book of Stabbing","floor":29,"turns":5},{"damage":38,"enemies":"Slavers","floor":31,"turns":3},{"damage":1,"enemies":"Champ","floor":33,"turns":9},{"damage":18,"enemies":"3 Shapes","floor":35,"turns":3},{"damage":17,"enemies":"3 Darklings","floor":36,"turns":4},{"damage":18,"enemies":"Transient","floor":37,"turns":5},{"damage":44,"enemies":"Sphere and 2 Shapes","floor":38,"turns":3}],"seed_played":"-8179849033111420136","potions_obtained":[{"floor":2,"key":"Ancient Potion"},{"floor":10,"key":"Explosive Potion"},{"floor":18,"key":"EntropicBrew"},{"floor":21,"key":"EntropicBrew"},{"floor":24,"key":"Fruit Juice"},{"floor":27,"key":"Poison Potion"},{"floor":31,"key":"LiquidBronze"}],"is_trial":false,"path_per_floor":["M","M","?","M","?","E","M","R","T","M","T","R","$","E","R","B",null,"M","$","?","M","M","R","E","R","T","M","$","E","$","E","R","B",null,"M","M","M","M"],"character_chosen":"THE_SILENT","items_purchased":["InkBottle","Blood Vial","Frozen Eye","Noxious Fumes","PiercingWail","Poisoned Stab","Dream Catcher","Membership Card","White Beast Statue","Poisoned Stab","Omamori","Medical Kit","Noxious Fumes+1","Tiny Chest","Matryoshka","OrangePellets","Footwork+1"],"campfire_rested":4,"item_purchase_floors":[13,13,13,13,13,13,19,19,19,19,28,28,28,30,30,30,30],"current_hp_per_floor":[70,67,53,52,52,45,22,43,43,37,37,58,58,56,72,59,74,72,72,66,68,63,63,70,70,70,71,71,57,57,21,47,48,87,69,56,42,0,0],"gold":3629,"neow_bonus":"BOSS_RELIC","is_daily":false,"chose_seed":false,"campfire_upgraded":2,"win_rate":0.0,"timestamp":1610876239,"path_taken":["M","?","?","M","?","E","?","R","T","M","?","R","$","E","R","BOSS","M","$","?","?","M","R","E","R","T","M","?","E","$","E","R","BOSS","M","M","M","M"],"items_purchased_type":["Relic","Relic","Relic","Card","Card","Card","Relic","Relic","Relic","Card","Relic","Relic","Card","Relic","Relic","Relic","Card"],"build_version":"2020-12-22","purchased_purges":4,"victory":false,"max_hp_per_floor":[70,70,70,70,70,70,70,70,70,70,70,70,70,72,72,74,74,76,76,76,76,78,78,85,85,85,87,87,87,87,87,87,87,87,87,89,91,91,91],"card_choices":[{"not_picked":["Sucker Punch","Prepared"],"picked":"Deflect","floor":1},{"not_picked":["Concentrate","Skewer"],"picked":"Deflect","floor":2},{"not_picked":["Infinite Blades","Dodge and Roll"],"picked":"Deadly Poison","floor":4},{"not_picked":["Concentrate","Prepared","Dash"],"picked":"SKIP","floor":6},{"not_picked":["Acrobatics","Backflip","Masterful Stab"],"picked":"SKIP","floor":7},{"not_picked":["Endless Agony","Quick Slash"],"picked":"Crippling Poison","floor":10},{"not_picked":["Outmaneuver","PiercingWail","Masterful Stab"],"picked":"Singing Bowl","floor":14},{"not_picked":["Doppelganger","Unload","Die Die Die"],"picked":"Singing Bowl","floor":16},{"not_picked":["Reflex","Concentrate","Caltrops"],"picked":"Singing Bowl","floor":18},{"not_picked":["Backflip","Tactician+1"],"picked":"Crippling Poison+1","floor":21},{"not_picked":["Slice","Blur+1","Expertise"],"picked":"Singing Bowl","floor":22},{"not_picked":["Eviscerate+1","Quick Slash","Well Laid Plans"],"picked":"Singing Bowl","floor":24},{"not_picked":["Endless Agony","Slice","Infinite Blades+1"],"picked":"Singing Bowl","floor":27},{"not_picked":["Predator+1","Backflip"],"picked":"Footwork+1","floor":29},{"not_picked":["Adrenaline+1","Bouncing Flask+1"],"picked":"Poisoned Stab+1","floor":31},{"not_picked":["Sucker Punch+1","Prepared+1"],"picked":"Deflect+1","floor":32},{"not_picked":["Phantasmal Killer+1","Adrenaline+1"],"picked":"Night Terror+1","floor":33},{"not_picked":["Flying Knee+1","Acrobatics+1"],"picked":"Footwork+1","floor":35},{"not_picked":["Underhanded Strike+1","Bouncing Flask+1","Dagger Throw+1"],"picked":"Singing Bowl","floor":36},{"not_picked":["Flechettes+1","Bouncing Flask+1","Escape Plan+1"],"picked":"Singing Bowl","floor":37}],"player_experience":213458,"relics_obtained":[{"floor":6,"key":"Calipers"},{"floor":9,"key":"Singing Bowl"},{"floor":11,"key":"Shuriken"},{"floor":14,"key":"Letter Opener"},{"floor":24,"key":"Bronze Scales"},{"floor":26,"key":"Frozen Egg 2"},{"floor":29,"key":"Molten Egg 2"},{"floor":31,"key":"Toxic Egg 2"}],"event_choices":[{"damage_healed":0,"gold_gain":0,"player_choice":"Entered Light","damage_taken":14,"max_hp_gain":0,"max_hp_loss":0,"event_name":"Shining Light","floor":3,"gold_loss":0,"cards_upgraded":["Defend_G","Strike_G"]},{"damage_healed":0,"gold_gain":0,"player_choice":"Upgraded","damage_taken":0,"max_hp_gain":0,"max_hp_loss":0,"event_name":"Upgrade Shrine","floor":5,"gold_loss":0,"cards_upgraded":["Deadly Poison"]},{"damage_healed":0,"gold_gain":0,"player_choice":"","damage_taken":6,"max_hp_gain":0,"max_hp_loss":0,"event_name":"Knowing Skull","floor":20,"potions_obtained":[],"gold_loss":0,"cards_obtained":[]}],"is_beta":false,"boss_relics":[{"not_picked":["Pandora\u0027s Box","Runic Dome"],"picked":"Philosopher\u0027s Stone"},{"not_picked":["HoveringKite","Black Star"],"picked":"Velvet Choker"}],"items_purged_floors":[13,19,28,30],"is_endless":false,"potions_floor_spawned":[2,10,18,21,22,24,27,29,31,33,35,36,37],"killed_by":"Sphere and 2 Shapes","ascension_level":2}}