{"host":"z0tqw7lu1gwakzxm","time":1610854000,"event":{"mods":["BaseMod","DeckTracker","Lobotomy","Minty Spire (QoL Compilation)","StSLib","slay the spire mod where everything is the same but ironclad has a cowboy hat"],"gold_per_floor":[112,112,133,153,153,27,27,27,80,123,86,86,109,129,129,260,260,276,276,276,184,136,159,159,159,159,169,139,34,34,4,4],"floor_reached":31,"language":"ENG","playtime":1339,"items_purged":[],"score":284,"play_id":"f176f9f2-4406-4723-901a-14a2e9f557bd","local_time":"20210116222640","is_ascension_mode":false,"campfire_choices":[{"data":"Pummel","floor":7,"key":"SMITH"},{"data":"Searing Blow","floor":12,"key":"SMITH"},{"floor":15,"key":"REST"},{"floor":24,"key":"REST"},{"floor":30,"key":"REST"}],"circlet_count":0,"master_deck":["Strike_R","Strike_R","Strike_R","Strike_R","Strike_R","Defend_R","Defend_R","Defend_R","Defend_R","Bash+1","QueenBee","Shrug It Off","UniverseFragment","Flex","Murderer","Pommel Strike","Flex","Pummel+1","VoidDream","Searing Blow+1","Rampage","MeatLantern","Anger","Evolve","BeautyBeast","Feed","Freischutz","Uppercut","FairyFestival","LaLuna","True Grit","LongBird","LittlePrince","Metallicize+1","Laetitia","Twin Strike","Armaments","Dark Shackles"],"relics":["Burning Blood","CogitoBucket","Golden Idol","Lantern","Omamori","Theresia","Mark of Pain","ChangeAnything","Ornamental Fan","Frozen Egg 2"],"acts_visited":["Exordium","TheCity"],"potions_floor_usage":[5,16,16,22,22,25,27],"damage_taken":[{"damage":0,"enemies":"Small Slimes","floor":1,"turns":3},{"damage":5,"enemies":"Cultist","floor":3,"turns":4},{"damage":6,"enemies":"Jaw Worm","floor":4,"turns":4},{"damage":0,"enemies":"Gremlin Gang","floor":5,"turns":1},{"damage":13,"enemies":"3 Sentries","floor":10,"turns":6},{"damage":20,"enemies":"Large Slime","floor":13,"turns":3},{"damage":50,"enemies":"3 Louse","floor":14,"turns":1},{"damage":43,"enemies":"Hexaghost","floor":16,"turns":9},{"damage":0,"enemies":"Chosen","floor":18,"turns":4},{"damage":18,"enemies":"Spheric Guardian","floor":21,"turns":2},{"damage":39,"enemies":"Snecko","floor":22,"turns":5},{"damage":22,"enemies":"Book of Stabbing","floor":23,"turns":5},{"damage":0,"enemies":"3 Cultists","floor":25,"turns":1},{"damage":20,"enemies":"Centurion and Healer","floor":27,"turns":6},{"damage":19,"enemies":"Snake Plant","floor":28,"turns":4},{"damage":28,"enemies":"Snecko","floor":31,"turns":6}],"seed_played":"7219107654350083122","potions_obtained":[{"floor":3,"key":"SmokeBomb"},{"floor":10,"key":"Regen Potion"},{"floor":13,"key":"HeartOfIron"},{"floor":19,"key":"EssenceOfSteel"},{"floor":19,"key":"SmokeBomb"},{"floor":19,"key":"AttackPotion"},{"floor":23,"key":"AttackPotion"}],"is_trial":false,"path_per_floor":["M","?","M","M","M","$","R","?","T","E","$","R","M","M","R","B",null,"M","?","$","M","M","E","R","M","T","M","M","$","R","M"],"character_chosen":"IRONCLAD","items_purchased":["Flex","Pummel","Rampage","Armaments","Dark Shackles"],"campfire_rested":3,"item_purchase_floors":[6,6,11,29,29],"current_hp_per_floor":[80,74,74,74,74,74,74,74,74,67,67,67,53,9,31,9,74,74,74,74,62,35,22,46,52,52,43,30,30,54,26,26],"gold":4,"neow_bonus":"","is_daily":false,"chose_seed":false,"campfire_upgraded":2,"win_rate":0.0,"timestamp":1610854000,"path_taken":["M","?","M","M","M","$","R","?","T","E","$","R","M","M","R","BOSS","M","?","$","M","?","E","R","M","T","M","M","$","R","M"],"items_purchased_type":["Card","Card","Card","Card","Card"],"build_version":"2020-12-22","purchased_purges":0,"victory":false,"max_hp_per_floor":[80,74,74,74,74,74,74,74,74,74,74,74,74,74,74,74,74,74,74,74,74,77,80,80,80,80,83,83,83,83,83,83],"card_choices":[{"not_picked":["SnowQueen","WallGazer"],"picked":"QueenBee","floor":1},{"not_picked":["Sword Boomerang","Perfected Strike"],"picked":"Shrug It Off","floor":1},{"not_picked":["Bloodbath","MeatLantern"],"picked":"UniverseFragment","floor":3},{"not_picked":["Wild Strike","Havoc"],"picked":"Flex","floor":3},{"not_picked":["Wellcheers","WhitesApple"],"picked":"Murderer","floor":4},{"not_picked":["Feel No Pain","Wild Strike"],"picked":"Pommel Strike","floor":4},{"not_picked":["CherryBlossoms","WallGazer"],"picked":"VoidDream","floor":10},{"not_picked":["Wild Strike","Perfected Strike"],"picked":"Searing Blow","floor":10},{"not_picked":["PunishingBird","Scorched"],"picked":"MeatLantern","floor":13},{"not_picked":["Pommel Strike","Combust"],"picked":"Anger","floor":13},{"not_picked":["Entrench","Headbutt"],"picked":"Evolve","floor":14},{"not_picked":["OldLady","WallGazer"],"picked":"BeautyBeast","floor":16},{"not_picked":["Fiend Fire","Juggernaut"],"picked":"Feed","floor":16},{"not_picked":["CherryBlossoms","BlackSwan"],"picked":"Freischutz","floor":18},{"not_picked":["Heavy Blade","Headbutt"],"picked":"Uppercut","floor":18},{"not_picked":["DespairKnight","Yin"],"picked":"FairyFestival","floor":21},{"not_picked":["Sentinel","Power Through","Clothesline+1"],"picked":"SKIP","floor":21},{"not_picked":["BodiesMountain","WallGazer"],"picked":"LaLuna","floor":22},{"not_picked":["Seeing Red+1","Warcry"],"picked":"True Grit","floor":22},{"not_picked":["MHz","Scorched"],"picked":"LongBird","floor":23},{"not_picked":["Fire Breathing+1","Barricade","Warcry"],"picked":"SKIP","floor":23},{"not_picked":["MHz","PlagueDoctor"],"picked":"LittlePrince","floor":27},{"not_picked":["Heavy Blade","Wild Strike"],"picked":"Metallicize+1","floor":27},{"not_picked":["ShyLook","PunishingBird"],"picked":"Laetitia","floor":28},{"not_picked":["Havoc","Clothesline"],"picked":"Twin Strike","floor":28}],"player_experience":334671,"relics_obtained":[{"floor":9,"key":"Lantern"},{"floor":10,"key":"Omamori"},{"floor":23,"key":"Ornamental Fan"},{"floor":26,"key":"Frozen Egg 2"}],"event_choices":[{"damage_healed":0,"gold_gain":0,"player_choice":"Lose Max HP","damage_taken":0,"relics_obtained":["Golden Idol"],"max_hp_gain":0,"max_hp_loss":6,"event_name":"Golden Idol","floor":2,"gold_loss":0},{"damage_healed":0,"gold_gain":0,"player_choice":"Upgraded","damage_taken":0,"max_hp_gain":0,"max_hp_loss":0,"event_name":"Upgrade Shrine","floor":8,"gold_loss":0,"cards_upgraded":["Bash"]},{"damage_healed":0,"gold_gain":0,"player_choice":"Got Potions","damage_taken":0,"max_hp_gain":0,"max_hp_loss":0,"event_name":"Lab","floor":19,"gold_loss":0}],"is_beta":false,"boss_relics":[{"not_picked":["SacredBark","Philosopher\u0027s Stone"],"picked":"Mark of Pain"}],"items_purged_floors":[],"is_endless":false,"potions_floor_spawned":[3,5,10,13,21,23],"killed_by":"Snecko","ascension_level":0}}