{"host":"3z9xbwjeimmg738z","time":1610851306,"event":{"mods":["2.2 Compatiblity","Act Like it!","AlwaysNeverKeys","BaseMod","Colored Powertips","Defuse TimeMaze Blight","Downfall","GifTheSpireLib","Minty Spire (QoL Compilation)","Rare Cards Sparkle","StSLib"],"gold_per_floor":[99,115,115,125,125,140,140,140,169,69,86,103,130,142,155,155,155,155],"floor_reached":16,"language":"ENG","playtime":920,"items_purged":[],"score":120,"play_id":"81b99cce-9365-481c-9a6c-bd25e0ba6505","local_time":"20210116184146","daily_mods":["ControlledChaos"],"is_ascension_mode":true,"campfire_choices":[{"data":"Slimebound:Split","floor":1,"key":"SMITH"},{"data":"Slimebound:LevelUp","floor":10,"key":"SMITH"}],"circlet_count":0,"master_deck":["Slimebound:Strike_Slimebound","Slimebound:Strike_Slimebound","Slimebound:Strike_Slimebound","Slimebound:Tackle","Slimebound:Defend_Slimebound","Slimebound:Defend_Slimebound","Slimebound:Defend_Slimebound","Slimebound:Defend_Slimebound","Slimebound:Split+1","Slimebound:CorrosiveSpit","Slimebound:LevelUp+1","Slimebound:SpikyOuterGoop","Slimebound:LeadByExample","Slimebound:LivingWall"],"relics":["Slimebound:AbsorbEndCombat","Frozen Eye","Turnip","Ice Cream","Slimebound:MaxSlimesRelic","Sundial","downfall:HeartBlessingBlue","hexamod:Sixitude"],"acts_visited":["Exordium"],"potions_floor_usage":[15,16],"damage_taken":[{"damage":3,"enemies":"2 Louse","floor":2,"turns":2},{"damage":10,"enemies":"Small Slimes","floor":4,"turns":3},{"damage":6,"enemies":"Jaw Worm","floor":6,"turns":4},{"damage":23,"enemies":"Gremlin Nob","floor":9,"turns":4},{"damage":29,"enemies":"Exordium Wildlife","floor":11,"turns":7},{"damage":18,"enemies":"Gremlin Gang","floor":12,"turns":4},{"damage":12,"enemies":"Lagavulin","floor":13,"turns":5},{"damage":8,"enemies":"Red Slaver","floor":14,"turns":4},{"damage":0,"enemies":"Exordium Thugs","floor":15,"turns":3},{"damage":21,"enemies":"SI_SHIV_ARCHETYPE","floor":16,"turns":5}],"seed_played":"7227445606428595277","potions_obtained":[{"floor":2,"key":"SpeedPotion"},{"floor":6,"key":"SpeedPotion"},{"floor":11,"key":"DistilledChaos"},{"floor":13,"key":"Strength Potion"}],"is_trial":true,"path_per_floor":["R","M","?","M","?","M","T","T","E","R","M","M","E","M","M","B"],"character_chosen":"SLIMEBOUND","items_purchased":[],"campfire_rested":0,"item_purchase_floors":[],"current_hp_per_floor":[65,63,63,54,51,47,47,47,43,53,43,33,23,16,18,0,0,0],"gold":155,"neow_bonus":"","is_daily":false,"chose_seed":false,"campfire_upgraded":2,"win_rate":0.0,"timestamp":1610851306,"path_taken":["R","M","?","M","?","?","T","?","E","R","M","?","E","M","M","BOSS"],"items_purchased_type":[],"build_version":"2020-12-22","purchased_purges":0,"victory":false,"max_hp_per_floor":[65,65,65,65,65,65,65,65,65,75,75,75,75,75,75,75,75,75],"card_choices":[{"not_picked":["Slimebound:Gluttony","Slimebound:SamplingLick"],"picked":"Slimebound:LevelUp","floor":2},{"not_picked":["Slimebound:ForwardTackle","Slimebound:DivideAndConquer","Slimebound:LeechingTouch"],"picked":"SKIP","floor":4},{"not_picked":["Slimebound:DisruptingSlam","Slimebound:RainOfGoop","Slimebound:SlimeSpikes"],"picked":"SKIP","floor":6},{"not_picked":["Slimebound:GrowthPunch","Slimebound:SplitBruiser","Slimebound:HungryTackle"],"picked":"SKIP","floor":9},{"not_picked":["Slimebound:GoopSpray","Slimebound:Schlurp"],"picked":"Slimebound:SpikyOuterGoop","floor":11},{"not_picked":["Slimebound:LivingWall","Slimebound:CheckThePlaybook","Slimebound:SlimeSpikes"],"picked":"SKIP","floor":12},{"not_picked":["Slimebound:DouseInSlime","Slimebound:GrowthPunch"],"picked":"Slimebound:LeadByExample","floor":13},{"not_picked":["Slimebound:SplitMire","Slimebound:DivideAndConquer"],"picked":"Slimebound:LivingWall","floor":14},{"not_picked":["Slimebound:GoopSpray","Slimebound:FlameTackle","Slimebound:GrowthPunch"],"picked":"SKIP","floor":15}],"player_experience":163354,"relics_obtained":[{"floor":7,"key":"Ice Cream"},{"floor":8,"key":"Slimebound:MaxSlimesRelic"},{"floor":9,"key":"Sundial"},{"floor":13,"key":"hexamod:Sixitude"}],"event_choices":[{"damage_healed":0,"gold_gain":0,"player_choice":"Success","damage_taken":3,"relics_obtained":["Turnip"],"max_hp_gain":0,"max_hp_loss":0,"event_name":"Scrap Ooze","floor":5,"gold_loss":0}],"is_beta":false,"boss_relics":[],"items_purged_floors":[],"is_endless":false,"potions_floor_spawned":[2,6,11,13],"killed_by":"SI_SHIV_ARCHETYPE","ascension_level":1}}