{"host":"17trt2gvjgnh9jmc","time":1610842478,"event":{"mods":["AchievementEnabler","BaseMod","Bestiary","Colored Map","Minty Spire (QoL Compilation)","Relic Stats"],"gold_per_floor":[119,134,104,120,133,133,163,163,163,178,197,228,239,253,253,357,357,375,375,63,63,77,112,129,129,182,200,200,200,200],"floor_reached":29,"language":"ENG","playtime":4802,"items_purged":["Defend_R"],"score":297,"play_id":"1db80e51-c436-4657-8ffe-b2547aafa80c","local_time":"20210117011438","is_ascension_mode":true,"campfire_choices":[{"data":"Bash","floor":6.0,"key":"SMITH"},{"data":"Pommel Strike","floor":8.0,"key":"SMITH"},{"floor":15.0,"key":"REST"},{"floor":25,"key":"REST"},{"floor":28,"key":"REST"}],"circlet_count":0,"master_deck":["Defend_R","Defend_R","Defend_R","Bash+1","Burning Pact","Pommel Strike+1","Anger","Demon Form","Headbutt","Flame Barrier","Cleave","True Grit","Armaments","Double Tap","Sword Boomerang+1","Bite","Bite","Bite","Bite","Bite","Fiend Fire","Power Through","Second Wind","Iron Wave+1"],"relics":["Burning Blood","Eternal Feather","Unceasing Top","WingedGreaves","Runic Pyramid","Juzu Bracelet"],"acts_visited":["Exordium","TheCity"],"potions_floor_usage":[22,23],"damage_taken":[{"damage":1.0,"enemies":"Cultist","floor":1.0,"turns":4.0},{"damage":3.0,"enemies":"Small Slimes","floor":2.0,"turns":4.0},{"damage":5.0,"enemies":"Jaw Worm","floor":4.0,"turns":4.0},{"damage":24.0,"enemies":"Lots of Slimes","floor":5.0,"turns":7.0},{"damage":6.0,"enemies":"Gremlin Nob","floor":7.0,"turns":3.0},{"damage":51.0,"enemies":"Gremlin Gang","floor":10.0,"turns":5.0},{"damage":18.0,"enemies":"3 Louse","floor":11.0,"turns":3.0},{"damage":19.0,"enemies":"Lagavulin","floor":12.0,"turns":6.0},{"damage":1.0,"enemies":"2 Fungi Beasts","floor":13.0,"turns":3.0},{"damage":2.0,"enemies":"Exordium Thugs","floor":14.0,"turns":5.0},{"damage":39.0,"enemies":"Slime Boss","floor":16.0,"turns":7.0},{"damage":46.0,"enemies":"2 Thieves","floor":18.0,"turns":5.0},{"damage":28,"enemies":"3 Byrds","floor":22,"turns":6},{"damage":38,"enemies":"Gremlin Leader","floor":23,"turns":5},{"damage":35,"enemies":"Snake Plant","floor":24,"turns":3},{"damage":45,"enemies":"Shelled Parasite and Fungi","floor":27,"turns":5},{"damage":55,"enemies":"Book of Stabbing","floor":29,"turns":6}],"seed_played":"8078101716612120234","potions_obtained":[{"floor":1.0,"key":"EssenceOfSteel"},{"floor":3.0,"key":"CultistPotion"},{"floor":3.0,"key":"SmokeBomb"},{"floor":7.0,"key":"LiquidBronze"},{"floor":11.0,"key":"Strength Potion"},{"floor":13.0,"key":"LiquidBronze"},{"floor":22,"key":"FairyPotion"},{"floor":23,"key":"Energy Potion"}],"is_trial":false,"path_per_floor":["M","M","?","M","M","R","E","R","T","M","M","E","M","M","R","B",null,"M","?","$","?","M","E","M","R","T","M","R","E"],"character_chosen":"IRONCLAD","items_purchased":["Fiend Fire","Power Through"],"campfire_rested":3,"item_purchase_floors":[20,20],"current_hp_per_floor":[88,88,88,88,70,70,70,79,79,34,22,9,14,18,56,23,88,48,48,48,53,41,13,14,44,44,17,47,0,0],"gold":200,"neow_bonus":"TEN_PERCENT_HP_BONUS","is_daily":false,"chose_seed":false,"campfire_upgraded":2,"win_rate":0.0,"timestamp":1610842478,"path_taken":["M","?","?","M","M","R","E","R","T","M","?","E","M","M","R","BOSS","M","?","$","?","M","E","M","R","T","M","R","E"],"items_purchased_type":["Card","Card"],"build_version":"2020-12-22","purchased_purges":1,"victory":false,"max_hp_per_floor":[88,88,88,88,88,88,88,88,88,88,88,88,88,88,88,88,88,88,61,61,61,61,61,61,61,61,61,61,61,61],"relic_stats":{"counters":[17,81],"Eternal Feather":45,"Juzu Bracelet":0,"obtain_stats":[{"Eternal Feather":7,"WingedGreaves":12,"Juzu Bracelet":23,"Burning Blood":0,"Unceasing Top":9,"Runic Pyramid":17},{"Eternal Feather":5,"WingedGreaves":8,"Juzu Bracelet":14,"Burning Blood":0,"Unceasing Top":5,"Runic Pyramid":11},{"Eternal Feather":22,"WingedGreaves":36,"Juzu Bracelet":67,"Burning Blood":0,"Unceasing Top":22,"Runic Pyramid":51}],"Burning Blood":87,"Unceasing Top":[1]},"card_choices":[{"not_picked":["Disarm","Entrench"],"picked":"Burning Pact","floor":1.0},{"not_picked":["Intimidate","Infernal Blade"],"picked":"Pommel Strike","floor":2.0},{"not_picked":["Combust","Thunderclap"],"picked":"Headbutt","floor":4.0},{"not_picked":["Warcry","Flex"],"picked":"Anger","floor":5.0},{"not_picked":["Rupture","Havoc"],"picked":"Demon Form","floor":7.0},{"not_picked":["Warcry","Thunderclap"],"picked":"Headbutt","floor":10.0},{"not_picked":["Twin Strike","Clash"],"picked":"Flame Barrier","floor":11.0},{"not_picked":["Intimidate","Flex"],"picked":"Cleave","floor":12.0},{"not_picked":["Brutality","Infernal Blade"],"picked":"True Grit","floor":13.0},{"not_picked":["Disarm","Shockwave"],"picked":"Armaments","floor":14.0},{"not_picked":["Brutality","Juggernaut"],"picked":"Double Tap","floor":16.0},{"not_picked":["Perfected Strike+1","Uppercut"],"picked":"Sword Boomerang+1","floor":18.0},{"not_picked":["Flex","Rupture+1","Burning Pact"],"picked":"SKIP","floor":22},{"not_picked":["Shockwave","Feed"],"picked":"Second Wind","floor":23},{"not_picked":["Body Slam+1","Clothesline","Dark Embrace"],"picked":"SKIP","floor":24},{"not_picked":["Hemokinesis","Pommel Strike"],"picked":"Iron Wave+1","floor":27}],"player_experience":413691,"relics_obtained":[{"floor":7.0,"key":"Eternal Feather"},{"floor":9.0,"key":"Unceasing Top"},{"floor":12.0,"key":"WingedGreaves"},{"floor":23,"key":"Juzu Bracelet"}],"event_choices":[{"damage_healed":0.0,"max_hp_gain":0.0,"max_hp_loss":0.0,"gold_gain":0.0,"event_name":"The Woman in Blue","player_choice":"Bought 2 Potions","floor":3.0,"gold_loss":0.0,"damage_taken":0.0},{"damage_healed":0.0,"max_hp_gain":0.0,"max_hp_loss":27.0,"gold_gain":0.0,"event_name":"Vampires","player_choice":"Became a vampire","floor":19.0,"gold_loss":0.0,"damage_taken":0.0,"cards_obtained":["Bite","Bite","Bite","Bite","Bite"]},{"cards_removed":["Headbutt"],"damage_healed":5,"gold_gain":0,"player_choice":"Offered Common","damage_taken":0,"max_hp_gain":0,"max_hp_loss":0,"event_name":"Bonfire Elementals","floor":21,"gold_loss":0},{"cards_removed":["Headbutt"],"damage_healed":5,"gold_gain":0,"player_choice":"Offered Special","damage_taken":0,"max_hp_gain":0,"max_hp_loss":0,"event_name":"Bonfire Elementals","floor":21,"gold_loss":0}],"is_beta":false,"boss_relics":[{"not_picked":["Coffee Dripper","Astrolabe"],"picked":"Runic Pyramid"}],"items_purged_floors":[20],"is_endless":false,"potions_floor_spawned":[1,7,10,11,13,22,23],"killed_by":"Book of Stabbing","ascension_level":1}}