{"host":"h4qgcirtxz6qax9j","time":1610878983,"event":{"mods":["AchievementEnabler","Astrologer","BaseMod","Colored Powertips","Lobotomy","Minty Spire (QoL Compilation)","StSLib","SuperFastMode","The Cursed"],"gold_per_floor":[279,229,242,242,262,291,291,303,303,303,315,315,315,335,335,455,530,618,643,643,678,626,626,626,626,701,766,819,857,957,1074,1074,1204,1204,1265,1265,1265],"floor_reached":36,"language":"KOR","playtime":902,"items_purged":[],"score":620,"play_id":"189a5cff-ad3c-48d6-9dc3-05328428e5cc","local_time":"20210117192303","is_ascension_mode":true,"campfire_choices":[{"floor":32,"key":"REST"}],"circlet_count":0,"master_deck":["SpecialBullet","SpecialBullet","SpecialBullet","SpecialBullet","SpecialBullet","ExtractionCode","SecurityCode","InformationCode","BlackArmy","WristCuter","WristCuter","Twilight+1","BigBadWolf","Penitence","BlueScar","OldLady","LongBird","LifeForTheDareDevil","RedShoes","Beak+1","GoldRush+1","Mimicry+1","CherryBlossom+1","CUTE+1","VoidDream","SolemnVow+1","Necronomicurse","Gaze+1","Hypocrisy+1","DaCapo+1","Galaxy+1","Pleasure+1","BodiesMountain","Christmas+1","CherryBlossom+1","Horn+1","ControlCode","SomewhereSpear+1","TheSmile+1","SomewhereSpear+1","WristCuter+1"],"relics":["CogitoBucket","NeowsBlessing","Incense Burner","Peace Pipe","Thread and Needle","Tiny House","Necronomicon","Letter Opener","HellTrain","Strawberry","Boot"],"acts_visited":["Exordium","TheCity","TheBeyond"],"potions_floor_usage":[35],"damage_taken":[{"damage":7.0,"enemies":"2 Louse","floor":1.0,"turns":2.0},{"damage":0.0,"enemies":"Small Slimes","floor":3.0,"turns":2.0},{"damage":0.0,"enemies":"Jaw Worm","floor":5.0,"turns":1.0},{"damage":27.0,"enemies":"3 Sentries","floor":6.0,"turns":6.0},{"damage":15.0,"enemies":"Lots of Slimes","floor":8.0,"turns":4.0},{"damage":10.0,"enemies":"Exordium Thugs","floor":11.0,"turns":9.0},{"damage":0.0,"enemies":"Blue Slaver","floor":14.0,"turns":2.0},{"damage":21,"enemies":"The Guardian","floor":16,"turns":4},{"damage":13,"enemies":"3 Byrds","floor":18,"turns":4},{"damage":2,"enemies":"Shell Parasite","floor":21,"turns":2},{"damage":15,"enemies":"3 Cultists","floor":27,"turns":3},{"damage":14,"enemies":"Book of Stabbing","floor":28,"turns":3},{"damage":14,"enemies":"Snake Plant","floor":29,"turns":2},{"damage":8,"enemies":"Gremlin Leader","floor":30,"turns":2},{"damage":13,"enemies":"Centurion and Healer","floor":31,"turns":2},{"damage":20,"enemies":"Automaton","floor":33,"turns":3},{"damage":81,"enemies":"3 Darklings","floor":35,"turns":3},{"damage":50,"enemies":"3 Shapes","floor":36,"turns":2}],"seed_played":"-3345990740034392741","potions_obtained":[{"floor":3.0,"key":"BlessingOfTheForge"},{"floor":6.0,"key":"PowerPotion"},{"floor":16,"key":"Weak Potion"},{"floor":35,"key":"SpeedPotion"}],"is_trial":false,"path_per_floor":["M","$","M","?","M","E","R","M","T","R","M","R","?","M","R","B",null,"M","?","?","M","$","R","?","R","T","M","E","M","E","M","R","B",null,"M","M"],"character_chosen":"Angela","items_purchased":["WristCuter","Hypocrisy+1"],"campfire_rested":1,"item_purchase_floors":[2,22],"current_hp_per_floor":[64,64,70,63,70,55,55,53,53,53,62,62,67,67,67,46,73,62,46,72,70,70,70,70,70,70,55,49,35,31,28,55,55,82,10,0,0],"gold":1265,"neow_bonus":"THREE_ENEMY_KILL","is_daily":false,"chose_seed":false,"campfire_upgraded":0,"win_rate":0.0,"timestamp":1610878983,"path_taken":["M","$","M","?","M","E","R","M","T","R","M","R","?","M","R","BOSS","M","?","?","M","$","R","?","R","T","M","E","M","E","M","R","BOSS","M","M"],"items_purchased_type":["Card","Card"],"build_version":"2020-12-22","purchased_purges":0,"victory":false,"max_hp_per_floor":[70,70,70,70,70,70,70,70,70,70,70,70,75,75,75,75,80,80,80,80,80,80,80,80,80,80,80,87,87,91,91,91,91,91,91,91,91],"card_choices":[{"not_picked":["CherryBlossom"],"picked":"Beak","floor":1.0},{"not_picked":["CherryBlossoms","PunishingBird"],"picked":"BlackArmy","floor":1.0},{"not_picked":["Wingbeat"],"picked":"Penitence","floor":1.0},{"not_picked":["CherryBlossom"],"picked":"WristCuter","floor":3.0},{"not_picked":["BearPaw"],"picked":"Twilight","floor":3.0},{"not_picked":["SpiderBud","BeautyBeast"],"picked":"BigBadWolf","floor":5.0},{"not_picked":["Lantern"],"picked":"Wingbeat","floor":5.0},{"not_picked":["Reverberation"],"picked":"SolemnVow","floor":6.0},{"not_picked":["Tough"],"picked":"Penitence","floor":6.0},{"not_picked":["BearPaw","FourthMatchFlame"],"picked":"BlueScar","floor":8.0},{"not_picked":["Scorched","FairyFestival"],"picked":"OldLady","floor":8.0},{"not_picked":["Lantern","Loneliness"],"picked":"Hornet","floor":8.0},{"not_picked":["Mercenary","FairyFestival","SpiderBud"],"picked":"Singing Bowl","floor":11.0},{"not_picked":["BeautyBeast","Porccubus"],"picked":"LongBird","floor":11.0},{"not_picked":["FrostShard","Horn"],"picked":"LifeForTheDareDevil","floor":11.0},{"not_picked":["Hypocrisy","Galaxy","Wingbeat"],"picked":"SKIP","floor":11.0},{"not_picked":["DespairKnight","Porccubus"],"picked":"RedShoes","floor":14.0},{"not_picked":["RedEyes+1","Soda+1"],"picked":"Beak+1","floor":14.0},{"not_picked":["SoundOfStar+1","Justitia+1"],"picked":"GoldRush+1","floor":16},{"not_picked":["Scorched","DespairKnight","FairyFestival"],"picked":"Singing Bowl","floor":16},{"not_picked":["Adoration+1","ParadiseLost+1"],"picked":"Mimicry+1","floor":16},{"not_picked":["Lamp+1","Lantern+1"],"picked":"CherryBlossom+1","floor":17},{"not_picked":["Moonlight+1","Noise+1"],"picked":"CUTE+1","floor":18},{"not_picked":["FairyFestival","Porccubus"],"picked":"VoidDream","floor":18},{"not_picked":["SomewhereSpear+1","Noise+1"],"picked":"SolemnVow+1","floor":18},{"not_picked":["ShyLook","CherryBlossoms","Scorched"],"picked":"Singing Bowl","floor":21},{"not_picked":["FeatherOfHonor+1","Regret_ego+1"],"picked":"Gaze+1","floor":21},{"not_picked":["CENSORED","WhitesApple","MeatLantern"],"picked":"Singing Bowl","floor":27},{"not_picked":["RedEyes+1","Hornet+1"],"picked":"DaCapo+1","floor":27},{"not_picked":["Woodsman","DespairKnight","LittleHelper"],"picked":"Singing Bowl","floor":28},{"not_picked":["SomewhereSpear+1","Soda+1"],"picked":"Galaxy+1","floor":28},{"not_picked":["Murderer","HappyTeddy","CENSORED"],"picked":"Singing Bowl","floor":29},{"not_picked":["Lantern+1","LifeForTheDareDevil+1"],"picked":"Pleasure+1","floor":29},{"not_picked":["NothingThere","QueenOfHatred","WallGazer"],"picked":"Singing Bowl","floor":30},{"not_picked":["Mercenary","ShyLook"],"picked":"BodiesMountain","floor":30},{"not_picked":["CUTE+1","SomewhereSpear+1"],"picked":"Christmas+1","floor":30},{"not_picked":["CENSORED_ego+1","Lantern+1"],"picked":"CherryBlossom+1","floor":31},{"not_picked":["TodaysExpression+1","BlueScar+1"],"picked":"Horn+1","floor":31},{"not_picked":["Bloodbath","Murderer","WallGazer"],"picked":"Singing Bowl","floor":31},{"not_picked":["RedEyes+1","Noise+1"],"picked":"SomewhereSpear+1","floor":31},{"not_picked":["LittlePrince","QueenBee","Scorched"],"picked":"Singing Bowl","floor":33},{"not_picked":["SoundOfStar+1","Twilight+1"],"picked":"TheSmile+1","floor":33},{"not_picked":["CUTE+1","TodaysExpression+1"],"picked":"SomewhereSpear+1","floor":35},{"not_picked":["Scorched","Scarecrow","Rudolta"],"picked":"Singing Bowl","floor":35},{"not_picked":["Loneliness+1","Lantern+1"],"picked":"WristCuter+1","floor":35}],"player_experience":165785,"relics_obtained":[{"floor":6.0,"key":"Peace Pipe"},{"floor":9.0,"key":"Thread and Needle"},{"floor":19,"key":"Necronomicon"},{"floor":26,"key":"Letter Opener"},{"floor":28,"key":"Strawberry"},{"floor":30,"key":"Boot"}],"event_choices":[{"damage_healed":0.0,"max_hp_gain":0.0,"max_hp_loss":0.0,"gold_gain":0.0,"event_name":"Scrap Ooze","player_choice":"Success","floor":4.0,"gold_loss":0.0,"damage_taken":7.0,"relics_obtained":["Incense Burner"]},{"damage_healed":0.0,"max_hp_gain":5.0,"max_hp_loss":0.0,"gold_gain":0.0,"event_name":"Big Fish","player_choice":"Donut","floor":13.0,"gold_loss":0.0,"damage_taken":0.0},{"damage_healed":0,"gold_gain":0,"player_choice":"Obtained Book","damage_taken":16,"max_hp_gain":0,"max_hp_loss":0,"event_name":"Cursed Tome","floor":19,"gold_loss":0},{"damage_healed":26,"gold_gain":0,"player_choice":"Heal","damage_taken":0,"max_hp_gain":0,"max_hp_loss":0,"event_name":"The Library","floor":20,"gold_loss":0},{"damage_healed":0,"gold_gain":0,"player_choice":"Ignored","damage_taken":0,"max_hp_gain":0,"max_hp_loss":0,"event_name":"Vampires","floor":24,"gold_loss":0}],"is_beta":false,"boss_relics":[{"not_picked":["Velvet Choker","Runic Dome"],"picked":"Tiny House"},{"not_picked":["Astrolabe","Busted Crown","Calling Bell"]}],"items_purged_floors":[],"is_endless":false,"potions_floor_spawned":[3,6,16,21,28,29,31,35],"killed_by":"3 Shapes","ascension_level":7}}