{"host":"aj6dldabq8s02zuz","time":1610842474,"event":{"mods":["AchievementEnabler","BaseMod","Better Note","Better Third Choice","Block Reminder","Colored Map","Custom Start","Downfall","Hermit","Highlight Path","Hubris","Minty Spire (QoL Compilation)","Permanent Neow","Quick Restart","Relic Sorter","StSLib","The Blue Laboratory","The Jungle","UnlockEverythingMod","Wandering Minibosses"],"gold_per_floor":[113,113,136,146,162,191,191,203,203,203,216,248,248,259,259,355,355,366,366,376,291,302,302,402,433,457,382,332,347,347,367,367,466,516,530,544,544,562,562,562,562,562,562,574,592,592,616,465,465,465],"floor_reached":51,"language":"ENG","playtime":2878,"items_purged":["Normality"],"score":802,"play_id":"fdca0fa6-4db7-4e9a-a89d-de490c35f100","local_time":"20210116181434","is_ascension_mode":false,"campfire_choices":[{"data":"Limit Break","floor":7,"key":"SMITH"},{"data":"J.A.X.","floor":10,"key":"SMITH"},{"data":"J.A.X.","floor":13,"key":"SMITH"},{"data":"Heavy Blade","floor":15,"key":"SMITH"},{"data":"Barricade","floor":23,"key":"SMITH"},{"floor":32,"key":"REST"},{"data":"Inflame","floor":40,"key":"SMITH"},{"data":"J.A.X.","floor":42,"key":"SMITH"},{"data":"Heavy Blade","floor":49,"key":"SMITH"}],"circlet_count":0,"master_deck":["J.A.X.+1","J.A.X.+1","J.A.X.+1","J.A.X.+1","Bandage Up","Bandage Up+1","Bandage Up","Bandage Up","Heavy Blade+1","Defend_R+1","Defend_R+1","Defend_R","Defend_R","Defend_R","Strike_R","Strike_R+1","Strike_R","Strike_R+1","Strike_R","Limit Break+1","Inflame+1","Barricade+1","Body Slam","hubris:Despair","downfall:Icky","hubris:Despair","Demon Form+1","Writhe","Heavy Blade+1"],"relics":["Burning Blood","MutagenicStrength","Guardian:PocketSentry","Toxic Egg 2","hubris:IronBody","Bronze Scales","SlaversCollar","hubris:SlimyHat","Du-Vu Doll","War Paint","Vajra","Peace Pipe","Tiny House","PreservedInsect","Whetstone"],"acts_visited":["Exordium","TheCity","TheBeyond"],"potions_floor_usage":[],"damage_taken":[{"damage":13,"enemies":"Cultist","floor":1,"turns":3},{"damage":14,"enemies":"Jaw Worm","floor":4,"turns":2},{"damage":3,"enemies":"2 Louse","floor":5,"turns":3},{"damage":32,"enemies":"3 Sentries","floor":6,"turns":5},{"damage":5,"enemies":"Looter","floor":8,"turns":2},{"damage":12,"enemies":"Exordium Thugs","floor":11,"turns":4},{"damage":8,"enemies":"Gremlin Nob","floor":12,"turns":3},{"damage":11,"enemies":"Red Slaver","floor":14,"turns":3},{"damage":31,"enemies":"Hexaghost","floor":16,"turns":5},{"damage":21,"enemies":"Spheric Guardian","floor":18,"turns":5},{"damage":18,"enemies":"Chosen","floor":20,"turns":8},{"damage":16,"enemies":"Snecko","floor":22,"turns":5},{"damage":48,"enemies":"Gremlin Leader","floor":25,"turns":5},{"damage":9,"enemies":"Centurion and Healer","floor":29,"turns":4},{"damage":24,"enemies":"3 Cultists","floor":31,"turns":8},{"damage":57,"enemies":"Champ","floor":33,"turns":20},{"damage":36,"enemies":"3 Darklings","floor":35,"turns":6},{"damage":18,"enemies":"Orb Walker","floor":36,"turns":6},{"damage":32,"enemies":"Writhing Mass","floor":38,"turns":7},{"damage":27,"enemies":"3 Darklings","floor":44,"turns":7},{"damage":23,"enemies":"Spire Growth","floor":45,"turns":5},{"damage":87,"enemies":"Awakened One","floor":50,"turns":32}],"seed_played":"6390040827436825253","potions_obtained":[{"floor":4,"key":"ColorlessPotion"},{"floor":8,"key":"blueLaboratory:IronCompound"},{"floor":16,"key":"Energy Potion"},{"floor":34,"key":"FairyPotion"}],"is_trial":true,"path_per_floor":["M","$","T","M","M","E","R","M","T","R","M","E","R","M","R","B",null,"M","?","M","?","M","R","?","E","T","$","?","M","?","M","R","B",null,"M","M","?","M","?","R","?","R","T","M","M","?","T","$","R","B",null],"character_chosen":"IRONCLAD","items_purchased":["Whetstone"],"campfire_rested":1,"item_purchase_floors":[48],"current_hp_per_floor":[79,79,79,78,80,70,70,75,75,75,77,79,79,74,74,65,80,72,72,76,76,66,66,71,41,41,41,41,50,50,48,73,38,90,73,79,79,71,90,90,90,90,90,87,84,84,84,84,84,21],"gold":465,"neow_bonus":"","is_daily":false,"chose_seed":false,"campfire_upgraded":8,"win_rate":0.0,"timestamp":1610842474,"path_taken":["M","$","?","M","M","E","R","M","T","R","M","E","R","M","R","BOSS","M","?","?","?","M","R","?","E","T","$","?","?","?","M","R","BOSS","M","M","?","?","?","R","?","R","T","M","?","?","?","$","R","BOSS"],"items_purchased_type":["Relic"],"build_version":"2020-12-22","purchased_purges":1,"victory":true,"max_hp_per_floor":[80,80,80,80,80,80,80,80,80,80,80,80,80,80,80,80,80,80,80,80,80,80,80,85,85,85,85,85,85,85,85,85,85,90,90,90,90,90,90,90,90,90,90,90,90,90,90,90,90,90],"card_choices":[{"not_picked":["Iron Wave","Flex","Inflame"],"picked":"SKIP","floor":1},{"not_picked":["Entrench","Headbutt"],"picked":"Inflame","floor":4},{"not_picked":["Seeing Red","Headbutt","Inflame"],"picked":"SKIP","floor":5},{"not_picked":["Shrug It Off+1","Double Tap+1","Thunderclap"],"picked":"SKIP","floor":6},{"not_picked":["Clothesline","Armaments+1","Sword Boomerang"],"picked":"SKIP","floor":8},{"not_picked":["Havoc+1","Intimidate+1","Burning Pact+1"],"picked":"SKIP","floor":11},{"not_picked":["Clothesline","True Grit+1","Wild Strike"],"picked":"SKIP","floor":12},{"not_picked":["Ghostly Armor+1","Reckless Charge","Clash"],"picked":"SKIP","floor":14},{"not_picked":["Limit Break+1","Bludgeon"],"picked":"Barricade","floor":16},{"not_picked":["Dark Embrace+1","Rage+1"],"picked":"Body Slam","floor":18},{"not_picked":["Clash","Body Slam","Sword Boomerang"],"picked":"SKIP","floor":20},{"not_picked":["Twin Strike+1","Anger","Wild Strike"],"picked":"SKIP","floor":22},{"not_picked":["Body Slam","Thunderclap","Cleave"],"picked":"SKIP","floor":25},{"not_picked":["Pommel Strike","Spot Weakness+1","Cleave"],"picked":"SKIP","floor":29},{"not_picked":["Pommel Strike","Clothesline+1","hubris:ReadiedAction+1"],"picked":"SKIP","floor":31},{"not_picked":["Feed","Double Tap+1"],"picked":"Demon Form","floor":33},{"not_picked":["Spot Weakness+1","Iron Wave","hubris:SharpeningStone+1"],"picked":"SKIP","floor":35},{"not_picked":["Pommel Strike+1","Seeing Red+1","Combust+1"],"picked":"SKIP","floor":36},{"not_picked":["Battle Trance+1","Dual Wield+1","Sword Boomerang+1"],"picked":"SKIP","floor":38},{"not_picked":["Havoc+1","Anger+1","Sentinel+1"],"picked":"SKIP","floor":44},{"not_picked":["True Grit+1","Flex+1","Pummel"],"picked":"SKIP","floor":45}],"player_experience":45878,"relics_obtained":[{"floor":3,"key":"Guardian:PocketSentry"},{"floor":6,"key":"Toxic Egg 2"},{"floor":9,"key":"hubris:IronBody"},{"floor":12,"key":"Bronze Scales"},{"floor":25,"key":"War Paint"},{"floor":26,"key":"Vajra"},{"floor":43,"key":"PreservedInsect"}],"event_choices":[{"cards_removed":["Body Slam"],"damage_healed":0,"gold_gain":0,"player_choice":"Give","damage_taken":0,"max_hp_gain":0,"max_hp_loss":0,"event_name":"betterNote:BetterNote","floor":19,"gold_loss":0,"cards_obtained":["Guardian:Incinerate"]},{"damage_healed":0,"gold_gain":0,"player_choice":"Obtained Relic","damage_taken":0,"relics_obtained":["hubris:SlimyHat"],"max_hp_gain":0,"max_hp_loss":0,"event_name":"Addict","floor":21,"gold_loss":85},{"damage_healed":0,"gold_gain":0,"player_choice":"Bet on Owner","damage_taken":0,"max_hp_gain":0,"max_hp_loss":0,"event_name":"The Joust","floor":28,"gold_loss":50},{"damage_healed":0,"gold_gain":0,"player_choice":"Gave Potion","damage_taken":0,"relics_obtained":["Peace Pipe"],"max_hp_gain":0,"max_hp_loss":0,"event_name":"WeMeetAgain","floor":30,"gold_loss":0},{"damage_healed":0,"gold_gain":0,"player_choice":"Forge","damage_taken":0,"max_hp_gain":0,"max_hp_loss":0,"event_name":"Accursed Blacksmith","floor":37,"gold_loss":0,"cards_upgraded":["Demon Form"]},{"damage_healed":23,"gold_gain":0,"player_choice":"Writhe","damage_taken":0,"max_hp_gain":0,"max_hp_loss":0,"event_name":"Winding Halls","floor":39,"gold_loss":0,"cards_obtained":["Writhe"]},{"damage_healed":0,"gold_gain":0,"player_choice":"Random: Orange","damage_taken":0,"max_hp_gain":0,"max_hp_loss":0,"event_name":"betterThird:BetterPortal","floor":41,"gold_loss":0},{"damage_healed":0,"gold_gain":0,"player_choice":"1 cards matched","damage_taken":0,"max_hp_gain":0,"max_hp_loss":0,"event_name":"Match and Keep!","floor":41,"gold_loss":0,"cards_obtained":["Heavy Blade"]}],"is_beta":false,"boss_relics":[{"not_picked":["hubris:ScarierMask","Coffee Dripper"],"picked":"SlaversCollar"},{"not_picked":["Busted Crown","Runic Dome"],"picked":"Tiny House"}],"items_purged_floors":[27],"is_endless":false,"potions_floor_spawned":[4,8,11,16,18,22,29,31,38,45],"ascension_level":0}}