{"host":"3oax8yz66k5njorr","time":1610903207,"event":{"mods":["AchievementEnabler","BaseMod","Colored Map","Colored Powertips","DeckTracker","Minty Spire (QoL Compilation)","Rare Cards Sparkle"],"gold_per_floor":[110,122,133,153,169,169,169,187,187,205,7,41,72,117,129,236,248,275,304,335,347,347],"floor_reached":21,"language":"KOR","playtime":871,"items_purged":[],"score":197,"play_id":"a277b0c1-a6e3-4bff-b318-466c20b4fb3a","local_time":"20210118020647","is_ascension_mode":false,"campfire_choices":[{"data":"Dualcast","floor":6,"key":"SMITH"},{"floor":15,"key":"REST"}],"circlet_count":0,"master_deck":["Strike_B+1","Strike_B","Strike_B+1","Defend_B","Defend_B","Defend_B","Defend_B","Zap","Dualcast+1","Coolheaded","Redo","Sweeping Beam","Electrodynamics","Steam","White Noise","Streamline","Ball Lightning","Skim","FTL","Thunder Strike","Conserve Battery+1","Storm","Force Field"],"relics":["Cracked Core","NeowsBlessing","MealTicket","Whetstone","MawBank","Tiny Chest","Inserter"],"acts_visited":["Exordium","TheCity"],"potions_floor_usage":[12,14,16],"damage_taken":[{"damage":0,"enemies":"Jaw Worm","floor":1,"turns":1},{"damage":0,"enemies":"Cultist","floor":2,"turns":1},{"damage":0,"enemies":"Small Slimes","floor":3,"turns":1},{"damage":6,"enemies":"Red Slaver","floor":4,"turns":5},{"damage":9,"enemies":"Blue Slaver","floor":5,"turns":3},{"damage":4,"enemies":"3 Louse","floor":8,"turns":2},{"damage":7,"enemies":"Lots of Slimes","floor":10,"turns":2},{"damage":18,"enemies":"Lagavulin","floor":12,"turns":5},{"damage":2,"enemies":"Blue Slaver","floor":13,"turns":3},{"damage":25,"enemies":"3 Sentries","floor":14,"turns":4},{"damage":33,"enemies":"Hexaghost","floor":16,"turns":8},{"damage":30,"enemies":"2 Thieves","floor":18,"turns":4},{"damage":0,"enemies":"Spheric Guardian","floor":19,"turns":3},{"damage":26,"enemies":"Chosen and Byrds","floor":20,"turns":5},{"damage":20,"enemies":"Centurion and Healer","floor":21,"turns":3}],"seed_played":"7160334206610584715","potions_obtained":[{"floor":2,"key":"ColorlessPotion"},{"floor":4,"key":"SteroidPotion"},{"floor":8,"key":"FocusPotion"},{"floor":10,"key":"Fire Potion"},{"floor":13,"key":"PowerPotion"},{"floor":16,"key":"SpeedPotion"},{"floor":18,"key":"PotionOfCapacity"}],"is_trial":false,"path_per_floor":["M","M","M","M","M","R","?","M","T","M","$","E","M","E","R","B",null,"M","M","M","M"],"character_chosen":"DEFECT","items_purchased":["Ball Lightning","Whetstone"],"campfire_rested":1,"item_purchase_floors":[11,11],"current_hp_per_floor":[75,75,75,69,60,60,60,56,56,49,64,46,44,19,41,8,75,45,45,19,0,0],"gold":347,"neow_bonus":"THREE_ENEMY_KILL","is_daily":false,"chose_seed":false,"campfire_upgraded":1,"win_rate":0.0,"timestamp":1610903207,"path_taken":["M","M","M","M","M","R","?","M","T","M","$","E","M","E","R","BOSS","M","M","M","?"],"items_purchased_type":["Card","Relic"],"build_version":"2020-12-22","purchased_purges":0,"victory":false,"max_hp_per_floor":[75,75,75,75,75,75,75,75,75,75,75,75,75,75,75,75,75,75,75,75,75,75],"card_choices":[{"not_picked":["Stack","Compile Driver"],"picked":"Coolheaded","floor":1},{"not_picked":["Reprogram","Compile Driver"],"picked":"Redo","floor":2},{"not_picked":["Skim","Leap"],"picked":"Sweeping Beam","floor":3},{"not_picked":["Streamline","Sweeping Beam"],"picked":"Electrodynamics","floor":4},{"not_picked":["Redo","Storm"],"picked":"Steam","floor":5},{"not_picked":["Stack","Storm","Leap"],"picked":"SKIP","floor":8},{"not_picked":["Blizzard","Coolheaded"],"picked":"Streamline","floor":10},{"not_picked":["Sweeping Beam","Heatsinks"],"picked":"Skim","floor":12},{"not_picked":["Tempest","Skim","Streamline"],"picked":"SKIP","floor":13},{"not_picked":["Rebound","Melter"],"picked":"FTL","floor":14},{"not_picked":["Fission","Biased Cognition"],"picked":"Thunder Strike","floor":16},{"not_picked":["Stack+1","Barrage"],"picked":"Conserve Battery+1","floor":18},{"not_picked":["Cold Snap","Tempest"],"picked":"Storm","floor":19},{"not_picked":["Coolheaded","Darkness"],"picked":"Force Field","floor":20}],"player_experience":60630,"relics_obtained":[{"floor":9,"key":"MealTicket"},{"floor":12,"key":"MawBank"},{"floor":14,"key":"Tiny Chest"}],"event_choices":[{"damage_healed":0,"gold_gain":0,"cards_transformed":["Strike_B"],"player_choice":"Transformed","damage_taken":0,"max_hp_gain":0,"max_hp_loss":0,"event_name":"Transmorgrifier","floor":7,"gold_loss":0,"cards_obtained":["White Noise"]}],"is_beta":false,"boss_relics":[{"not_picked":["Runic Pyramid","Black Star"],"picked":"Inserter"}],"items_purged_floors":[],"is_endless":false,"potions_floor_spawned":[2,4,8,10,13,16,18,19,20],"killed_by":"Centurion and Healer","ascension_level":0}}