{"host":"o7j6aatxjwpw1421","time":1610881573,"event":{"mods":["2.2 Compatiblity","AchievementEnabler","BaseMod","Colored Map","DeckTracker","Highlight Path","Keyboard Shortcuts","Minty Spire (QoL Compilation)","Permanent Neow","Quick Restart","StSLib","SuperFastMode","everything is the same but u backflip on backflip"],"gold_per_floor":[115,46,62,62,73,73,73,73,119,137,149,180,54,54,54,150,150,163,83,93,27,45,75,94,122,198,123,137,166,166,44,44,145,145,162,212,212,55,67,67,83,83,83,83,96,131,147,147,147,147,147,147,27,58,58,58],"floor_reached":55,"language":"KOR","playtime":2908,"items_purged":["Strike_P","Weave","Establishment","FlurryOfBlows"],"score":1170,"play_id":"c6d60b74-283f-4ac6-8b5a-add31c298f58","local_time":"20210117200613","is_ascension_mode":true,"campfire_choices":[{"data":"Eruption","floor":6.0,"key":"SMITH"},{"data":"Adaptation","floor":8.0,"key":"SMITH"},{"data":"PathToVictory","floor":15.0,"key":"SMITH"},{"floor":30.0,"key":"REST"},{"data":"MentalFortress","floor":32.0,"key":"SMITH"},{"floor":40.0,"key":"REST"},{"data":"Apotheosis","floor":42.0,"key":"SMITH"},{"floor":44.0,"key":"REST"},{"floor":49.0,"key":"RECALL"},{"data":"Study","floor":52.0,"key":"SMITH"}],"circlet_count":0,"master_deck":["AscendersBane","Eruption+1","Vigilance","PathToVictory+1","Adaptation+1","EmptyBody","InnerPeace","PathToVictory","PathToVictory","MentalFortress+1","Conclude","ClearTheMind","Madness","Apotheosis+1","Study+1","Madness","Madness"],"relics":["PureWater","Ginger","Blood Vial","The Courier","Pandora\u0027s Box","Anchor","Omamori","Question Card","Lizard Tail","Medical Kit","SacredBark","StoneCalendar","Pantograph","HornCleat","Eternal Feather"],"acts_visited":["Exordium","TheCity","TheBeyond","TheEnding"],"potions_floor_usage":[],"damage_taken":[{"damage":3.0,"enemies":"2 Louse","floor":1.0,"turns":3.0},{"damage":0.0,"enemies":"Cultist","floor":3.0,"turns":4.0},{"damage":10.0,"enemies":"Small Slimes","floor":5.0,"turns":4.0},{"damage":1.0,"enemies":"Blue Slaver","floor":10.0,"turns":3.0},{"damage":0.0,"enemies":"Exordium Wildlife","floor":11.0,"turns":3.0},{"damage":12.0,"enemies":"Lagavulin","floor":12.0,"turns":6.0},{"damage":24.0,"enemies":"Hexaghost","floor":16.0,"turns":7.0},{"damage":0.0,"enemies":"3 Byrds","floor":18.0,"turns":4.0},{"damage":6.0,"enemies":"Shell Parasite","floor":20.0,"turns":4.0},{"damage":11.0,"enemies":"Snecko","floor":22.0,"turns":3.0},{"damage":16.0,"enemies":"Book of Stabbing","floor":23.0,"turns":4.0},{"damage":4.0,"enemies":"Centurion and Healer","floor":24.0,"turns":6.0},{"damage":0.0,"enemies":"Gremlin Leader","floor":25.0,"turns":5.0},{"damage":22.0,"enemies":"Snake Plant","floor":28.0,"turns":3.0},{"damage":16.0,"enemies":"Book of Stabbing","floor":29.0,"turns":4.0},{"damage":28.0,"enemies":"Champ","floor":33.0,"turns":6.0},{"damage":14.0,"enemies":"Orb Walker","floor":35.0,"turns":3.0},{"damage":0.0,"enemies":"Mind Bloom Boss Battle","floor":36.0,"turns":7.0},{"damage":18.0,"enemies":"3 Darklings","floor":39.0,"turns":3.0},{"damage":13.0,"enemies":"4 Shapes","floor":41.0,"turns":7.0},{"damage":0.0,"enemies":"Maw","floor":45.0,"turns":4.0},{"damage":18.0,"enemies":"Reptomancer","floor":46.0,"turns":4.0},{"damage":2.0,"enemies":"3 Darklings","floor":47.0,"turns":3.0},{"damage":41.0,"enemies":"Time Eater","floor":50.0,"turns":6.0},{"damage":49.0,"enemies":"Shield and Spear","floor":54.0,"turns":5.0},{"damage":136,"enemies":"The Heart","floor":55,"turns":5}],"seed_played":"-8591290848500341593","potions_obtained":[{"floor":5.0,"key":"LiquidMemories"},{"floor":11.0,"key":"SneckoOil"},{"floor":12.0,"key":"GamblersBrew"},{"floor":16.0,"key":"Strength Potion"},{"floor":23.0,"key":"Regen Potion"},{"floor":24.0,"key":"Block Potion"},{"floor":25.0,"key":"BottledMiracle"},{"floor":35.0,"key":"StancePotion"},{"floor":36.0,"key":"Ambrosia"},{"floor":41.0,"key":"SteroidPotion"}],"is_trial":false,"path_per_floor":["M","$","M","?","M","R","$","R","T","M","M","E","$","T","R","B",null,"M","$","M","$","M","E","M","E","T","?","M","E","R","$","R","B",null,"M","?","?","$","M","R","M","R","T","R","M","E","M","?","R","B",null,"R","$","E","B"],"character_chosen":"WATCHER","items_purchased":["Adaptation","PathToVictory","Madness","Medical Kit","Study"],"campfire_rested":3,"item_purchase_floors":[2,13,21,31,38],"current_hp_per_floor":[62,62,62,62,52,52,52,52,52,51,51,39,39,39,39,17,53,55,55,51,51,42,28,41,43,43,43,23,9,28,28,28,2,49,37,39,29,29,13,32,21,21,21,40,42,26,26,18,18,4,50,50,50,3,0,0],"gold":58,"neow_bonus":"ONE_RARE_RELIC","is_daily":false,"chose_seed":false,"campfire_upgraded":6,"win_rate":0.0,"timestamp":1610881573,"path_taken":["M","$","M","?","M","R","?","R","T","?","M","E","$","?","R","BOSS","M","?","?","$","M","E","M","E","T","?","M","E","R","$","R","BOSS","M","?","?","?","M","R","M","R","T","R","M","E","M","?","R","BOSS","R","$","E","BOSS"],"items_purchased_type":["Card","Card","Card","Relic","Card"],"build_version":"2020-12-22","purchased_purges":4,"victory":false,"max_hp_per_floor":[65,65,65,65,65,65,65,65,65,65,65,65,65,65,65,65,65,65,65,65,65,65,65,65,65,65,65,65,65,65,65,65,65,65,65,65,65,65,65,65,65,65,65,65,65,65,65,65,65,65,65,65,65,65,65,65],"card_choices":[{"not_picked":["FlyingSleeves","Collect"],"picked":"PathToVictory","floor":1.0},{"not_picked":["Sanctity","Consecrate"],"picked":"EmptyBody","floor":3.0},{"not_picked":["ReachHeaven","Halt","CrushJoints"],"picked":"SKIP","floor":5.0},{"not_picked":["DeceiveReality","FearNoEvil"],"picked":"PathToVictory","floor":10.0},{"not_picked":["Pray","JustLucky","Fasting2"],"picked":"SKIP","floor":11.0},{"not_picked":["Evaluate","InnerPeace","FlyingSleeves"],"picked":"SKIP","floor":12.0},{"not_picked":["EmptyMind","PathToVictory","ThirdEye"],"picked":"SKIP","floor":18.0},{"not_picked":["Indignation","Prostrate","BowlingBash"],"picked":"SKIP","floor":20.0},{"not_picked":["EmptyFist","Halt","BowlingBash"],"picked":"SKIP","floor":22.0},{"not_picked":["EmptyBody","JustLucky","BattleHymn"],"picked":"SKIP","floor":23.0},{"not_picked":["Consecrate","JustLucky","FollowUp+1"],"picked":"SKIP","floor":24.0},{"not_picked":["Wallop+1","FlurryOfBlows+1","WreathOfFlame"],"picked":"SKIP","floor":25.0},{"not_picked":["SignatureMove+1","Crescendo","Vengeance+1","Meditate"],"picked":"SKIP","floor":28.0},{"not_picked":["Nirvana+1","Ragnarok","ThirdEye","ClearTheMind"],"picked":"SKIP","floor":29.0},{"not_picked":["SandsOfTime","FlurryOfBlows","Meditate","EmptyBody"],"picked":"SKIP","floor":35.0},{"not_picked":["Thinking Ahead","Mind Blast","Impatience"],"picked":"Apotheosis","floor":37.0},{"not_picked":["JustLucky","BowlingBash","WindmillStrike+1","Consecrate+1"],"picked":"SKIP","floor":39.0},{"not_picked":["PathToVictory","Swivel","Consecrate+1","Crescendo"],"picked":"SKIP","floor":41.0},{"not_picked":["ReachHeaven","SandsOfTime+1","Consecrate","TalkToTheHand+1"],"picked":"SKIP","floor":45.0},{"not_picked":["Perseverance+1","Crescendo+1","Conclude","FlyingSleeves"],"picked":"SKIP","floor":46.0},{"not_picked":["SandsOfTime+1","Evaluate+1","Crescendo","ClearTheMind+1"],"picked":"SKIP","floor":47.0},{"not_picked":["Ragnarok","FollowUp+1","EmptyMind+1","Meditate+1"],"picked":"SKIP","floor":54.0}],"player_experience":560149,"relics_obtained":[{"floor":12.0,"key":"Blood Vial"},{"floor":14.0,"key":"The Courier"},{"floor":23.0,"key":"Anchor"},{"floor":25.0,"key":"Omamori"},{"floor":26.0,"key":"Question Card"},{"floor":29.0,"key":"Lizard Tail"},{"floor":36.0,"key":"StoneCalendar"},{"floor":43.0,"key":"Pantograph"},{"floor":46.0,"key":"HornCleat"},{"floor":54.0,"key":"Eternal Feather"}],"event_choices":[{"damage_healed":0.0,"max_hp_gain":0.0,"max_hp_loss":0.0,"gold_gain":0.0,"event_name":"Match and Keep!","player_choice":"1 cards matched","floor":4.0,"gold_loss":0.0,"damage_taken":0.0,"cards_obtained":["InnerPeace"]},{"cards_removed":["WindmillStrike"],"damage_healed":0.0,"max_hp_gain":0.0,"max_hp_loss":0.0,"gold_gain":0.0,"event_name":"Beggar","player_choice":"Gave Gold","floor":27.0,"gold_loss":75.0,"damage_taken":0.0},{"damage_healed":0.0,"max_hp_gain":0.0,"max_hp_loss":0.0,"gold_gain":0.0,"event_name":"MindBloom","player_choice":"Fight","floor":36.0,"gold_loss":0.0,"damage_taken":0.0},{"damage_healed":0.0,"max_hp_gain":0.0,"max_hp_loss":0.0,"gold_gain":0.0,"event_name":"SensoryStone","player_choice":"Memory 3","floor":37.0,"gold_loss":0.0,"damage_taken":10.0},{"damage_healed":0.0,"max_hp_gain":0.0,"max_hp_loss":0.0,"gold_gain":0.0,"event_name":"Winding Halls","player_choice":"Embrace Madness","floor":48.0,"gold_loss":0.0,"damage_taken":8.0,"cards_obtained":["Madness","Madness"]}],"is_beta":false,"boss_relics":[{"not_picked":["Snecko Eye","SlaversCollar"],"picked":"Pandora\u0027s Box"},{"not_picked":["Philosopher\u0027s Stone","Runic Dome"],"picked":"SacredBark"}],"items_purged_floors":[13,19,38,53],"is_endless":false,"potions_floor_spawned":[5,11,12,16,23,24,25,35,36,41],"killed_by":"The Heart","ascension_level":11}}