{"host":"3p68uopcdpnmkayy","time":1610893609,"event":{"mods":["AchievementEnabler","Act Like it!","Arknights The Spire","BaseMod","Colored Map","Colored Powertips","Conspire","Fox Events","GifTheSpireLib","Hallownest","Hubris","Minty Spire (QoL Compilation)","Pikachu Mod","Relic Filter","Replay The Spire","Shade Mod","Spikes Relics","StSLib","Stuff the Spire","The Bug Knight","The Hierophant","The Jungle"],"gold_per_floor":[117,137,156,1,21,21,21,50,50,50,62,62,62,62,62,167,167,181,197,197,44,55,55,89,99,124,45,45,65,65,65,65,65,65],"floor_reached":33,"language":"ENG","playtime":2197,"items_purged":["Parasite"],"score":255,"play_id":"e0ceeabb-364b-4fa3-8c17-77782bdb9002","local_time":"20210117162649","is_ascension_mode":false,"campfire_choices":[{"data":"HollowMod:SoulSplash","floor":6,"key":"SMITH"},{"data":"HollowMod:DashSlash","floor":10,"key":"SMITH"},{"data":"HollowMod:HowlingWraiths","floor":13,"key":"SMITH"},{"floor":15,"key":"REST"},{"floor":23,"key":"REST"},{"floor":30,"key":"REST"},{"floor":32,"key":"REST"}],"circlet_count":0,"master_deck":["HollowMod:NailStrikeStart","HollowMod:NailStrikeStart","HollowMod:NailStrikeStart","HollowMod:NailStrikeStart","HollowMod:QuickDashStart","HollowMod:QuickDashStart","HollowMod:QuickDashStart","HollowMod:QuickDashStart+1","HollowMod:FocusHealStart","HollowMod:PogoStrike","HollowMod:DashSlash+1","HollowMod:SoulSplash+1","HollowMod:CloakDash","HollowMod:SiblingsSouls","HollowMod:HowlingWraiths+1","HollowMod:Weaversong","HollowMod:SoulStrike","HollowMod:CloakDash","HollowMod:NewLittleFool","HollowMod:FallenFury","HollowMod:DesolateDive+1"],"relics":["HollowMod:VesselMask","StuffTheSpire:BottledEssence","Odd Mushroom","Snack Pack","Happy Flower","ReplayFunnel","Replay:Wax Seal"],"acts_visited":["Exordium","TheCity"],"potions_floor_usage":[16,16,18,24,24,33,33],"damage_taken":[{"damage":0,"enemies":"Small Slimes","floor":1,"turns":2},{"damage":5,"enemies":"Jaw Worm","floor":2,"turns":4},{"damage":5,"enemies":"Cultist","floor":3,"turns":4},{"damage":11,"enemies":"Lots of Slimes","floor":5,"turns":5},{"damage":16,"enemies":"The Mushroom Lair","floor":8,"turns":4},{"damage":8,"enemies":"3 Louse","floor":11,"turns":3},{"damage":47,"enemies":"HollowMod:FalseKnight","floor":16,"turns":9},{"damage":29,"enemies":"2 Thieves","floor":18,"turns":4},{"damage":35,"enemies":"3 Byrds","floor":19,"turns":7},{"damage":28,"enemies":"Shelled Parasite and Fungi","floor":22,"turns":5},{"damage":42,"enemies":"Slavers","floor":24,"turns":7},{"damage":17,"enemies":"Sentry and Sphere","floor":25,"turns":5},{"damage":0,"enemies":"3 Cultists","floor":29,"turns":4},{"damage":62,"enemies":"Pondfish","floor":33,"turns":9}],"seed_played":"-1901320590868628997","potions_obtained":[{"floor":2,"key":"conspire:TimeTravelPotion"},{"floor":3,"key":"AttackPotion"},{"floor":5,"key":"Strength Potion"},{"floor":16,"key":"Venom Potion"},{"floor":22,"key":"Block Potion"},{"floor":29,"key":"Explosive Potion"}],"is_trial":false,"path_per_floor":["M","M","M","$","M","R","?","?","T","R","M","$","R","?","R","B",null,"M","M","?","$","M","R","E","M","T","$","?","M","R","?","R","B"],"character_chosen":"THE_BUGKNIGHT","items_purchased":["StuffTheSpire:BottledEssence","HollowMod:FallenFury","Replay:Wax Seal"],"campfire_rested":4,"item_purchase_floors":[4,21,27],"current_hp_per_floor":[82,82,77,77,72,72,72,56,56,56,58,58,58,58,82,37,82,75,55,55,55,31,54,24,13,13,13,13,17,40,21,44,0,0],"gold":65,"neow_bonus":"TEN_PERCENT_HP_BONUS","is_daily":false,"chose_seed":false,"campfire_upgraded":3,"win_rate":0.0,"timestamp":1610893609,"path_taken":["M","M","M","$","M","R","?","?","T","R","M","$","R","?","R","BOSS","M","M","?","$","M","R","E","?","T","?","?","M","R","?","R","BOSS"],"items_purchased_type":["Relic","Card","Relic"],"build_version":"2020-12-22","purchased_purges":1,"victory":false,"max_hp_per_floor":[82,82,82,82,82,82,82,82,82,82,82,82,82,82,82,82,82,82,82,82,79,79,79,79,79,79,79,79,79,79,79,79,79,79],"card_choices":[{"not_picked":["HollowMod:NewLittleFool","HollowMod:LifebloodCocoon","HollowMod:ShadowDash"],"picked":"SKIP","floor":1},{"not_picked":["HollowMod:FastStrike","HollowMod:DreamGate"],"picked":"HollowMod:DashSlash","floor":2},{"not_picked":["HollowMod:LifebloodCocoon","HollowMod:SharpenedNail"],"picked":"HollowMod:SoulSplash","floor":3},{"not_picked":["HollowMod:SoulVessel","HollowMod:AbyssShriek"],"picked":"HollowMod:CloakDash","floor":5},{"not_picked":["HollowMod:DescendingDark","HollowMod:WraithStrike"],"picked":"HollowMod:SiblingsSouls","floor":8},{"not_picked":["HollowMod:DashSlash","HollowMod:CrystalDash"],"picked":"HollowMod:HowlingWraiths","floor":11},{"not_picked":["HollowMod:LifebloodCore","HollowMod:PureVessel"],"picked":"HollowMod:Weaversong","floor":16},{"not_picked":["HollowMod:HuntersJournal","HollowMod:CycloneSlash+1"],"picked":"HollowMod:SoulStrike","floor":18},{"not_picked":["HollowMod:SoulShaman+1","HollowMod:DescendingDark"],"picked":"HollowMod:CloakDash","floor":19},{"not_picked":["HollowMod:InfectionAssault","HollowMod:SoulSplash","HollowMod:HowlingWraiths+1"],"picked":"SKIP","floor":22},{"not_picked":["HollowMod:InfectedCysts+1","HollowMod:HeavyBlow","HollowMod:SharpenedShadows"],"picked":"SKIP","floor":24},{"not_picked":["HollowMod:PerfectDash","HollowMod:SoulMaster","HollowMod:NewLittleFool"],"picked":"SKIP","floor":25},{"not_picked":["HollowMod:InfectedAttack+1","HollowMod:WraithStrike"],"picked":"HollowMod:DesolateDive+1","floor":29}],"player_experience":156688,"relics_obtained":[{"floor":8,"key":"Odd Mushroom"},{"floor":9,"key":"Snack Pack"},{"floor":24,"key":"Happy Flower"},{"floor":26,"key":"ReplayFunnel"}],"event_choices":[{"damage_healed":0,"gold_gain":0,"player_choice":"Fought Mushrooms","damage_taken":0,"max_hp_gain":0,"max_hp_loss":0,"event_name":"Mushrooms","floor":8,"gold_loss":0},{"damage_healed":0,"gold_gain":0,"player_choice":"2 cards matched","damage_taken":0,"max_hp_gain":0,"max_hp_loss":0,"event_name":"Match and Keep!","floor":20,"gold_loss":0,"cards_obtained":["Parasite","HollowMod:NewLittleFool"]},{"damage_healed":0,"gold_gain":0,"player_choice":"Ignored","damage_taken":0,"max_hp_gain":0,"max_hp_loss":0,"event_name":"Cursed Tome","floor":28,"gold_loss":0},{"damage_healed":0,"gold_gain":0,"player_choice":"POTION POTION ","damage_taken":19,"max_hp_gain":0,"max_hp_loss":0,"event_name":"Knowing Skull","floor":31,"potions_obtained":["Venom Potion","Death Potion"],"gold_loss":0,"cards_obtained":[]}],"is_beta":false,"boss_relics":[{"not_picked":["StuffTheSpire:Kangaroo","hubris:TerracottaHorce","Ring of Chaos"]}],"items_purged_floors":[21],"is_endless":false,"potions_floor_spawned":[2,3,5,16,22,29],"killed_by":"Pondfish","ascension_level":0}}