{"host":"gs1893ozzou3j7d3","time":1610856919,"event":{"mods":["BaseMod","Colored Map","DeckTracker","Minty Spire (QoL Compilation)","SuperFastMode","Voiceroid Mod"],"gold_per_floor":[144,189,265,310,72,72,117,162,162,162,207,252,252,87,87,387,387,432,477,522,567,612,702,702,747,747,165,465,465,510,555,555,855,855,900,253,364,45,90,180,225,270,270,270,270,18,63,108,108,108],"floor_reached":51,"language":"JPN","playtime":9291,"items_purged":[],"score":1247,"play_id":"d3cdec46-96c7-4387-a01d-efc441ac4a39","local_time":"20210117131518","daily_mods":["SealedDeck","Hoarder","Midas"],"is_ascension_mode":false,"campfire_choices":[{"floor":6,"key":"REST"},{"floor":13,"key":"REST"},{"floor":15,"key":"REST"},{"floor":24,"key":"REST"},{"floor":32,"key":"REST"},{"floor":44,"key":"REST"},{"floor":49,"key":"REST"}],"circlet_count":0,"master_deck":["Cleave","Cleave","Cleave","Sword Boomerang","Sword Boomerang","Sword Boomerang","Thunderclap","Thunderclap","Anger","Anger","Anger","Flex","Flex","Flex","Heavy Blade","Heavy Blade","Heavy Blade","Entrench","Entrench","Entrench","Iron Wave","Iron Wave","Iron Wave","Shrug It Off","Shrug It Off","Shrug It Off","Shrug It Off","Shrug It Off","Shrug It Off","True Grit","True Grit","True Grit","Whirlwind","Whirlwind","Whirlwind","Limit Break","Limit Break","Clothesline","Clothesline","Clothesline","Shrug It Off","Shrug It Off","Shrug It Off","Pommel Strike","Pommel Strike","Pommel Strike","Shockwave","Shockwave","Flame Barrier","Flame Barrier","Flame Barrier","Fire Breathing","Fire Breathing","Fire Breathing","Fiend Fire","Fiend Fire","Fiend Fire","Spot Weakness","Spot Weakness","Spot Weakness","Power Through","Power Through","Power Through","Feel No Pain+1","Feel No Pain+1","Feel No Pain+1","Headbutt","Headbutt","Headbutt","Havoc","Havoc","Havoc","Brutality","Brutality","Brutality","Warcry+1","Warcry+1","Warcry+1","Inflame","Inflame","Inflame","Panache","Panache","Panache","Madness","Madness","Madness","Havoc","Havoc","Havoc","True Grit","True Grit","True Grit","Hemokinesis","Hemokinesis","Hemokinesis","Blood for Blood","Blood for Blood","Blood for Blood","Havoc+1","Havoc+1","Havoc+1","Metallicize+1","Metallicize+1","Metallicize+1","Sword Boomerang+1","Sword Boomerang+1","Sword Boomerang+1","Double Tap+1","Double Tap+1","Double Tap+1","Headbutt+1","Headbutt+1","Headbutt+1","Power Through+1","Power Through+1","Power Through+1","Burning Pact+1","Burning Pact+1","Burning Pact+1","Headbutt+1","Headbutt+1","Headbutt+1","Flex+1","Flex+1","Flex+1","Combust","Combust","Combust","Shrug It Off+1","Shrug It Off+1","Shrug It Off+1","Immolate","Immolate","Immolate","Violence+1","Violence+1","Violence+1","Thunderclap","Thunderclap","Thunderclap","Limit Break+1","Limit Break+1","Limit Break+1","Shockwave+1","Shockwave+1","Shockwave+1","Thinking Ahead+1","Thinking Ahead+1","Thinking Ahead+1","Warcry+1","Warcry+1","Warcry+1","Burning Pact+1","Burning Pact+1","Burning Pact+1","Ghostly Armor+1","Ghostly Armor+1","Ghostly Armor+1","Flex+1","Flex+1","Flex+1","Doubt","Doubt","Doubt","Armaments+1","Armaments+1","Armaments+1","Spot Weakness+1","Spot Weakness+1","Spot Weakness+1","Flex+1","Flex+1","Flex+1"],"relics":["Burning Blood","Membership Card","Nunchaku","Pear","Darkstone Periapt","Bottled Lightning","Fusion Hammer","Potion Belt","Bottled Flame","Pocketwatch","Orichalcum","OrangePellets","Unceasing Top","Toxic Egg 2","Astrolabe","StoneCalendar","Gambling Chip","Chemical X","Mango","Eternal Feather","Ancient Tea Set","Matryoshka","Vajra","Shuriken","FossilizedHelix","Frozen Eye"],"acts_visited":["Exordium","TheCity","TheBeyond"],"potions_floor_usage":[23,23,28,33,40,47,48,50,50],"damage_taken":[{"damage":0,"enemies":"2 Louse","floor":1,"turns":1},{"damage":0,"enemies":"Cultist","floor":2,"turns":2},{"damage":0,"enemies":"Small Slimes","floor":4,"turns":2},{"damage":7,"enemies":"Looter","floor":7,"turns":3},{"damage":5,"enemies":"2 Fungi Beasts","floor":8,"turns":2},{"damage":0,"enemies":"Large Slime","floor":11,"turns":4},{"damage":0,"enemies":"Lots of Slimes","floor":12,"turns":1},{"damage":0,"enemies":"Slime Boss","floor":16,"turns":6},{"damage":0,"enemies":"Spheric Guardian","floor":18,"turns":3},{"damage":0,"enemies":"Chosen","floor":19,"turns":4},{"damage":47,"enemies":"3 Cultists","floor":20,"turns":7},{"damage":1,"enemies":"Snake Plant","floor":21,"turns":5},{"damage":9,"enemies":"Sentry and Sphere","floor":22,"turns":4},{"damage":30,"enemies":"Slavers","floor":23,"turns":10},{"damage":12,"enemies":"Chosen and Byrds","floor":25,"turns":8},{"damage":12,"enemies":"Colosseum Slavers","floor":28,"turns":3},{"damage":7,"enemies":"Colosseum Nobs","floor":28,"turns":5},{"damage":4,"enemies":"Snecko","floor":30,"turns":5},{"damage":8,"enemies":"Cultist and Chosen","floor":31,"turns":5},{"damage":25,"enemies":"Automaton","floor":33,"turns":8},{"damage":12,"enemies":"3 Darklings","floor":35,"turns":9},{"damage":39,"enemies":"2 Orb Walkers","floor":37,"turns":5},{"damage":0,"enemies":"3 Shapes","floor":39,"turns":5},{"damage":18,"enemies":"Reptomancer","floor":40,"turns":5},{"damage":33,"enemies":"Transient","floor":41,"turns":5},{"damage":13,"enemies":"Writhing Mass","floor":42,"turns":7},{"damage":0,"enemies":"Jaw Worm Horde","floor":47,"turns":3},{"damage":0,"enemies":"3 Darklings","floor":48,"turns":1},{"damage":62,"enemies":"Awakened One","floor":50,"turns":8}],"seed_played":"7372172642885907109","potions_obtained":[{"floor":7,"key":"SneckoOil"},{"floor":12,"key":"SpeedPotion"},{"floor":16,"key":"ColorlessPotion"},{"floor":21,"key":"SpeedPotion"},{"floor":23,"key":"DuplicationPotion"},{"floor":25,"key":"Strength Potion"},{"floor":28,"key":"LiquidBronze"},{"floor":31,"key":"LiquidMemories"},{"floor":35,"key":"Regen Potion"},{"floor":37,"key":"ColorlessPotion"},{"floor":39,"key":"EntropicBrew"},{"floor":41,"key":"Dexterity Potion"},{"floor":47,"key":"SteroidPotion"}],"is_trial":false,"path_per_floor":["M","M","?","M","$","R","M","M","T","?","M","M","R","$","R","B",null,"M","M","M","M","M","E","R","M","T","$","?","?","M","M","R","B",null,"M","$","?","$","M","E","M","M","T","R","?","$","M","M","R","B",null],"character_chosen":"IRONCLAD","items_purchased":["Membership Card","Nunchaku","Clothesline","Bottled Lightning","Fire Breathing","Pocketwatch","Orichalcum","OrangePellets","Inflame","Panache","Madness","Havoc","True Grit","Hemokinesis","Blood for Blood","StoneCalendar","Gambling Chip","Chemical X","Flex+1","Combust","Shrug It Off+1","Immolate","Violence+1","Thunderclap","Eternal Feather","Ancient Tea Set","Shockwave+1","Thinking Ahead+1","FossilizedHelix","Armaments+1","Frozen Eye"],"campfire_rested":7,"item_purchase_floors":[5,5,5,14,14,27,27,27,27,27,27,27,27,27,27,36,36,36,36,36,36,36,36,36,38,38,38,38,46,46,46],"current_hp_per_floor":[80,80,80,80,80,80,79,80,90,90,90,90,90,90,90,90,90,90,90,49,54,51,27,54,48,48,48,41,41,43,41,68,49,90,84,84,65,65,71,59,32,25,25,104,122,122,122,122,122,66],"gold":108,"neow_bonus":"","is_daily":true,"chose_seed":false,"campfire_upgraded":0,"win_rate":0.0,"timestamp":1610856918,"path_taken":["M","M","?","M","$","R","M","M","T","?","M","M","R","$","R","BOSS","M","M","M","M","M","E","R","M","T","$","?","?","M","M","R","BOSS","M","$","?","$","M","E","M","M","T","R","?","$","M","M","R","BOSS"],"items_purchased_type":["Relic","Relic","Card","Relic","Card","Relic","Relic","Relic","Card","Card","Card","Card","Card","Card","Card","Relic","Relic","Relic","Card","Card","Card","Card","Card","Card","Relic","Relic","Card","Card","Relic","Card","Relic"],"build_version":"2020-12-22","purchased_purges":0,"victory":true,"max_hp_per_floor":[80,80,80,80,80,80,80,80,90,90,90,90,90,90,90,90,90,90,90,90,90,90,90,90,90,90,90,90,90,90,90,90,90,90,90,90,104,104,104,104,104,104,104,104,122,122,122,122,122,122],"card_choices":[{"not_picked":["Searing Blow","Body Slam"],"picked":"True Grit","floor":1},{"not_picked":["Anger","Pommel Strike"],"picked":"Whirlwind","floor":2},{"not_picked":["Havoc","Body Slam"],"picked":"Limit Break","floor":4},{"not_picked":["Body Slam","Dropkick"],"picked":"Shrug It Off","floor":7},{"not_picked":["Twin Strike","Anger"],"picked":"Pommel Strike","floor":8},{"not_picked":["Clothesline","Metallicize"],"picked":"Shockwave","floor":11},{"not_picked":["Flex","Hemokinesis"],"picked":"Flame Barrier","floor":12},{"not_picked":["Bludgeon","Impervious"],"picked":"Fiend Fire","floor":16},{"not_picked":["Pommel Strike","Sword Boomerang"],"picked":"Spot Weakness","floor":18},{"not_picked":["Whirlwind","Dual Wield"],"picked":"Power Through","floor":19},{"not_picked":["Burning Pact","Iron Wave"],"picked":"Feel No Pain+1","floor":20},{"not_picked":["Thunderclap","Clothesline+1"],"picked":"Headbutt","floor":21},{"not_picked":["Sword Boomerang","Heavy Blade"],"picked":"Havoc","floor":22},{"not_picked":["Flex","Cleave"],"picked":"Brutality","floor":23},{"not_picked":["Dual Wield+1","Disarm"],"picked":"Warcry+1","floor":25},{"not_picked":["Warcry+1","Body Slam"],"picked":"Havoc+1","floor":28},{"not_picked":["Cleave+1","Rampage"],"picked":"Metallicize+1","floor":30},{"not_picked":["Pommel Strike","Iron Wave"],"picked":"Sword Boomerang+1","floor":31},{"not_picked":["Berserk","Barricade"],"picked":"Double Tap+1","floor":33},{"not_picked":["Wild Strike","Sword Boomerang"],"picked":"Headbutt+1","floor":35},{"not_picked":["Thunderclap+1","Twin Strike"],"picked":"Limit Break+1","floor":37},{"not_picked":["Feel No Pain","Anger+1"],"picked":"Warcry+1","floor":39},{"not_picked":["Clothesline","Shockwave+1"],"picked":"Burning Pact+1","floor":40},{"not_picked":["Entrench+1","Hemokinesis+1"],"picked":"Ghostly Armor+1","floor":41},{"not_picked":["Hemokinesis","Rage+1"],"picked":"Flex+1","floor":42},{"not_picked":["Heavy Blade+1","Blood for Blood"],"picked":"Spot Weakness+1","floor":47},{"not_picked":["Burning Pact+1","Armaments+1"],"picked":"Flex+1","floor":48}],"player_experience":585890,"relics_obtained":[{"floor":9,"key":"Pear"},{"floor":23,"key":"Potion Belt"},{"floor":26,"key":"Bottled Flame"},{"floor":28,"key":"Unceasing Top"},{"floor":28,"key":"Toxic Egg 2"},{"floor":37,"key":"Mango"},{"floor":40,"key":"Matryoshka"},{"floor":43,"key":"Vajra"},{"floor":43,"key":"Shuriken"}],"event_choices":[{"damage_healed":0,"gold_gain":76,"player_choice":"Gained Gold","damage_taken":0,"max_hp_gain":0,"max_hp_loss":0,"event_name":"Golden Wing","floor":3,"gold_loss":0},{"damage_healed":0,"gold_gain":0,"player_choice":"Gave Potion","damage_taken":0,"relics_obtained":["Darkstone Periapt"],"max_hp_gain":0,"max_hp_loss":0,"event_name":"WeMeetAgain","floor":10,"gold_loss":0},{"damage_healed":0,"gold_gain":0,"player_choice":"Fight","damage_taken":0,"max_hp_gain":0,"max_hp_loss":0,"event_name":"Colosseum","floor":28,"gold_loss":0},{"damage_healed":0,"gold_gain":0,"player_choice":"Fought Nobs","damage_taken":0,"max_hp_gain":0,"max_hp_loss":0,"event_name":"Colosseum","floor":28,"gold_loss":0},{"damage_healed":0,"gold_gain":0,"player_choice":"Ignored","damage_taken":0,"max_hp_gain":0,"max_hp_loss":0,"event_name":"Vampires","floor":29,"gold_loss":0},{"damage_healed":0,"gold_gain":0,"player_choice":"Fight","damage_taken":0,"max_hp_gain":0,"max_hp_loss":0,"event_name":"Mysterious Sphere","floor":37,"gold_loss":0},{"damage_healed":0,"gold_gain":0,"player_choice":"Heal","damage_taken":0,"max_hp_gain":0,"max_hp_loss":0,"event_name":"MindBloom","floor":45,"gold_loss":0,"cards_obtained":["Doubt"]}],"is_beta":false,"boss_relics":[{"not_picked":["SlaversCollar","Philosopher\u0027s Stone"],"picked":"Fusion Hammer"},{"not_picked":["Runic Cube","Black Star"],"picked":"Astrolabe"}],"items_purged_floors":[],"is_endless":false,"potions_floor_spawned":[7,12,16,21,23,25,28,31,35,37,39,41,47],"ascension_level":0}}