{"host":"qrt7o4dq2qslzw13","time":1610856724,"event":{"mods":["AchievementEnabler","BaseMod","Colored Map","Colored Powertips","Minty Spire (QoL Compilation)","Quick Restart","StSLib","SuperFastMode"],"gold_per_floor":[13,13,33,7,27,40,40,2,2,2,2,45,63,76,76,76,76],"floor_reached":16,"language":"ENG","playtime":354,"items_purged":[],"score":102,"play_id":"34b3411b-4515-411d-b82b-d3ebd329d11e","local_time":"20210116231204","is_ascension_mode":false,"campfire_choices":[{"data":"Adaptation","floor":7.0,"key":"SMITH"},{"data":"WreathOfFlame","floor":11.0,"key":"SMITH"},{"floor":15.0,"key":"REST"}],"circlet_count":0,"master_deck":["Strike_P","Strike_P","Strike_P","Strike_P","Defend_P","Defend_P","Defend_P","Defend_P","Eruption","Vigilance","Devotion","Adaptation+1","Injury","Indignation","BowlingBash","ClearTheMind","WreathOfFlame+1","WaveOfTheHand","EmptyFist","LikeWater","WreathOfFlame"],"relics":["PureWater","Golden Idol","Singing Bowl","Turnip"],"acts_visited":["Exordium"],"potions_floor_usage":[16],"damage_taken":[{"damage":0.0,"enemies":"Small Slimes","floor":1.0,"turns":4.0},{"damage":0.0,"enemies":"Cultist","floor":3.0,"turns":2.0},{"damage":3.0,"enemies":"Jaw Worm","floor":5.0,"turns":3.0},{"damage":0.0,"enemies":"3 Louse","floor":6.0,"turns":2.0},{"damage":23.0,"enemies":"3 Sentries","floor":12.0,"turns":7.0},{"damage":10.0,"enemies":"Exordium Thugs","floor":13.0,"turns":5.0},{"damage":12.0,"enemies":"Blue Slaver","floor":14.0,"turns":3.0},{"damage":58,"enemies":"The Guardian","floor":16,"turns":9}],"seed_played":"-8499204858316047859","potions_obtained":[{"floor":5.0,"key":"SkillPotion"},{"floor":6.0,"key":"SpeedPotion"},{"floor":12.0,"key":"StancePotion"},{"floor":13.0,"key":"LiquidMemories"}],"is_trial":false,"path_per_floor":["M","?","M","$","M","M","R","$","T","?","R","E","M","M","R","B"],"character_chosen":"WATCHER","items_purchased":["BowlingBash","WaveOfTheHand"],"campfire_rested":1,"item_purchase_floors":[4,8],"current_hp_per_floor":[72,72,72,72,69,69,69,69,69,69,69,46,36,24,45,0,0],"gold":76,"neow_bonus":"THREE_RARE_CARDS","is_daily":false,"chose_seed":false,"campfire_upgraded":2,"win_rate":0.0,"timestamp":1610856724,"path_taken":["M","?","M","$","M","M","R","$","T","?","R","E","?","M","R","BOSS"],"items_purchased_type":["Card","Card"],"build_version":"2020-12-22","purchased_purges":0,"victory":false,"max_hp_per_floor":[72,72,72,72,72,72,72,72,72,72,72,72,72,72,72,72,72],"card_choices":[{"not_picked":["Judgement","DeusExMachina"],"picked":"Devotion","floor":0.0},{"not_picked":["CutThroughFate","Vengeance"],"picked":"Adaptation","floor":1.0},{"not_picked":["Nirvana","Tantrum"],"picked":"Indignation","floor":3.0},{"not_picked":["WaveOfTheHand","PathToVictory"],"picked":"ClearTheMind","floor":5.0},{"not_picked":["CutThroughFate","CrushJoints"],"picked":"WreathOfFlame","floor":6.0},{"not_picked":["ClearTheMind","Evaluate"],"picked":"EmptyFist","floor":12.0},{"not_picked":["ForeignInfluence","PathToVictory"],"picked":"LikeWater","floor":13.0},{"not_picked":["CutThroughFate","Crescendo"],"picked":"WreathOfFlame","floor":14.0}],"player_experience":568415,"relics_obtained":[{"floor":9.0,"key":"Singing Bowl"},{"floor":12.0,"key":"Turnip"}],"event_choices":[{"damage_healed":0.0,"max_hp_gain":0.0,"max_hp_loss":0.0,"gold_gain":0.0,"event_name":"Golden Idol","player_choice":"Take Wound","floor":2.0,"gold_loss":0.0,"damage_taken":0.0,"relics_obtained":["Golden Idol"],"cards_obtained":["Injury"]},{"damage_healed":0.0,"max_hp_gain":0.0,"max_hp_loss":0.0,"gold_gain":0.0,"event_name":"NoteForYourself","player_choice":"Ignored","floor":10.0,"gold_loss":0.0,"damage_taken":0.0}],"is_beta":false,"boss_relics":[],"items_purged_floors":[],"is_endless":false,"potions_floor_spawned":[5,6,12,13],"killed_by":"The Guardian","ascension_level":0}}