{"host":"r9v0g0iwbsx9dzwu","time":1610872094,"event":{"mods":["ATMod(阿瑾Mod)","Aspiration","BaseMod","Minty Spire (QoL Compilation)","MostiFishMod","Replay The Spire","RumiaBox-露米娅的神秘盒子","StSLib","TestMod","[IsaacMod]以撒尖塔","vexMod","【功能Mod】聪明的最终Boss","【遗物卡牌】REMEMod"],"gold_per_floor":[114,114,114,39,39,69,69,94,117,149,205,164,164,176,176,250,250,230,230,230,230,230,230,230,206,206,206,206,206,206,206],"floor_reached":30,"language":"ZHS","playtime":1153,"items_purged":["Strike_R","Strike_R"],"score":930,"play_id":"ed6ce992-eeb0-4315-a54c-821b5b55c339","local_time":"20210117162814","is_ascension_mode":true,"campfire_choices":[{"data":"Battle Trance","floor":7.0,"key":"SMITH"},{"data":"MostiFishMod:#F4004","floor":13,"key":"SMITH"},{"data":"EpicFetus","floor":15,"key":"SMITH"}],"circlet_count":0,"master_deck":["AscendersBane","Strike_R","Strike_R","Strike_R","Defend_R+1","Defend_R+1","Defend_R","Defend_R","Bash","AT_EmpoweredMortalDraw","EpicFetus+1","Battle Trance+1","Strike_R","Replay:Many Hands","Shrug It Off","MostiFishMod:#F4004+1","MostiFishMod:Chiaki","Shrug It Off","MostiFishMod:WingOfPhoenix"],"relics":["Burning Blood","AT_ATBox","DaveBox","testmod-TestBox","HushsDoor","REME_ComplimentaryCards","MoneyPower","testmod-IncinerationGenerator","RhineSuit","NeowsBlessing","Baka2","MagicDraw1","AT_SeraphEmbrace","Champion Belt","Ectoplasm","MomsKnife","Damocles","Vajra","YumHeart","Omamori","vexMod:Dragonfruit","ThornShield","Singing Bowl"],"acts_visited":["Exordium","TheCity"],"potions_floor_usage":[28],"damage_taken":[{"damage":0.0,"enemies":"Jaw Worm","floor":1.0,"turns":1.0},{"damage":0.0,"enemies":"Lagavulin","floor":6.0,"turns":1.0},{"damage":0.0,"enemies":"Replay:BlueRogue","floor":8.0,"turns":1.0},{"damage":2,"enemies":"Gremlin Nob","floor":10,"turns":2},{"damage":0,"enemies":"2 Louse","floor":11,"turns":5},{"damage":0,"enemies":"Cultist","floor":14,"turns":4},{"damage":0,"enemies":"The Guardian","floor":16,"turns":5},{"damage":0,"enemies":"2 Thieves","floor":18,"turns":2},{"damage":0,"enemies":"Spheric Guardian","floor":20,"turns":3},{"damage":1,"enemies":"Snake Plant","floor":21,"turns":3},{"damage":0,"enemies":"Cultist and Chosen","floor":22,"turns":6},{"damage":14,"enemies":"Book of Stabbing","floor":23,"turns":4},{"damage":0,"enemies":"Snecko","floor":24,"turns":3},{"damage":0,"enemies":"Replay:Snechameleon","floor":25,"turns":3},{"damage":0,"enemies":"Centurion and Healer","floor":27,"turns":4},{"damage":3,"enemies":"Shelled Parasite and Fungi","floor":28,"turns":4},{"damage":18,"enemies":"Gremlin Leader","floor":30,"turns":2}],"seed_played":"6998014490500054175","potions_obtained":[{"floor":10,"key":"Block Potion"},{"floor":11,"key":"Block Potion"},{"floor":23,"key":"Fire Potion"},{"floor":28,"key":"LifebloodPotion"}],"is_trial":false,"path_per_floor":["M","?","$","$","?","E","R","E","T","E","M","$","R","M","R","B",null,"M","?","M","M","M","E","M","E","T","M","M","?","E"],"character_chosen":"IRONCLAD","items_purchased":["MostiFishMod:#F4004","MomsKnife"],"campfire_rested":0,"item_purchase_floors":[12,17],"current_hp_per_floor":[74,51,51,51,44,50,50,56,56,60,66,66,66,72,72,75,38,36,36,42,41,41,33,41,41,46,46,51,51,0,0],"gold":206,"neow_bonus":"THREE_ENEMY_KILL","is_daily":false,"chose_seed":false,"campfire_upgraded":3,"win_rate":0.0,"timestamp":1610872094,"path_taken":["M","?","?","$","?","E","R","E","T","E","M","$","R","?","R","BOSS","M","?","M","M","M","E","M","E","T","M","M","?","E"],"items_purchased_type":["Card","Relic"],"build_version":"2020-12-22","purchased_purges":2,"victory":false,"max_hp_per_floor":[75,75,75,75,75,75,75,75,75,75,75,75,75,75,75,75,38,42,42,42,41,41,41,41,41,46,46,51,51,51,51],"card_choices":[{"not_picked":[],"picked":"EpicFetus","floor":0.0},{"not_picked":["Wild Strike","Hemokinesis"],"picked":"Battle Trance","floor":1.0},{"not_picked":["AT_ManFootWork","Perfected Strike"],"picked":"Replay:Many Hands","floor":6.0},{"not_picked":["Wild Strike","Havoc","Replay:Undeath\u0027s Touch"],"picked":"SKIP","floor":8},{"not_picked":["Life Link","Replay:Undeath\u0027s Touch","Run Through"],"picked":"SKIP","floor":10},{"not_picked":["Battle Trance","Iron Wave"],"picked":"Shrug It Off","floor":11},{"not_picked":["REME_FearOfPain","Immolate","Clothesline"],"picked":"SKIP","floor":14},{"not_picked":["Feed","Juggernaut"],"picked":"MostiFishMod:Chiaki","floor":16},{"not_picked":["Dark Embrace","Clash+1"],"picked":"Shrug It Off","floor":18},{"not_picked":["Dual Wield","Replay:Undeath\u0027s Touch","Run Through+1"],"picked":"SKIP","floor":20},{"not_picked":["Replay:Undeath\u0027s Touch","ReplayTheSpireMod:Limb From Limb","Battle Trance"],"picked":"SKIP","floor":21},{"not_picked":["Twin Strike","Cleave","Iron Wave"],"picked":"SKIP","floor":22},{"not_picked":["Clash","Havoc"],"picked":"MostiFishMod:RainCloud","floor":23},{"not_picked":["ReplayTheSpireMod:Strike From Hell","Clash","Perfected Strike+1"],"picked":"SKIP","floor":24},{"not_picked":["Headbutt","Dark Embrace","Anger"],"picked":"SKIP","floor":25},{"not_picked":["Headbutt","Dark Embrace","Anger"],"picked":"SKIP","floor":25},{"not_picked":["Blood for Blood","REME_FearOfPain","Anger"],"picked":"SKIP","floor":27},{"not_picked":["Heavy Blade","Replay:Undeath\u0027s Touch","Cleave"],"picked":"Singing Bowl","floor":28}],"player_experience":24993,"relics_obtained":[{"floor":1.0,"key":"Baka"},{"floor":6.0,"key":"Baka2"},{"floor":6.0,"key":"MagicDraw1"},{"floor":8,"key":"AT_ArchangelStaff"},{"floor":10,"key":"Champion Belt"},{"floor":23,"key":"Damocles"},{"floor":24,"key":"Vajra"},{"floor":25,"key":"YumHeart"},{"floor":25,"key":"Omamori"},{"floor":26,"key":"vexMod:Dragonfruit"},{"floor":27,"key":"ThornShield"},{"floor":28,"key":"Singing Bowl"}],"event_choices":[{"damage_healed":0.0,"max_hp_gain":0.0,"max_hp_loss":0.0,"gold_gain":0.0,"event_name":"Shining Light","player_choice":"Entered Light","floor":2.0,"gold_loss":0.0,"damage_taken":23.0,"cards_upgraded":["Defend_R","Defend_R"]},{"damage_healed":0,"gold_gain":0,"player_choice":"Read","damage_taken":0,"max_hp_gain":0,"max_hp_loss":0,"event_name":"The Library","floor":29,"gold_loss":0,"cards_obtained":["MostiFishMod:WingOfPhoenix"]}],"is_beta":false,"boss_relics":[{"not_picked":["RhineFirstAidKit","testmod-DreamHouse"],"picked":"Ectoplasm"},{"not_picked":[]}],"items_purged_floors":[4,17],"is_endless":false,"potions_floor_spawned":[10,11,21,23,24,28],"killed_by":"Gremlin Leader","ascension_level":20}}