{"host":"rfig31diolzjwfq0","time":1610900006,"event":{"mods":["AchievementEnabler","BaseMod","Colored Map","Colored Powertips","Downfall","Googly Eyes","Highlight Path","Minty Spire (QoL Compilation)","Relic Stats","StSLib"],"gold_per_floor":[99,111,111,111,96,106,106,106,121,135,135,150,167,167,182,182,182,182],"floor_reached":16,"language":"ENG","playtime":1289,"items_purged":[],"score":94,"play_id":"50e959d8-758f-4f1c-be06-b5694b4c19a1","local_time":"20210117101326","is_ascension_mode":false,"campfire_choices":[{"data":"Guardian:CurlUp","floor":1.0,"key":"SMITH"},{"data":"Guardian:PrimingBeam","floor":8,"key":"SMITH"},{"data":"Guardian:FloatingOrbs","floor":11,"key":"SMITH"}],"circlet_count":0,"master_deck":["Guardian:Strike_Guardian","Guardian:Strike_Guardian","Guardian:Strike_Guardian","Guardian:Defend_Guardian","Guardian:Defend_Guardian","Guardian:Defend_Guardian","Guardian:CurlUp+1","Guardian:TwinSlam","Guardian:DecasProtection+1","Guardian:PrimingBeam+1","Guardian:ShieldSpikes","Guardian:FloatingOrbs+1","Guardian:EvasiveProtocol","Guardian:Gem_Purple"],"relics":["Guardian:ModeShifter","Du-Vu Doll","Kunai"],"acts_visited":["Exordium"],"potions_floor_usage":[16],"damage_taken":[{"damage":0.0,"enemies":"Jaw Worm","floor":2.0,"turns":5.0},{"damage":4,"enemies":"downfall:FleeingMerchant","floor":5,"turns":4},{"damage":0,"enemies":"Small Slimes","floor":6,"turns":4},{"damage":0,"enemies":"Cultist","floor":9,"turns":4},{"damage":4,"enemies":"2 Fungi Beasts","floor":10,"turns":5},{"damage":15,"enemies":"3 Louse","floor":12,"turns":3},{"damage":17,"enemies":"Gremlin Gang","floor":13,"turns":4},{"damage":2,"enemies":"2 Fungi Beasts","floor":15,"turns":4},{"damage":31,"enemies":"IC_STATUS_ARCHETYPE","floor":16,"turns":11}],"seed_played":"-7675024296454161963","potions_obtained":[{"floor":2.0,"key":"SpeedPotion"},{"floor":9,"key":"DistilledChaos"},{"floor":10,"key":"Explosive Potion"}],"is_trial":false,"path_per_floor":["R","M","?","?","$","M","T","R","M","M","R","M","M","?","M","B"],"character_chosen":"GUARDIAN","items_purchased":[],"campfire_rested":0,"item_purchase_floors":[],"current_hp_per_floor":[72,72,72,72,68,68,68,68,68,64,64,49,32,32,30,0,0,0],"gold":182,"neow_bonus":"ONE_RARE_RELIC","is_daily":false,"chose_seed":false,"campfire_upgraded":3,"win_rate":0.0,"timestamp":1610900006,"path_taken":["R","M","?","?","$","M","T","R","M","?","R","M","M","?","M","BOSS"],"items_purchased_type":[],"build_version":"2020-12-22","purchased_purges":0,"victory":false,"max_hp_per_floor":[72,72,72,72,72,72,72,72,72,72,72,72,72,72,72,72,72,72],"relic_stats":{"counters":[9,44],"Kunai":[12],"obtain_stats":[{"Du-Vu Doll":0,"Guardian:ModeShifter":0,"Kunai":7},{"Du-Vu Doll":0,"Guardian:ModeShifter":0,"Kunai":3},{"Du-Vu Doll":0,"Guardian:ModeShifter":0,"Kunai":13}]},"card_choices":[{"not_picked":["Guardian:Gem_Yellow","Guardian:TimeBomb"],"picked":"Guardian:DecasProtection","floor":2.0},{"not_picked":["Guardian:Gem_Red","Guardian:Harden"],"picked":"Guardian:PrimingBeam","floor":5},{"not_picked":["Guardian:Gem_Lightblue","Guardian:TemporalShield"],"picked":"Guardian:ShieldSpikes","floor":6},{"not_picked":["Guardian:Gem_Fragmented","Guardian:VentSteam"],"picked":"Guardian:FloatingOrbs","floor":9},{"not_picked":["Guardian:ShieldSpikes","Guardian:Preprogram","Guardian:CrystalBeam"],"picked":"SKIP","floor":10},{"not_picked":["Guardian:Gem_Cyan","Guardian:Gem_Green"],"picked":"Guardian:EvasiveProtocol","floor":12},{"not_picked":["Guardian:Planning","Guardian:FastForward","Guardian:VentSteam"],"picked":"SKIP","floor":13},{"not_picked":["Guardian:Reroute","Guardian:TemporalShield"],"picked":"Guardian:Gem_Purple","floor":15}],"player_experience":236186,"relics_obtained":[{"floor":7,"key":"Kunai"}],"event_choices":[{"cards_removed":["Guardian:Strike_Guardian"],"damage_healed":0.0,"max_hp_gain":0.0,"max_hp_loss":0.0,"gold_gain":0.0,"event_name":"The Cleric","player_choice":"Card Removal","floor":3.0,"gold_loss":0.0,"damage_taken":0.0},{"damage_healed":0,"gold_gain":0,"player_choice":"Grow","damage_taken":0,"max_hp_gain":0,"max_hp_loss":0,"event_name":"Living Wall","floor":14,"gold_loss":0,"cards_upgraded":["Guardian:DecasProtection"]}],"is_beta":false,"boss_relics":[],"items_purged_floors":[],"is_endless":false,"potions_floor_spawned":[2,9,10,13],"killed_by":"IC_STATUS_ARCHETYPE","ascension_level":0}}