{"host":"xp5rvh2jwe2ejyfm","time":1610898152,"event":{"mods":["BaseMod","Hermit","Minty Spire (QoL Compilation)","Replay The Spire","StSLib","The Construct","The Disciple","The Necromancer","The Runesmith"],"gold_per_floor":[109,109,125,144,156,156,171,171,194,208,235,251,276,32,32,135,135,145,163,163,163,177,11,11,11],"floor_reached":24,"language":"ENG","playtime":1243,"items_purged":[],"score":210,"play_id":"5fd3bc6e-4650-446e-979c-6a2444d3339f","local_time":"20210117104232","is_ascension_mode":false,"campfire_choices":[{"data":"hermit:EyeOfTheStorm","floor":6,"key":"SMITH"},{"data":"hermit:Grudge","floor":8,"key":"SMITH"},{"floor":15,"key":"REST"}],"circlet_count":0,"master_deck":["hermit:Strike_Hermit+1","hermit:Strike_Hermit+1","hermit:Strike_Hermit+1","hermit:Strike_Hermit+1","hermit:Defend_Hermit+1","hermit:Defend_Hermit+1","hermit:Defend_Hermit+1","hermit:Defend_Hermit+1","hermit:Snapshot","hermit:Covet","hermit:Spite","hermit:LuckOfTheDraw","hermit:EyeOfTheStorm+1","hermit:Grudge+1","hermit:LoneWolf","hermit:Glare","hermit:RoundhouseKick","hermit:Headshot","hermit:EyeOfTheStorm","ReplayTheSpireMod:IOU","hermit:ShadowCloak","hermit:FinalCanter","hermit:HeroicBravado","hermit:WideOpen+1","hermit:TakeAim","ReplayTheSpireMod:IOU","Pot Of Greed","Pot Of Greed","Pot Of Greed","hermit:BigShot","ReplayTheSpireMod:IOU"],"relics":["hermit:Momento","Bag of Marbles","Strawberry","Replay:Wax Seal","Blue Doll","construct:ClawGrip","Grinning Jar","OrangePellets"],"acts_visited":["Exordium","TheCity"],"potions_floor_usage":[13,13,16,22,24],"damage_taken":[{"damage":2,"enemies":"2 Louse","floor":1,"turns":2},{"damage":6,"enemies":"Jaw Worm","floor":3,"turns":3},{"damage":0,"enemies":"Cultist","floor":4,"turns":3},{"damage":8,"enemies":"Blue Slaver","floor":5,"turns":5},{"damage":0,"enemies":"Red Slaver","floor":7,"turns":2},{"damage":5,"enemies":"Looter","floor":10,"turns":4},{"damage":26,"enemies":"Gremlin Nob","floor":11,"turns":5},{"damage":4,"enemies":"Blue Slaver","floor":12,"turns":2},{"damage":5,"enemies":"Lagavulin","floor":13,"turns":3},{"damage":40,"enemies":"Hexaghost","floor":16,"turns":11},{"damage":11,"enemies":"Spheric Guardian","floor":18,"turns":4},{"damage":32,"enemies":"3 Byrds","floor":19,"turns":5},{"damage":20,"enemies":"Sentry and Sphere","floor":22,"turns":4},{"damage":7,"enemies":"Snake Plant","floor":24,"turns":1}],"seed_played":"-8678606205968966636","potions_obtained":[{"floor":4,"key":"Adrenaline Potion"},{"floor":5,"key":"SpeedPotion"},{"floor":10,"key":"FearPotion"},{"floor":11,"key":"SkillPotion"},{"floor":19,"key":"SkillPotion"},{"floor":22,"key":"hermit:Eclipse"}],"is_trial":false,"path_per_floor":["M","?","M","M","M","R","M","R","T","M","E","M","E","$","R","B",null,"M","M","?","?","M","$","M"],"character_chosen":"HERMIT","items_purchased":["Blue Doll","hermit:ShadowCloak","hermit:FinalCanter","Grinning Jar","hermit:BigShot","OrangePellets"],"campfire_rested":1,"item_purchase_floors":[14,14,14,23,23,23],"current_hp_per_floor":[73,73,67,67,59,59,59,59,59,54,35,31,26,26,50,10,82,71,39,23,23,3,3,0,0],"gold":11,"neow_bonus":"RANDOM_EVENT","is_daily":false,"chose_seed":false,"campfire_upgraded":2,"win_rate":0.0,"timestamp":1610898152,"path_taken":["M","?","M","M","M","R","M","R","T","M","E","M","E","$","R","BOSS","M","M","?","?","M","$","M"],"items_purchased_type":["Relic","Card","Card","Relic","Card","Relic"],"build_version":"2020-12-22","purchased_purges":0,"victory":false,"max_hp_per_floor":[75,75,75,75,75,75,75,75,75,75,82,82,82,82,82,82,82,82,82,87,87,87,87,87,87],"card_choices":[{"not_picked":["hermit:Headshot","hermit:Snipe"],"picked":"hermit:Spite","floor":1},{"not_picked":["hermit:CalledShot","hermit:ItchyTrigger"],"picked":"hermit:LuckOfTheDraw","floor":3},{"not_picked":["hermit:Coalescence","hermit:Misfire"],"picked":"hermit:EyeOfTheStorm","floor":4},{"not_picked":["hermit:Feint","hermit:Headshot"],"picked":"hermit:Grudge","floor":5},{"not_picked":["hermit:Feint","hermit:Manifest"],"picked":"hermit:LoneWolf","floor":7},{"not_picked":["hermit:FullyLoaded","hermit:WideOpen"],"picked":"hermit:Glare","floor":10},{"not_picked":["hermit:LoneWolf","hermit:Deadeye"],"picked":"hermit:RoundhouseKick","floor":11},{"not_picked":["hermit:HoleUp","hermit:Snipe"],"picked":"hermit:Headshot","floor":12},{"not_picked":["hermit:Dive","hermit:Quickdraw"],"picked":"hermit:EyeOfTheStorm","floor":13},{"not_picked":["hermit:Gambit","hermit:Purgatory"],"picked":"hermit:HeroicBravado","floor":16},{"not_picked":["hermit:Desperado","hermit:Gestalt","hermit:Cheat+1"],"picked":"SKIP","floor":18},{"not_picked":["hermit:TrackingShot+1","hermit:Virtue"],"picked":"hermit:WideOpen+1","floor":19},{"not_picked":["hermit:PistolWhip","hermit:Quickdraw"],"picked":"hermit:TakeAim","floor":22}],"player_experience":202798,"relics_obtained":[{"floor":9,"key":"Bag of Marbles"},{"floor":11,"key":"Strawberry"},{"floor":13,"key":"Replay:Wax Seal"}],"event_choices":[{"damage_healed":0,"gold_gain":0,"player_choice":"Ignored","damage_taken":0,"max_hp_gain":0,"max_hp_loss":0,"event_name":"Golden Idol","floor":2,"gold_loss":0},{"damage_healed":0,"gold_gain":0,"player_choice":"Shed Blood","damage_taken":21,"max_hp_gain":5,"max_hp_loss":0,"event_name":"Forgotten Altar","floor":20,"gold_loss":0},{"damage_healed":0,"gold_gain":0,"player_choice":"Simplicity","damage_taken":0,"max_hp_gain":0,"max_hp_loss":0,"event_name":"Back to Basics","floor":21,"gold_loss":0,"cards_upgraded":["hermit:Strike_Hermit","hermit:Strike_Hermit","hermit:Strike_Hermit","hermit:Strike_Hermit","hermit:Defend_Hermit","hermit:Defend_Hermit","hermit:Defend_Hermit"]}],"is_beta":false,"boss_relics":[{"not_picked":["Empty Cage","Runic Pyramid"],"picked":"construct:ClawGrip"}],"items_purged_floors":[],"is_endless":false,"potions_floor_spawned":[4,5,10,11,12,19,22],"killed_by":"Snake Plant","ascension_level":0}}