{"host":"vlqejv0notyktumz","time":1610852942,"event":{"mods":["AchievementEnabler","BaseMod","Colored Map","Colored Powertips","Downfall","Googly Eyes","Minty Spire (QoL Compilation)","StSLib"],"gold_per_floor":[216,228,32,32,100,100,113,113,189,201,201,221,221,250,250,348,348,367,33,46,46,46],"floor_reached":21,"language":"ENG","playtime":545,"items_purged":["Strike_B"],"score":253,"play_id":"d09d2898-ac8a-4449-adb2-b96c755d294e","local_time":"20210116210902","is_ascension_mode":true,"campfire_choices":[{"data":"Darkness","floor":6,"key":"SMITH"},{"data":"Dualcast","floor":8,"key":"SMITH"},{"data":"Redo","floor":11,"key":"SMITH"},{"floor":13,"key":"REST"},{"floor":15,"key":"REST"}],"circlet_count":0,"master_deck":["Strike_B","Strike_B","Strike_B","Defend_B","Defend_B","Defend_B","Defend_B","Zap","Dualcast+1","Darkness+1","Barrage","Defragment","Conserve Battery","Sweeping Beam","Redo+1","Defragment","Chill","Echo Form","Consume","Conserve Battery","Steam Power+1"],"relics":["Cracked Core","SsserpentHead","Matryoshka","Lantern","SlaversCollar","Pocketwatch"],"acts_visited":["Exordium","TheCity"],"potions_floor_usage":[14,16,20,20,21],"damage_taken":[{"damage":2,"enemies":"Small Slimes","floor":1,"turns":4},{"damage":0,"enemies":"Cultist","floor":2,"turns":4},{"damage":12,"enemies":"2 Louse","floor":5,"turns":3},{"damage":15,"enemies":"2 Fungi Beasts","floor":7,"turns":3},{"damage":12,"enemies":"Looter","floor":10,"turns":3},{"damage":18,"enemies":"Exordium Wildlife","floor":12,"turns":3},{"damage":28,"enemies":"Gremlin Nob","floor":14,"turns":4},{"damage":21,"enemies":"Slime Boss","floor":16,"turns":8},{"damage":24,"enemies":"Shell Parasite","floor":18,"turns":5},{"damage":24,"enemies":"Chosen","floor":20,"turns":5},{"damage":13,"enemies":"Snecko","floor":21,"turns":3}],"seed_played":"-3410620974311217521","potions_obtained":[{"floor":7,"key":"Swift Potion"},{"floor":12,"key":"SteroidPotion"},{"floor":14,"key":"Slimebound:ThreeZeroPotion"},{"floor":18,"key":"Fire Potion"},{"floor":20,"key":"PowerPotion"}],"is_trial":false,"path_per_floor":["M","M","$","?","M","R","M","R","T","M","R","M","R","E","R","B",null,"M","$","M","M"],"character_chosen":"DEFECT","items_purchased":["Defragment","Conserve Battery","Conserve Battery","Pocketwatch"],"campfire_rested":2,"item_purchase_floors":[3,3,19,19],"current_hp_per_floor":[66,66,66,66,54,54,39,39,39,27,27,9,31,3,25,4,57,33,33,9,0,0],"gold":46,"neow_bonus":"HUNDRED_GOLD","is_daily":false,"chose_seed":false,"campfire_upgraded":3,"win_rate":0.0,"timestamp":1610852942,"path_taken":["M","M","$","?","?","R","M","R","T","M","R","M","R","E","R","BOSS","M","$","M","M"],"items_purchased_type":["Card","Card","Card","Relic"],"build_version":"2020-12-22","purchased_purges":1,"victory":false,"max_hp_per_floor":[75,75,75,75,75,75,75,75,75,75,75,75,75,75,75,75,75,75,75,75,75,75],"card_choices":[{"not_picked":["Cold Snap","Steam"],"picked":"Darkness","floor":1},{"not_picked":["Hello World","Stack"],"picked":"Barrage","floor":2},{"not_picked":["Cold Snap","Chaos"],"picked":"Sweeping Beam","floor":5},{"not_picked":["Stack","Auto Shields"],"picked":"Redo","floor":7},{"not_picked":["Coolheaded","Cold Snap"],"picked":"Defragment","floor":10},{"not_picked":["Turbo","Streamline","Cold Snap"],"picked":"SKIP","floor":12},{"not_picked":["Aggregate","Amplify"],"picked":"Chill","floor":14},{"not_picked":["Rainbow","Biased Cognition"],"picked":"Echo Form","floor":16},{"not_picked":["Rebound","Turbo"],"picked":"Consume","floor":18},{"not_picked":["Coolheaded","Compile Driver"],"picked":"Steam Power+1","floor":20}],"player_experience":351246,"relics_obtained":[{"floor":9,"key":"Matryoshka"},{"floor":14,"key":"Lantern"}],"event_choices":[{"damage_healed":0,"gold_gain":0,"player_choice":"Trade","damage_taken":0,"relics_obtained":["SsserpentHead"],"max_hp_gain":0,"max_hp_loss":0,"event_name":"FaceTrader","floor":4,"gold_loss":0}],"is_beta":false,"boss_relics":[{"not_picked":["Inserter","Busted Crown"],"picked":"SlaversCollar"}],"items_purged_floors":[3],"is_endless":false,"potions_floor_spawned":[7,12,14,18,20],"killed_by":"Snecko","ascension_level":8}}