{"host":"f5mjulaw5aqlqmd7","time":1610915411,"event":{"mods":["Act Like it!","BaseMod","Colored Map","GifTheSpireLib","Hallownest","Minty Spire (QoL Compilation)","StSLib"],"gold_per_floor":[113,113,11,26,42,42,42,69,116,129,147,157,177,195,195,296,296,307,38,38,50,150,150,162,162,162],"floor_reached":25,"language":"ENG","playtime":2235,"items_purged":[],"score":207,"play_id":"eb1e2e3b-3bf3-4991-a609-e9d4a1ba3ab9","local_time":"20210117153011","is_ascension_mode":false,"campfire_choices":[{"data":"Anger","floor":6,"key":"SMITH"},{"floor":15,"key":"REST"},{"floor":23,"key":"REST"}],"circlet_count":0,"master_deck":["Strike_R","Strike_R","Strike_R","Strike_R","Defend_R","Defend_R","Defend_R","Defend_R","Bash","Rage","Anger+1","Cleave","Shrug It Off","Pommel Strike","Dropkick","Demon Form","Thunderclap","Cleave","Shockwave","Cleave","Clothesline","Bludgeon","Twin Strike","Seeing Red","Armaments","Thunderclap","Finesse","Offering","Shrug It Off","Infernal Blade"],"relics":["Burning Blood","MealTicket","Happy Flower","Mark of Pain"],"acts_visited":["Exordium","TheCity"],"potions_floor_usage":[16,16,16],"damage_taken":[{"damage":12,"enemies":"Small Slimes","floor":1,"turns":4},{"damage":0,"enemies":"Cultist","floor":4,"turns":3},{"damage":7,"enemies":"2 Louse","floor":5,"turns":2},{"damage":39,"enemies":"3 Sentries","floor":8,"turns":7},{"damage":27,"enemies":"Red Slaver","floor":10,"turns":5},{"damage":2,"enemies":"Lots of Slimes","floor":11,"turns":3},{"damage":10,"enemies":"Blue Slaver","floor":12,"turns":4},{"damage":3,"enemies":"Red Slaver","floor":13,"turns":3},{"damage":18,"enemies":"Lots of Slimes","floor":14,"turns":2},{"damage":47,"enemies":"The Guardian","floor":16,"turns":14},{"damage":55,"enemies":"2 Thieves","floor":18,"turns":5},{"damage":39,"enemies":"Shell Parasite","floor":21,"turns":6},{"damage":33,"enemies":"Chosen and Byrds","floor":24,"turns":7},{"damage":13,"enemies":"3 Cultists","floor":25,"turns":2}],"seed_played":"5027479520196842858","potions_obtained":[{"floor":4,"key":"Weak Potion"},{"floor":7,"key":"DuplicationPotion"},{"floor":7,"key":"HeartOfIron"},{"floor":13,"key":"Regen Potion"},{"floor":24,"key":"GamblersBrew"}],"is_trial":false,"path_per_floor":["M","?","$","M","M","R","?","E","T","M","M","M","M","M","R","B",null,"M","$","?","M","?","R","M","M"],"character_chosen":"IRONCLAD","items_purchased":["Cleave","Shrug It Off","Seeing Red","Armaments","Thunderclap","Finesse"],"campfire_rested":2,"item_purchase_floors":[3,3,19,19,19,19],"current_hp_per_floor":[74,74,74,80,79,79,79,46,46,25,29,25,28,16,40,14,80,31,46,46,13,13,37,10,0,0],"gold":162,"neow_bonus":"","is_daily":false,"chose_seed":false,"campfire_upgraded":1,"win_rate":0.0,"timestamp":1610915411,"path_taken":["M","?","$","M","?","R","?","E","T","M","?","?","M","M","R","BOSS","M","$","?","?","?","R","M","M"],"items_purchased_type":["Card","Card","Card","Card","Card","Card"],"build_version":"2020-12-22","purchased_purges":0,"victory":false,"max_hp_per_floor":[80,80,80,80,80,80,80,80,80,80,80,80,80,80,80,80,80,80,80,80,80,80,80,80,80,80],"card_choices":[{"not_picked":["Sword Boomerang","Clash"],"picked":"Rage","floor":1},{"not_picked":["Warcry","Flex"],"picked":"Pommel Strike","floor":4},{"not_picked":["Clash","Hemokinesis"],"picked":"Dropkick","floor":5},{"not_picked":["Power Through","Ghostly Armor"],"picked":"Demon Form","floor":8},{"not_picked":["Flex","Pommel Strike"],"picked":"Thunderclap","floor":10},{"not_picked":["Dropkick","Pummel"],"picked":"Cleave","floor":11},{"not_picked":["Metallicize","Flex"],"picked":"Shockwave","floor":12},{"not_picked":["Sword Boomerang","Anger"],"picked":"Cleave","floor":13},{"not_picked":["Brutality","Shrug It Off"],"picked":"Clothesline","floor":14},{"not_picked":["Impervious","Fiend Fire"],"picked":"Bludgeon","floor":16},{"not_picked":["Disarm+1","Dropkick"],"picked":"Twin Strike","floor":18},{"not_picked":["Cleave","Body Slam"],"picked":"Shrug It Off","floor":21},{"not_picked":["Cleave","Rampage"],"picked":"Infernal Blade","floor":24}],"player_experience":0,"relics_obtained":[{"floor":8,"key":"MealTicket"},{"floor":9,"key":"Happy Flower"}],"event_choices":[{"damage_healed":0,"gold_gain":0,"player_choice":"1 cards matched","damage_taken":0,"max_hp_gain":0,"max_hp_loss":0,"event_name":"Match and Keep!","floor":2,"gold_loss":0,"cards_obtained":["Anger"]},{"damage_healed":0,"gold_gain":0,"player_choice":"Got Potions","damage_taken":0,"max_hp_gain":0,"max_hp_loss":0,"event_name":"Lab","floor":7,"gold_loss":0},{"damage_healed":0,"gold_gain":0,"cards_transformed":["Strike_R"],"player_choice":"Transformed","damage_taken":0,"max_hp_gain":0,"max_hp_loss":0,"event_name":"Transmorgrifier","floor":20,"gold_loss":0,"cards_obtained":["Offering"]},{"damage_healed":0,"gold_gain":100,"player_choice":"Pray","damage_taken":0,"max_hp_gain":0,"max_hp_loss":0,"event_name":"Golden Shrine","floor":22,"gold_loss":0}],"is_beta":false,"boss_relics":[{"not_picked":["Busted Crown","Coffee Dripper"],"picked":"Mark of Pain"}],"items_purged_floors":[],"is_endless":false,"potions_floor_spawned":[4,8,10,13,24],"killed_by":"3 Cultists","ascension_level":0}}