{"host":"jscggscbx0p7706o","time":1610897698,"event":{"mods":["AchievementEnabler","BaseMod","Block Reminder","Colored Powertips","Filter the Spire","Minty Spire (QoL Compilation)","Permanent Neow","Quick Restart","StSLib"],"gold_per_floor":[111,111,111,122,132,132,142,217,242,242,93,93,93,93,93,188,188,198,198,198,211,63,63,63,81,81,81,81,81,100,120,120,120,120],"floor_reached":33,"language":"ENG","playtime":438,"items_purged":["Defend_R","Defend_R"],"score":233,"play_id":"fbe36939-809a-46a9-ad24-288d6b22f7eb","local_time":"20210117233458","is_ascension_mode":false,"campfire_choices":[{"data":"Inflame","floor":6.0,"key":"SMITH"},{"data":"Strike_R","floor":10.0,"key":"SMITH"},{"data":"Whirlwind","floor":12.0,"key":"SMITH"},{"data":"Strike_R","floor":15.0,"key":"SMITH"},{"data":"Flex","floor":23.0,"key":"SMITH"},{"data":"J.A.X.","floor":28,"key":"SMITH"},{"data":"Trip","floor":32,"key":"SMITH"}],"circlet_count":0,"master_deck":["Strike_R","Strike_R","Strike_R","Strike_R+1","Strike_R+1","Defend_R","Bash+1","Inflame+1","Whirlwind+1","J.A.X.+1","Spot Weakness+1","Flex+1","Trip+1","Twin Strike"],"relics":["Coffee Dripper","Bag of Preparation","Velvet Choker","Enchiridion","Juzu Bracelet","Vajra"],"acts_visited":["Exordium","TheCity"],"potions_floor_usage":[33],"damage_taken":[{"damage":1.0,"enemies":"Jaw Worm","floor":1.0,"turns":3.0},{"damage":0.0,"enemies":"Cultist","floor":4.0,"turns":2.0},{"damage":0.0,"enemies":"Small Slimes","floor":5.0,"turns":3.0},{"damage":1.0,"enemies":"2 Fungi Beasts","floor":7.0,"turns":2.0},{"damage":40.0,"enemies":"The Guardian","floor":16.0,"turns":6.0},{"damage":7.0,"enemies":"Shell Parasite","floor":18.0,"turns":3.0},{"damage":0.0,"enemies":"3 Byrds","floor":21.0,"turns":3.0},{"damage":18,"enemies":"Shelled Parasite and Fungi","floor":25,"turns":2},{"damage":22,"enemies":"Snake Plant","floor":30,"turns":2},{"damage":0,"enemies":"3 Cultists","floor":31,"turns":2},{"damage":17,"enemies":"Automaton","floor":33,"turns":3}],"seed_played":"8069695012364683481","potions_obtained":[{"floor":1.0,"key":"LiquidBronze"},{"floor":4.0,"key":"GamblersBrew"},{"floor":7.0,"key":"Dexterity Potion"},{"floor":25,"key":"Strength Potion"}],"is_trial":false,"path_per_floor":["M","?","?","M","M","R","M","?","T","R","$","R","$","?","R","B",null,"M","?","?","M","$","R","?","M","T","?","R","?","M","M","R","B"],"character_chosen":"IRONCLAD","items_purchased":["Whirlwind","Flex"],"campfire_rested":0,"item_purchase_floors":[11,22],"current_hp_per_floor":[79,79,79,79,79,79,78,67,67,67,67,67,67,67,67,27,80,73,57,57,57,57,57,57,39,39,39,39,39,17,17,17,0,0],"gold":120,"neow_bonus":"BOSS_RELIC","is_daily":false,"chose_seed":false,"campfire_upgraded":7,"win_rate":0.0,"timestamp":1610897698,"path_taken":["M","?","?","?","M","R","M","?","T","R","$","R","$","?","R","BOSS","M","?","?","M","$","R","?","M","T","?","R","?","M","M","R","BOSS"],"items_purchased_type":["Card","Card"],"build_version":"2020-12-22","purchased_purges":2,"victory":false,"max_hp_per_floor":[80,80,80,80,80,80,80,80,80,80,80,80,80,80,80,80,80,80,80,80,80,80,80,80,80,80,80,80,80,80,80,80,80,80],"card_choices":[{"not_picked":["Second Wind","Headbutt","Body Slam"],"picked":"SKIP","floor":1.0},{"not_picked":["Twin Strike","Anger"],"picked":"Inflame","floor":4.0},{"not_picked":["Heavy Blade","Armaments","Cleave"],"picked":"SKIP","floor":5.0},{"not_picked":["Clothesline","Reaper","Power Through"],"picked":"SKIP","floor":7.0},{"not_picked":["Uppercut","Bloodletting","True Grit"],"picked":"SKIP","floor":18.0},{"not_picked":["Spot Weakness+1","Wild Strike","Sword Boomerang"],"picked":"SKIP","floor":21.0},{"not_picked":["Wild Strike","Sword Boomerang"],"picked":"Spot Weakness+1","floor":21.0},{"not_picked":["Cleave+1","Iron Wave","Warcry"],"picked":"SKIP","floor":25},{"not_picked":["Perfected Strike","Cleave","Infernal Blade"],"picked":"SKIP","floor":30},{"not_picked":["Power Through","Wild Strike","Hemokinesis+1"],"picked":"SKIP","floor":31}],"player_experience":284821,"relics_obtained":[{"floor":9.0,"key":"Bag of Preparation"},{"floor":19.0,"key":"Enchiridion"},{"floor":26,"key":"Juzu Bracelet"}],"event_choices":[{"damage_healed":0.0,"max_hp_gain":0.0,"max_hp_loss":0.0,"gold_gain":0.0,"event_name":"Shining Light","player_choice":"Ignored","floor":2.0,"gold_loss":0.0,"damage_taken":0.0},{"damage_healed":0.0,"max_hp_gain":0.0,"max_hp_loss":0.0,"gold_gain":0.0,"event_name":"Upgrade Shrine","player_choice":"Upgraded","floor":3.0,"gold_loss":0.0,"damage_taken":0.0,"cards_upgraded":["Bash"]},{"damage_healed":0.0,"max_hp_gain":0.0,"max_hp_loss":0.0,"gold_gain":75.0,"event_name":"World of Goop","player_choice":"Gather Gold","floor":8.0,"gold_loss":0.0,"damage_taken":11.0},{"damage_healed":0.0,"max_hp_gain":0.0,"max_hp_loss":0.0,"gold_gain":0.0,"event_name":"Dead Adventurer","player_choice":"Searched \u00271\u0027 times","floor":14.0,"gold_loss":0.0,"damage_taken":0.0},{"damage_healed":0.0,"max_hp_gain":0.0,"max_hp_loss":0.0,"gold_gain":0.0,"event_name":"Cursed Tome","player_choice":"Obtained Book","floor":19.0,"gold_loss":0.0,"damage_taken":16.0},{"damage_healed":0.0,"max_hp_gain":0.0,"max_hp_loss":0.0,"gold_gain":0.0,"event_name":"Drug Dealer","player_choice":"Obtain J.A.X.","floor":20.0,"gold_loss":0.0,"damage_taken":0.0,"cards_obtained":["J.A.X."]},{"damage_healed":0,"gold_gain":0,"player_choice":"1 cards matched","damage_taken":0,"max_hp_gain":0,"max_hp_loss":0,"event_name":"Match and Keep!","floor":24,"gold_loss":0,"cards_obtained":["Trip"]},{"damage_healed":0,"gold_gain":0,"cards_transformed":["Defend_R"],"player_choice":"Transformed","damage_taken":0,"max_hp_gain":0,"max_hp_loss":0,"event_name":"Transmorgrifier","floor":27,"gold_loss":0,"cards_obtained":["Twin Strike"]},{"damage_healed":0,"gold_gain":0,"player_choice":"Opened","damage_taken":0,"relics_obtained":["Vajra"],"max_hp_gain":0,"max_hp_loss":0,"event_name":"The Mausoleum","floor":29,"gold_loss":0}],"is_beta":false,"boss_relics":[{"not_picked":["Fusion Hammer","Philosopher\u0027s Stone"],"picked":"Velvet Choker"}],"items_purged_floors":[11,22],"is_endless":false,"potions_floor_spawned":[1,4,7,21,25,30],"killed_by":"Automaton","ascension_level":0}}