{"host":"y89x8uui45kcjy42","time":1610858265,"event":{"mods":["2.2 Compatiblity","BaseMod","CapriCore","Colored Map","Colored Powertips","Custom Start","Friendly Minions","Keyboard Shortcuts","Minty Spire (QoL Compilation)","Relic Stats","Slay the Relics Exporter","StSLib","SuperFastMode","Uncapped"],"gold_per_floor":[110,125,136,147,157,157,185,150,150,150,182,182,210,60,60,131,131,142,153,173,187,187,222,222,238,265,281,281,309,326,161,161,235,235,251,267,282,282,293,326,344,376,400,400,400,434,262,287,287,287,287,287],"floor_reached":51,"language":"KOR","playtime":1447,"items_purged":["Bash"],"score":1998,"play_id":"7040618d-dd7f-49a4-8f55-f9503057857b","local_time":"20210117133745","is_ascension_mode":true,"campfire_choices":[{"data":"Sentinel","floor":6,"key":"SMITH"},{"data":"Shockwave","floor":12,"key":"SMITH"},{"data":"Body Slam","floor":15,"key":"SMITH"},{"floor":24,"key":"RECALL"},{"data":"Fire Breathing","floor":28,"key":"SMITH"},{"data":"Entrench","floor":32,"key":"SMITH"},{"data":"Exhume","floor":44,"key":"SMITH"},{"data":"Dark Embrace","floor":49,"key":"SMITH"}],"circlet_count":0,"master_deck":["Second Wind+1","Immolate+1","Adrenaline+1","Machine Learning+1","Vault+1","Madness+1","Master of Strategy+1","Sentinel+1","Body Slam+1","Shockwave+1","Burning Pact","Disarm","Power Through+1","Fire Breathing+1","Feel No Pain","Entrench+1","Exhume+1","Metallicize+1","Dark Embrace+1"],"relics":["Burning Blood","Champion Belt","Charon\u0027s Ashes","Paper Crane","Paper Frog","Anchor","HornCleat","CaptainsWheel","HandDrill","Red Skull","Bag of Marbles","Dream Catcher","Sundial","Pear","Molten Egg 2","Coffee Dripper","Omamori","Pen Nib","Juzu Bracelet","Runic Pyramid","WingedGreaves","InkBottle","Potion Belt","Bag of Preparation","TheAbacus","Thread and Needle"],"acts_visited":["Exordium","TheCity","TheBeyond"],"potions_floor_usage":[33,33,39],"damage_taken":[{"damage":0,"enemies":"Cultist","floor":1,"turns":1},{"damage":0,"enemies":"2 Louse","floor":2,"turns":2},{"damage":0,"enemies":"Small Slimes","floor":3,"turns":1},{"damage":0,"enemies":"Gremlin Gang","floor":4,"turns":1},{"damage":0,"enemies":"Exordium Wildlife","floor":5,"turns":2},{"damage":0,"enemies":"3 Sentries","floor":7,"turns":1},{"damage":0,"enemies":"Gremlin Nob","floor":11,"turns":2},{"damage":0,"enemies":"Lagavulin","floor":13,"turns":3},{"damage":4,"enemies":"The Guardian","floor":16,"turns":4},{"damage":0,"enemies":"Chosen","floor":18,"turns":3},{"damage":0,"enemies":"Spheric Guardian","floor":19,"turns":2},{"damage":0,"enemies":"Snecko","floor":20,"turns":3},{"damage":0,"enemies":"Chosen and Byrds","floor":21,"turns":3},{"damage":0,"enemies":"Slavers","floor":23,"turns":2},{"damage":0,"enemies":"Cultist and Chosen","floor":25,"turns":2},{"damage":0,"enemies":"Centurion and Healer","floor":27,"turns":2},{"damage":0,"enemies":"Book of Stabbing","floor":29,"turns":3},{"damage":0,"enemies":"3 Cultists","floor":30,"turns":1},{"damage":4,"enemies":"Automaton","floor":33,"turns":6},{"damage":0,"enemies":"3 Shapes","floor":35,"turns":2},{"damage":0,"enemies":"Orb Walker","floor":36,"turns":1},{"damage":0,"enemies":"Maw","floor":37,"turns":3},{"damage":0,"enemies":"Writhing Mass","floor":39,"turns":3},{"damage":0,"enemies":"Nemesis","floor":40,"turns":3},{"damage":0,"enemies":"3 Darklings","floor":41,"turns":2},{"damage":0,"enemies":"Reptomancer","floor":42,"turns":2},{"damage":0,"enemies":"Giant Head","floor":46,"turns":2},{"damage":0,"enemies":"Mind Bloom Boss Battle","floor":48,"turns":3},{"damage":9,"enemies":"Time Eater","floor":50,"turns":6},{"damage":0,"enemies":"Donu and Deca","floor":51,"turns":1}],"seed_played":"-5510112397217746634","potions_obtained":[{"floor":2,"key":"ElixirPotion"},{"floor":4,"key":"Block Potion"},{"floor":19,"key":"DuplicationPotion"},{"floor":30,"key":"DuplicationPotion"},{"floor":33,"key":"Fire Potion"},{"floor":36,"key":"Block Potion"},{"floor":41,"key":"SpeedPotion"}],"is_trial":false,"path_per_floor":["M","M","M","M","M","R","E","?","T","?","E","R","E","$","R","B",null,"M","M","M","M","?","E","R","M","T","M","R","E","M","$","R","B",null,"M","M","M","?","M","E","M","E","T","R","?","E","$","?","R","B","B"],"character_chosen":"IRONCLAD","items_purchased":["Disarm","Feel No Pain","Entrench","TheAbacus"],"campfire_rested":0,"item_purchase_floors":[14,31,31,47],"current_hp_per_floor":[74,75,75,75,75,75,75,75,75,75,85,85,85,85,85,85,85,85,85,85,85,64,70,70,76,76,82,82,85,85,85,85,85,85,85,85,85,85,85,85,85,85,85,85,85,85,85,85,85,82,82,82],"gold":287,"neow_bonus":"RANDOM_COMMON_RELIC","is_daily":false,"chose_seed":false,"campfire_upgraded":7,"win_rate":0.0,"timestamp":1610858265,"path_taken":["M","M","M","M","?","R","E","?","T","?","E","R","E","$","R","BOSS","M","M","?","M","?","E","R","M","T","M","R","E","M","$","R","BOSS","M","M","M","?","M","E","M","E","T","R","?","E","$","?","R","BOSS","BOSS"],"items_purchased_type":["Card","Card","Card","Relic"],"build_version":"2020-12-22","purchased_purges":1,"victory":false,"max_hp_per_floor":[75,75,75,75,75,75,75,75,75,75,85,85,85,85,85,85,85,85,85,85,85,85,85,85,85,85,85,85,85,85,85,85,85,85,85,85,85,85,85,85,85,85,85,85,85,85,85,85,85,85,85,85],"relic_stats":{"counters":[30,72],"Charon\u0027s Ashes":[763],"Pen Nib":[5],"Juzu Bracelet":1,"Bag of Preparation":[6],"Burning Blood":42,"Dream Catcher":0,"TheAbacus":[90],"Sundial":[40],"HandDrill":[14],"Champion Belt":[81],"obtain_stats":[{"Juzu Bracelet":29,"Bag of Preparation":46,"Burning Blood":0,"Dream Catcher":7,"HornCleat":0,"TheAbacus":47,"Sundial":9,"WingedGreaves":41,"HandDrill":0,"Red Skull":0,"InkBottle":42,"Paper Frog":0,"Runic Pyramid":34,"Potion Belt":43,"Pear":11,"Thread and Needle":48,"Charon\u0027s Ashes":0,"Pen Nib":23,"Omamori":22,"Paper Crane":0,"Anchor":0,"CaptainsWheel":0,"Molten Egg 2":13,"Bag of Marbles":3,"Coffee Dripper":17,"Champion Belt":0},{"Juzu Bracelet":17,"Bag of Preparation":27,"Burning Blood":0,"Dream Catcher":6,"HornCleat":0,"TheAbacus":27,"Sundial":6,"WingedGreaves":25,"HandDrill":0,"Red Skull":0,"InkBottle":26,"Paper Frog":0,"Runic Pyramid":19,"Potion Belt":26,"Pear":7,"Thread and Needle":28,"Charon\u0027s Ashes":0,"Pen Nib":14,"Omamori":13,"Paper Crane":0,"Anchor":0,"CaptainsWheel":0,"Molten Egg 2":8,"Bag of Marbles":3,"Coffee Dripper":9,"Champion Belt":0},{"Juzu Bracelet":37,"Bag of Preparation":62,"Burning Blood":0,"Dream Catcher":8,"HornCleat":0,"TheAbacus":62,"Sundial":8,"WingedGreaves":58,"HandDrill":0,"Red Skull":0,"InkBottle":60,"Paper Frog":0,"Runic Pyramid":44,"Potion Belt":60,"Pear":10,"Thread and Needle":65,"Charon\u0027s Ashes":0,"Pen Nib":30,"Omamori":28,"Paper Crane":0,"Anchor":0,"CaptainsWheel":0,"Molten Egg 2":13,"Bag of Marbles":4,"Coffee Dripper":17,"Champion Belt":0}],"InkBottle":[4]},"card_choices":[{"not_picked":["Cleave","Body Slam","Iron Wave"],"picked":"SKIP","floor":1},{"not_picked":["Sword Boomerang","Cleave","True Grit"],"picked":"SKIP","floor":2},{"not_picked":["Body Slam","Warcry","Dropkick"],"picked":"SKIP","floor":3},{"not_picked":["True Grit","Brutality","Flex"],"picked":"SKIP","floor":4},{"not_picked":["Heavy Blade","Armaments"],"picked":"Sentinel","floor":5},{"not_picked":["Inflame","Sentinel"],"picked":"Body Slam","floor":7},{"not_picked":["Heavy Blade","Iron Wave"],"picked":"Shockwave","floor":11},{"not_picked":["Hemokinesis+1","Second Wind"],"picked":"Burning Pact","floor":13},{"not_picked":["Armaments+1","True Grit","Twin Strike+1"],"picked":"SKIP","floor":18},{"not_picked":["Reckless Charge+1","Pommel Strike+1"],"picked":"Power Through+1","floor":19},{"not_picked":["Uppercut+1","Headbutt+1","Perfected Strike+1"],"picked":"SKIP","floor":20},{"not_picked":["Thunderclap+1","Spot Weakness","Cleave+1"],"picked":"SKIP","floor":21},{"not_picked":["Perfected Strike+1","Cleave+1","Twin Strike+1"],"picked":"SKIP","floor":23},{"not_picked":["Reckless Charge+1","Burning Pact"],"picked":"Fire Breathing","floor":25},{"not_picked":["Clash+1","Pommel Strike+1","Searing Blow+1"],"picked":"SKIP","floor":27},{"not_picked":["Body Slam+1","Bloodletting","Impervious"],"picked":"SKIP","floor":29},{"not_picked":["Twin Strike+1","Thunderclap+1","Body Slam+1"],"picked":"SKIP","floor":30},{"not_picked":["Brutality","Reaper+1"],"picked":"Exhume","floor":33},{"not_picked":["Dual Wield","Havoc","Sword Boomerang+1"],"picked":"SKIP","floor":35},{"not_picked":["Carnage+1","Armaments"],"picked":"Metallicize+1","floor":36},{"not_picked":["Carnage+1","Havoc","Shockwave"],"picked":"SKIP","floor":37},{"not_picked":["Metallicize","Cleave+1","Blood for Blood+1"],"picked":"SKIP","floor":39},{"not_picked":["Iron Wave+1","Armaments"],"picked":"Dark Embrace","floor":40},{"not_picked":["Bloodletting+1","Wild Strike+1","Iron Wave+1"],"picked":"SKIP","floor":41},{"not_picked":["Metallicize","Impervious","Anger+1"],"picked":"SKIP","floor":42},{"not_picked":["Twin Strike+1","Rage","Warcry"],"picked":"SKIP","floor":46}],"player_experience":618818,"relics_obtained":[{"floor":7,"key":"Dream Catcher"},{"floor":9,"key":"Sundial"},{"floor":11,"key":"Pear"},{"floor":13,"key":"Molten Egg 2"},{"floor":23,"key":"Pen Nib"},{"floor":29,"key":"Juzu Bracelet"},{"floor":42,"key":"InkBottle"},{"floor":43,"key":"Potion Belt"},{"floor":46,"key":"Bag of Preparation"},{"floor":48,"key":"Thread and Needle"}],"event_choices":[{"damage_healed":18,"gold_gain":0,"player_choice":"Healed","damage_taken":0,"max_hp_gain":0,"max_hp_loss":0,"event_name":"The Cleric","floor":8,"gold_loss":35},{"damage_healed":0,"gold_gain":0,"player_choice":"Ignored","damage_taken":0,"max_hp_gain":0,"max_hp_loss":0,"event_name":"Transmorgrifier","floor":10,"gold_loss":0},{"damage_healed":0,"gold_gain":0,"player_choice":"Obtained Book","damage_taken":21,"max_hp_gain":0,"max_hp_loss":0,"event_name":"Cursed Tome","floor":22,"gold_loss":0},{"damage_healed":0,"gold_gain":0,"player_choice":"Ignored","damage_taken":0,"max_hp_gain":0,"max_hp_loss":0,"event_name":"Tomb of Lord Red Mask","floor":38,"gold_loss":0},{"damage_healed":0,"gold_gain":0,"player_choice":"0 cards matched","damage_taken":0,"max_hp_gain":0,"max_hp_loss":0,"event_name":"Match and Keep!","floor":45,"gold_loss":0,"cards_obtained":[]},{"damage_healed":0,"gold_gain":0,"player_choice":"Fight","damage_taken":0,"max_hp_gain":0,"max_hp_loss":0,"event_name":"MindBloom","floor":48,"gold_loss":0}],"is_beta":false,"boss_relics":[{"not_picked":["Snecko Eye","Runic Cube","Pandora\u0027s Box"]},{"not_picked":["Mark of Pain","Fusion Hammer"],"picked":"Runic Pyramid"}],"items_purged_floors":[14],"is_endless":false,"potions_floor_spawned":[2,4,11,13,19,20,21,30,33,36,37,41],"killed_by":"Donu and Deca","ascension_level":20}}