{"host":"tkinv8gv6hgcc58b","time":1610919926,"event":{"mods":["BaseMod","Colored Map","Downfall","Googly Eyes","Hermit","Minty Spire (QoL Compilation)","READ ME - Guardian Mod","StSLib","The Cursed","The Disciple"],"gold_per_floor":[99,119,119,119,419,419,419,594,610,623,152,152,60,88,88,183,183,83,97,97,108,125,125,125,125,159,159,159,159,159],"floor_reached":28,"language":"ENG","playtime":6554,"items_purged":["Doubt"],"score":246,"play_id":"706da5eb-5e70-4a86-9e92-9f57992655df","local_time":"20210117164526","is_ascension_mode":true,"campfire_choices":[{"data":"champ:Taunt","floor":1,"key":"SMITH"},{"floor":12,"key":"REST"},{"data":"champ:Improvising","floor":18,"key":"SMITH"},{"data":"champ:BerserkerStyle","floor":25,"key":"SMITH"}],"circlet_count":0,"master_deck":["champ:Strike","champ:Strike","champ:Strike","champ:Strike","champ:Defend","champ:Defend","champ:Defend","champ:Defend","champ:Execute","champ:Taunt+1","champ:BringItOn","downfall:Icky","downfall:Icky","champ:PreciseThrust","champ:MurderStrike","champ:RisingSlash","expansioncontent:QuickStudy+1","champ:FanOfKnives","champ:BerserkersShout","champ:ArenaPreparation+1","champ:BerserkerStyle+1","champ:RageSigil","champ:Improvising+1","champ:ViciousMockery+1","Decay","champ:StanceDance"],"relics":["Philosopher\u0027s Stone","Bag of Marbles","champ:LiftRelic","White Beast Statue","Lantern","Question Card","Busted Crown","downfall:HeartBlessingGreen","Blue Candle","Omamori","Potion Belt"],"acts_visited":["Exordium","TheCity"],"potions_floor_usage":[13,13,15,16,26,26],"damage_taken":[{"damage":5,"enemies":"2 Louse","floor":2,"turns":2},{"damage":3,"enemies":"Small Slimes","floor":9,"turns":3},{"damage":17,"enemies":"Jaw Worm","floor":10,"turns":2},{"damage":10,"enemies":"downfall:FleeingMerchant","floor":11,"turns":4},{"damage":40,"enemies":"downfall:FleeingMerchant","floor":13,"turns":4},{"damage":67,"enemies":"Gremlin Nob","floor":14,"turns":4},{"damage":0,"enemies":"Exordium Wildlife","floor":15,"turns":1},{"damage":54,"enemies":"IC_STATUS_ARCHETYPE","floor":16,"turns":6},{"damage":31,"enemies":"3 Byrds","floor":19,"turns":4},{"damage":15,"enemies":"3 Cultists","floor":21,"turns":1},{"damage":0,"enemies":"Snake Plant","floor":22,"turns":1},{"damage":111,"enemies":"Slavers","floor":26,"turns":4},{"damage":34,"enemies":"Cultist and Chosen","floor":28,"turns":2}],"seed_played":"-2008525987075916182","potions_obtained":[{"floor":9,"key":"SmokeBomb"},{"floor":10,"key":"SteroidPotion"},{"floor":11,"key":"FearPotion"},{"floor":13,"key":"SmokeBomb"},{"floor":14,"key":"Strength Potion"},{"floor":16,"key":"DuplicationPotion"},{"floor":19,"key":"Slimebound:ThreeZeroPotion"},{"floor":22,"key":"PowerPotion"},{"floor":26,"key":"champ:CounterPotion"}],"is_trial":false,"path_per_floor":["R","M","?","?","?","?","T","?","M","M","$","R","$","E","M","B",null,"R","M","?","M","M","?","T","R","E","T","M"],"character_chosen":"THE_CHAMP","items_purchased":["expansioncontent:QuickStudy","champ:FanOfKnives","Lantern","champ:BerserkersShout","champ:BerserkerStyle"],"campfire_rested":1,"item_purchase_floors":[11,11,11,11,13],"current_hp_per_floor":[90,85,85,60,60,60,60,60,57,50,50,77,62,39,39,15,90,90,81,81,81,81,81,81,81,34,34,0,0,0],"gold":159,"neow_bonus":"BOSS_RELIC","is_daily":false,"chose_seed":false,"campfire_upgraded":3,"win_rate":0.0,"timestamp":1610919926,"path_taken":["R","M","?","?","?","?","T","?","?","M","$","R","$","E","M","BOSS","R","M","?","?","M","?","T","R","E","?","M"],"items_purchased_type":["Card","Card","Relic","Card","Card"],"build_version":"2020-12-22","purchased_purges":1,"victory":false,"max_hp_per_floor":[90,90,90,90,90,90,90,90,90,90,90,90,90,90,90,90,90,90,90,90,90,90,90,90,90,90,90,90,90,90],"card_choices":[{"not_picked":["champ:ShieldSigil","champ:Parry"],"picked":"champ:BringItOn","floor":2},{"not_picked":["champ:DefensiveShout","champ:AdrenalArmor"],"picked":"champ:PreciseThrust","floor":9},{"not_picked":["champ:BladeFlurry","champ:BringItOn"],"picked":"champ:MurderStrike","floor":10},{"not_picked":["champ:Backstep","champ:CrookedStrike"],"picked":"champ:RisingSlash","floor":11},{"not_picked":["champ:CalledShot","champ:Duel"],"picked":"champ:ArenaPreparation","floor":13},{"not_picked":["champ:Shatter","champ:ShieldSigil"],"picked":"champ:RageSigil","floor":14},{"not_picked":["champ:TripleStrike","champ:SteelEdge","champ:MurderStrike"],"picked":"champ:Improvising","floor":16},{"not_picked":["champ:Duel"],"picked":"champ:ViciousMockery+1","floor":19},{"not_picked":["champ:IronFortress+1"],"picked":"champ:StanceDance","floor":21},{"not_picked":["champ:CrownThrow","champ:PerfectedStrike"],"picked":"SKIP","floor":22},{"not_picked":["champ:EnGarde","champ:GutPunch+1"],"picked":"SKIP","floor":26}],"player_experience":1015228,"relics_obtained":[{"floor":7,"key":"White Beast Statue"},{"floor":14,"key":"Question Card"},{"floor":24,"key":"Blue Candle"},{"floor":26,"key":"Omamori"},{"floor":27,"key":"Potion Belt"}],"event_choices":[{"damage_healed":0,"gold_gain":0,"player_choice":"Success","damage_taken":25,"relics_obtained":["Bag of Marbles"],"max_hp_gain":0,"max_hp_loss":0,"event_name":"Scrap Ooze","floor":4,"gold_loss":0}],"is_beta":false,"boss_relics":[{"not_picked":["Coffee Dripper","Pandora\u0027s Box"],"picked":"Busted Crown"}],"items_purged_floors":[11],"is_endless":false,"potions_floor_spawned":[9,10,11,13,14,15,16,19,21,22,26],"killed_by":"Cultist and Chosen","ascension_level":1}}