{"host":"2gke39v5r4v8gacc","time":1610885966,"event":{"mods":["BaseMod","KinomotoSakuraMod(ƒæ÷Æ±æ”£)","Koishi","Marisa£®ÏF”Í°°ƒß¿Ì…≥£©","Minty Spire (QoL Compilation)","Prisma Mod","StSLib","The Bug Knight","WarShipGirlsR/’ΩΩ¢…Ÿ≈ÆR mod","Youmu£®ªÍ∆«—˝√Œ£©","Yuri Mod"],"gold_per_floor":[135,165,198,249,285,369,462,555,555,63,99,174,264,91,91,394,394,433,433,469,469,517,595,652,227,303,387,438,534,612,714,714,1023,1023,1053,1053,509,569,133,214,239,299,299,374,533,635,635,674,674,674],"floor_reached":51,"language":"ZHS","playtime":2409,"items_purged":["rmod:steelsupply"],"score":1450,"play_id":"578066b3-75ec-4858-9c3f-3c89a5005709","local_time":"20210117201926","daily_mods":["SealedDeck","Vintage","Colorless Cards","Heirloom","Time Dilation","Flight","Midas"],"is_ascension_mode":false,"campfire_choices":[{"floor":15,"key":"REST"},{"floor":32,"key":"REST"},{"floor":49,"key":"REST"}],"circlet_count":0,"master_deck":["rmod:ammunitionsupply","rmod:aluminumsupply","rmod:fletcherpendant","rmod:aviationdawn","rmod:royalracing","rmod:firesupport","rmod:tearstotiara","rmod:intelligenceanalysis","rmod:diamondstrike","rmod:overbreakdown+1","Master of Strategy+1","rmod:fuelsupply+1","rmod:wife+1","Madness+1","rmod:expedition","rmod:fletcherpendant","rmod:aviationdawn+1","Apotheosis+1","rmod:ridicule+1","rmod:chargemoney","rmod:launchingtorpedo+1","rmod:salvage+1","rmod:fletcherpendant+1","rmod:fletcher+1","rmod:tearstotiara+1","rmod:fletcherpendant+1","rmod:fletcher+1","rmod:fletcherpendant+1","rmod:fletcherpendant+1","Apotheosis+1","rmod:fletcherpendant+1","rmod:fletcherpendant+1","rmod:fuelsupply+1"],"relics":["rmod:firstchargereward","Ice Cream","Shuriken","Pen Nib","Toxic Egg 2","Pantograph","Bottled Lightning","Mummified Hand","Mercury Hourglass","Smiling Mask","rmod:equipmentrecovery","Ornamental Fan","Singing Bowl","Bird Faced Urn","HornCleat","Runic Dome","Molten Egg 2","Meat on the Bone","Torii","rmod:extraamm","HollowMod:PaleOreRelic","HollowMod:StagPassRelic","Akabeko","Strange Spoon","Bottled Tornado","Question Card","StrikeDummy","Vajra","Regal Pillow","Bag of Preparation","Black Star","Bronze Scales","Gremlin Horn","HollowMod:LifeEnderRelic","Pear","Bottled Flame","Centennial Puzzle","Boot","PreservedInsect","InkBottle","The Courier","Blood Vial","Omamori","Ginger","Dead Branch","yuri:PortableGlitches","Sundial","Eternal Feather"],"acts_visited":["Exordium","TheCity","TheBeyond"],"potions_floor_usage":[11,16],"damage_taken":[{"damage":0,"enemies":"Cultist","floor":1,"turns":1},{"damage":7,"enemies":"2 Louse","floor":2,"turns":2},{"damage":11,"enemies":"Jaw Worm","floor":3,"turns":2},{"damage":0,"enemies":"2 Fungi Beasts","floor":4,"turns":2},{"damage":0,"enemies":"Looter","floor":5,"turns":1},{"damage":0,"enemies":"Lagavulin","floor":6,"turns":2},{"damage":0,"enemies":"3 Sentries","floor":7,"turns":3},{"damage":0,"enemies":"Lagavulin","floor":8,"turns":1},{"damage":0,"enemies":"Blue Slaver","floor":11,"turns":1},{"damage":0,"enemies":"Gremlin Nob","floor":12,"turns":2},{"damage":9,"enemies":"Lagavulin","floor":13,"turns":3},{"damage":16,"enemies":"Hexaghost","floor":16,"turns":3},{"damage":0,"enemies":"3 Byrds","floor":18,"turns":2},{"damage":0,"enemies":"Shell Parasite","floor":20,"turns":1},{"damage":8,"enemies":"Centurion and Healer","floor":22,"turns":2},{"damage":7,"enemies":"Gremlin Leader","floor":23,"turns":2},{"damage":0,"enemies":"Cultist and Chosen","floor":24,"turns":1},{"damage":0,"enemies":"Book of Stabbing","floor":27,"turns":1},{"damage":0,"enemies":"Snake Plant","floor":28,"turns":1},{"damage":0,"enemies":"Slavers","floor":29,"turns":1},{"damage":0,"enemies":"Gremlin Leader","floor":30,"turns":1},{"damage":0,"enemies":"Book of Stabbing","floor":31,"turns":1},{"damage":0,"enemies":"Collector","floor":33,"turns":1},{"damage":0,"enemies":"3 Darklings","floor":35,"turns":1},{"damage":0,"enemies":"Orb Walker","floor":38,"turns":1},{"damage":0,"enemies":"Giant Head","floor":40,"turns":1},{"damage":13,"enemies":"4 Shapes","floor":42,"turns":1},{"damage":0,"enemies":"Nemesis","floor":44,"turns":1},{"damage":0,"enemies":"2 Orb Walkers","floor":45,"turns":1},{"damage":0,"enemies":"Reptomancer","floor":46,"turns":1},{"damage":0,"enemies":"Writhing Mass","floor":48,"turns":1},{"damage":0,"enemies":"Time Eater","floor":50,"turns":2}],"seed_played":"6741977647283639803","potions_obtained":[{"floor":3,"key":"AttackPotion"},{"floor":5,"key":"FearPotion"},{"floor":7,"key":"SpeedPotion"},{"floor":12,"key":"Weak Potion"},{"floor":13,"key":"Explosive Potion"},{"floor":18,"key":"PowerPotion"},{"floor":20,"key":"SkillPotion"},{"floor":24,"key":"EssenceOfSteel"},{"floor":28,"key":"SkillPotion"}],"is_trial":true,"path_per_floor":["M","M","M","M","M","E","E","E","T","$","M","E","E","$","R","B",null,"M","?","M","?","M","E","M","$","T","E","M","E","E","E","R","B",null,"M","?","$","M","$","E","T","M","T","E","?","E","T","M","R","B",null],"character_chosen":"PRAEFECT","items_purchased":["rmod:wife+1","Madness+1","Ornamental Fan","rmod:expedition","Apotheosis+1","Akabeko","Strange Spoon","rmod:salvage+1","Gremlin Horn","HollowMod:LifeEnderRelic","rmod:fletcherpendant+1","Bottled Flame","Apotheosis+1"],"campfire_rested":3,"item_purchase_floors":[10,10,10,10,14,25,25,25,37,37,37,39,39],"current_hp_per_floor":[75,68,57,57,57,57,57,57,57,57,57,57,50,50,72,59,75,75,75,75,75,67,64,66,66,66,72,76,77,79,81,81,81,81,81,81,81,91,91,93,93,80,80,82,86,94,94,95,95,95],"gold":674,"neow_bonus":"","is_daily":false,"chose_seed":false,"campfire_upgraded":0,"win_rate":0.0,"timestamp":1610885966,"path_taken":["M","M","M","M","?","E","E","E","T","$","M","E","E","$","R","BOSS","M","?","M","?","M","E","M","$","T","E","M","E","E","E","R","BOSS","M","?","$","M","$","E","?","M","T","E","?","E","?","M","R","BOSS"],"items_purchased_type":["Card","Card","Relic","Card","Card","Relic","Relic","Card","Relic","Relic","Card","Relic","Card"],"build_version":"2020-12-22","purchased_purges":1,"victory":true,"max_hp_per_floor":[75,75,75,75,75,75,75,75,75,75,75,75,75,75,75,75,75,75,75,75,75,75,75,75,75,75,77,77,77,79,81,81,81,81,81,81,81,91,91,93,93,93,93,93,93,95,95,95,95,95],"card_choices":[{"not_picked":["rmod:steelsupply+1","rmod:selfconfidence"],"picked":"rmod:overbreakdown+1","floor":6},{"not_picked":["rmod:supportescort+1","rmod:generalist"],"picked":"Master of Strategy+1","floor":7},{"not_picked":["rmod:ammunitionsupply+1","rmod:aluminumsupply+1"],"picked":"rmod:fuelsupply+1","floor":8},{"not_picked":["rmod:overbreakdown+1","rmod:steelsupply+1"],"picked":"rmod:fletcherpendant","floor":12},{"not_picked":["rmod:fuelsupply+1","rmod:ammunitionsupply+1"],"picked":"rmod:aviationdawn+1","floor":13},{"not_picked":["rmod:u235+1","rmod:fletcher"],"picked":"rmod:ridicule+1","floor":16},{"not_picked":["rmod:gendarmerie+1","Metamorphosis+1"],"picked":"rmod:launchingtorpedo+1","floor":23},{"not_picked":["rmod:wife+1","Enlightenment+1","Dark Shackles+1"],"picked":"Singing Bowl","floor":27},{"not_picked":["rmod:luckystar+1","rmod:steelsupply+1","rmod:ammunitionsupply+1"],"picked":"rmod:tearstotiara+1","floor":29},{"not_picked":["rmod:aluminumsupply+1","rmod:aviationdawn+1","rmod:combined+1","rmod:supportescort+1"],"picked":"Singing Bowl","floor":30},{"not_picked":["rmod:diaomin+1","rmod:tearstotiara+1","rmod:combined+1","rmod:smokecover+1"],"picked":"Singing Bowl","floor":31},{"not_picked":["rmod:auspiciousomen+1","Master of Strategy+1","rmod:abidefaith"],"picked":"rmod:fletcher+1","floor":33},{"not_picked":["rmod:combined+1","rmod:capitalist+1","rmod:tearstotiara+1","rmod:luckystar+1"],"picked":"Singing Bowl","floor":40},{"not_picked":["rmod:luckystar+1","rmod:tearstotiara+1","Finesse+1"],"picked":"rmod:fletcherpendant+1","floor":44},{"not_picked":["rmod:ammunitionsupply+1","Purity+1","rmod:circuitoustactics+1"],"picked":"rmod:fuelsupply+1","floor":45},{"not_picked":["rmod:spoils+1","rmod:circuitoustactics+1","Madness+1","rmod:victimresponsibility+1"],"picked":"Singing Bowl","floor":46}],"player_experience":546217,"relics_obtained":[{"floor":1,"key":"Shuriken"},{"floor":2,"key":"Pen Nib"},{"floor":3,"key":"Toxic Egg 2"},{"floor":4,"key":"Pantograph"},{"floor":5,"key":"Bottled Lightning"},{"floor":6,"key":"Mummified Hand"},{"floor":7,"key":"Mercury Hourglass"},{"floor":8,"key":"Smiling Mask"},{"floor":9,"key":"rmod:equipmentrecovery"},{"floor":11,"key":"Singing Bowl"},{"floor":12,"key":"Bird Faced Urn"},{"floor":13,"key":"HornCleat"},{"floor":18,"key":"Molten Egg 2"},{"floor":20,"key":"Meat on the Bone"},{"floor":22,"key":"rmod:extraamm"},{"floor":23,"key":"HollowMod:PaleOreRelic"},{"floor":24,"key":"HollowMod:StagPassRelic"},{"floor":26,"key":"Bottled Tornado"},{"floor":27,"key":"Question Card"},{"floor":28,"key":"StrikeDummy"},{"floor":29,"key":"Vajra"},{"floor":30,"key":"Regal Pillow"},{"floor":31,"key":"Bag of Preparation"},{"floor":35,"key":"Bronze Scales"},{"floor":38,"key":"Pear"},{"floor":40,"key":"Centennial Puzzle"},{"floor":40,"key":"Boot"},{"floor":41,"key":"PreservedInsect"},{"floor":42,"key":"InkBottle"},{"floor":43,"key":"The Courier"},{"floor":44,"key":"Blood Vial"},{"floor":44,"key":"Omamori"},{"floor":45,"key":"Ginger"},{"floor":46,"key":"Dead Branch"},{"floor":46,"key":"yuri:PortableGlitches"},{"floor":47,"key":"Sundial"},{"floor":48,"key":"Eternal Feather"}],"event_choices":[{"damage_healed":0,"gold_gain":0,"player_choice":"Read","damage_taken":0,"max_hp_gain":0,"max_hp_loss":0,"event_name":"The Library","floor":19,"gold_loss":0,"cards_obtained":["rmod:chargemoney"]},{"damage_healed":0,"gold_gain":0,"player_choice":"Opened","damage_taken":0,"relics_obtained":["Torii"],"max_hp_gain":0,"max_hp_loss":0,"event_name":"The Mausoleum","floor":21,"gold_loss":0},{"damage_healed":0,"gold_gain":0,"player_choice":"Ignored","damage_taken":0,"max_hp_gain":0,"max_hp_loss":0,"event_name":"Tomb of Lord Red Mask","floor":36,"gold_loss":0},{"damage_healed":0,"gold_gain":0,"player_choice":"Fight","damage_taken":0,"max_hp_gain":0,"max_hp_loss":0,"event_name":"Mysterious Sphere","floor":45,"gold_loss":0}],"is_beta":false,"boss_relics":[{"not_picked":["Cursed Key","Runic Pyramid"],"picked":"Runic Dome"},{"not_picked":["Tiny House","SlaversCollar"],"picked":"Black Star"}],"items_purged_floors":[25],"is_endless":false,"potions_floor_spawned":[3,5,7,12,13,18,20,24,28,33,40,46,48],"ascension_level":0}}