{"host":"2se5dq1do2gp0x9k","time":1610927786,"event":{"mods":["AchievementEnabler","BaseMod","Block Reminder","Colored Map","Colored Powertips","Minty Spire (QoL Compilation)","Relic Stats","StSLib","SuperFastMode"],"gold_per_floor":[363,363,373,284,304,304,112,112,112,122,122,139,168,168,168,168,168],"floor_reached":16,"language":"ENG","playtime":402,"items_purged":["Strike_B"],"score":200,"play_id":"744388b8-85e4-462c-8a79-f0219e012276","local_time":"20210117155626","is_ascension_mode":true,"campfire_choices":[{"data":"Sunder","floor":6,"key":"SMITH"},{"data":"Doom and Gloom","floor":8,"key":"SMITH"},{"floor":11,"key":"REST"},{"data":"Chaos","floor":15,"key":"SMITH"}],"circlet_count":0,"master_deck":["AscendersBane","Strike_B+1","Strike_B","Defend_B","Defend_B","Defend_B","Defend_B","Zap","Dualcast+1","Barrage","Conserve Battery","Sunder+1","Hologram","Doom and Gloom+1","Self Repair","Coolheaded","Consume","Chaos+1"],"relics":["Cracked Core","Frozen Egg 2","Akabeko"],"acts_visited":["Exordium"],"potions_floor_usage":[13,16,16],"damage_taken":[{"damage":20,"enemies":"Small Slimes","floor":1,"turns":4},{"damage":2,"enemies":"Jaw Worm","floor":3,"turns":3},{"damage":0,"enemies":"Cultist","floor":5,"turns":2},{"damage":7,"enemies":"Gremlin Gang","floor":10,"turns":2},{"damage":10,"enemies":"Looter","floor":12,"turns":4},{"damage":8,"enemies":"Gremlin Nob","floor":13,"turns":3},{"damage":19,"enemies":"Hexaghost","floor":16,"turns":7}],"seed_played":"-6472722092584578680","potions_obtained":[{"floor":5,"key":"DuplicationPotion"},{"floor":12,"key":"Weak Potion"},{"floor":13,"key":"AttackPotion"}],"is_trial":false,"path_per_floor":["M","?","M","$","M","R","$","R","T","M","R","M","E","?","R","B"],"character_chosen":"DEFECT","items_purchased":["Sunder","Doom and Gloom","Self Repair"],"campfire_rested":1,"item_purchase_floors":[4,7,7],"current_hp_per_floor":[44,25,23,23,23,23,23,23,23,16,35,32,24,17,17,0,0],"gold":168,"neow_bonus":"TWO_FIFTY_GOLD","is_daily":false,"chose_seed":false,"campfire_upgraded":3,"win_rate":0.0,"timestamp":1610927786,"path_taken":["M","?","M","$","M","R","$","R","T","M","R","M","E","?","R","BOSS"],"items_purchased_type":["Card","Card","Card"],"build_version":"2020-12-22","purchased_purges":1,"victory":false,"max_hp_per_floor":[64,64,64,64,64,64,64,64,64,64,64,64,64,64,64,64,64],"relic_stats":{"counters":[7,25],"obtain_stats":[{"Frozen Egg 2":9,"Cracked Core":0,"Akabeko":13},{"Frozen Egg 2":3,"Cracked Core":0,"Akabeko":6},{"Frozen Egg 2":9,"Cracked Core":0,"Akabeko":18}]},"card_choices":[{"not_picked":["Turbo","Rebound"],"picked":"Barrage","floor":1},{"not_picked":["Turbo","Compile Driver"],"picked":"Conserve Battery","floor":3},{"not_picked":["Undo","Compile Driver"],"picked":"Hologram","floor":5},{"not_picked":["Steam","Core Surge"],"picked":"Coolheaded","floor":10},{"not_picked":["Conserve Battery","Barrage"],"picked":"Consume","floor":12},{"not_picked":["Redo","Glacier"],"picked":"Chaos","floor":13}],"player_experience":3901010,"relics_obtained":[{"floor":9,"key":"Frozen Egg 2"},{"floor":13,"key":"Akabeko"}],"event_choices":[{"damage_healed":0,"gold_gain":0,"player_choice":"Entered Light","damage_taken":19,"max_hp_gain":0,"max_hp_loss":0,"event_name":"Shining Light","floor":2,"gold_loss":0,"cards_upgraded":["Dualcast","Strike_B"]},{"cards_removed":["Strike_B"],"damage_healed":0,"gold_gain":0,"player_choice":"Card Removal","damage_taken":7,"max_hp_gain":0,"max_hp_loss":0,"event_name":"Golden Wing","floor":14,"gold_loss":0}],"is_beta":false,"boss_relics":[],"items_purged_floors":[7],"is_endless":false,"potions_floor_spawned":[5,12,13],"killed_by":"Hexaghost","ascension_level":20}}