{"host":"sav7uxregyirlf69","time":1610897730,"event":{"mods":["AchievementEnabler","BaseMod","Colored Map","DeckTracker","Keyboard Shortcuts","Minty Spire (QoL Compilation)","READ ME - Guardian Mod","StSLib","SuperFastMode"],"gold_per_floor":[110,127,127,137,149,182,197,197,197,197,222,70,90,19,19,19,19],"floor_reached":16,"language":"KOR","playtime":325,"items_purged":[],"score":327,"play_id":"dfb76ca7-f3ed-4e50-be85-d8c10eb4a9e1","local_time":"20210118003530","is_ascension_mode":true,"campfire_choices":[{"data":"Eruption","floor":8,"key":"SMITH"},{"floor":15,"key":"REST"}],"circlet_count":0,"master_deck":["AscendersBane","Strike_P","Strike_P","Strike_P","Strike_P","Defend_P","Defend_P","Defend_P","Eruption+1","Vigilance","Blasphemy","WheelKick+1","ReachHeaven","EmptyMind","Adaptation"],"relics":["PureWater","Strawberry","Matryoshka","Sundial","ClockworkSouvenir"],"acts_visited":["Exordium"],"potions_floor_usage":[11],"damage_taken":[{"damage":0.0,"enemies":"Cultist","floor":1.0,"turns":3.0},{"damage":2.0,"enemies":"Jaw Worm","floor":2.0,"turns":3.0},{"damage":0.0,"enemies":"Small Slimes","floor":4.0,"turns":2.0},{"damage":8,"enemies":"Blue Slaver","floor":5,"turns":4},{"damage":0,"enemies":"Gremlin Nob","floor":6,"turns":2},{"damage":10,"enemies":"3 Louse","floor":7,"turns":4},{"damage":19,"enemies":"3 Sentries","floor":11,"turns":8},{"damage":16,"enemies":"Lots of Slimes","floor":13,"turns":4}],"seed_played":"6989289080421301791","potions_obtained":[{"floor":2.0,"key":"Energy Potion"},{"floor":6,"key":"BlessingOfTheForge"},{"floor":13,"key":"StancePotion"}],"is_trial":false,"path_per_floor":["M","M","?","M","M","E","M","R","T","?","E","$","M","$","R","B"],"character_chosen":"WATCHER","items_purchased":["ClockworkSouvenir","Adaptation"],"campfire_rested":1,"item_purchase_floors":[12,14],"current_hp_per_floor":[61,59,52,52,44,51,41,41,41,41,22,22,6,6,26,0,0],"gold":19,"neow_bonus":"THREE_RARE_CARDS","is_daily":false,"chose_seed":false,"campfire_upgraded":1,"win_rate":0.0,"timestamp":1610897730,"path_taken":["M","?","?","M","M","E","M","R","T","?","E","$","?","$","R","BOSS"],"items_purchased_type":["Relic","Card"],"build_version":"2020-12-22","purchased_purges":0,"victory":false,"max_hp_per_floor":[62,62,62,62,62,69,69,69,69,69,69,69,69,69,69,69,69],"card_choices":[{"not_picked":["SpiritShield","DeusExMachina"],"picked":"Blasphemy","floor":0.0},{"not_picked":["PathToVictory","LikeWater","Protect"],"picked":"SKIP","floor":1.0},{"not_picked":["ClearTheMind","WaveOfTheHand"],"picked":"WheelKick","floor":2.0},{"not_picked":["Nirvana","PathToVictory","Protect"],"picked":"SKIP","floor":4.0},{"not_picked":["FlyingSleeves","Halt","ThirdEye"],"picked":"SKIP","floor":5},{"not_picked":["WreathOfFlame","BowlingBash","ForeignInfluence"],"picked":"SKIP","floor":6},{"not_picked":["SashWhip","Protect","Consecrate"],"picked":"SKIP","floor":7},{"not_picked":["Vengeance","FlurryOfBlows"],"picked":"ReachHeaven","floor":11},{"not_picked":["Study","Halt"],"picked":"EmptyMind","floor":13}],"player_experience":1304394,"relics_obtained":[{"floor":6,"key":"Strawberry"},{"floor":9,"key":"Matryoshka"},{"floor":11,"key":"Sundial"}],"event_choices":[{"cards_removed":["Defend_P"],"damage_healed":0.0,"max_hp_gain":0.0,"max_hp_loss":0.0,"gold_gain":0.0,"event_name":"Golden Wing","player_choice":"Card Removal","floor":3.0,"gold_loss":0.0,"damage_taken":7.0},{"damage_healed":0,"gold_gain":0,"player_choice":"Upgraded","damage_taken":0,"max_hp_gain":0,"max_hp_loss":0,"event_name":"Upgrade Shrine","floor":10,"gold_loss":0,"cards_upgraded":["WheelKick"]}],"is_beta":false,"boss_relics":[],"items_purged_floors":[],"is_endless":false,"potions_floor_spawned":[2,6,7,13],"killed_by":"The Guardian","ascension_level":15}}