{"host":"f5mjulaw5aqlqmd7","time":1610920375,"event":{"mods":["Act Like it!","BaseMod","Colored Map","GifTheSpireLib","Hallownest","Minty Spire (QoL Compilation)","StSLib"],"gold_per_floor":[117,132,2,13,25,44,9,9,9,21,21,47,67,94,94,195,195,211,227,237,252,9,9,9],"floor_reached":23,"language":"ENG","playtime":1661,"items_purged":[],"score":207,"play_id":"abe81fc1-c0f7-4e32-b2a9-bc55fa72ee62","local_time":"20210117165255","is_ascension_mode":false,"campfire_choices":[{"data":"Crippling Poison","floor":8,"key":"SMITH"},{"floor":15,"key":"REST"}],"circlet_count":0,"master_deck":["Strike_G","Strike_G","Strike_G","Strike_G","Strike_G","Defend_G","Defend_G","Defend_G","Defend_G","Defend_G","Survivor","Neutralize","Infinite Blades","Quick Slash","Crippling Poison+1","Dagger Spray+1","PiercingWail","Outmaneuver","Infinite Blades","Bane","Blade Dance","Bane","Crippling Poison","Night Terror","Bane","Backstab+1","Noxious Fumes","Poisoned Stab","Dramatic Entrance","Backstab","Riddle With Holes"],"relics":["Ring of the Snake","NeowsBlessing","Paper Crane","White Beast Statue","Pear","Runic Pyramid"],"acts_visited":["Exordium","TheCity"],"potions_floor_usage":[19,20,20,20,23,23],"damage_taken":[{"damage":0,"enemies":"2 Louse","floor":1,"turns":1},{"damage":0,"enemies":"Small Slimes","floor":2,"turns":1},{"damage":0,"enemies":"Cultist","floor":4,"turns":1},{"damage":8,"enemies":"Looter","floor":5,"turns":4},{"damage":7,"enemies":"3 Louse","floor":6,"turns":2},{"damage":21,"enemies":"Lots of Slimes","floor":10,"turns":2},{"damage":5,"enemies":"Lagavulin","floor":12,"turns":7},{"damage":7,"enemies":"Gremlin Gang","floor":13,"turns":2},{"damage":33,"enemies":"Gremlin Nob","floor":14,"turns":5},{"damage":29,"enemies":"Slime Boss","floor":16,"turns":10},{"damage":23,"enemies":"Shell Parasite","floor":18,"turns":7},{"damage":0,"enemies":"3 Byrds","floor":19,"turns":2},{"damage":6,"enemies":"3 Cultists","floor":20,"turns":3},{"damage":29,"enemies":"Snake Plant","floor":21,"turns":5},{"damage":22,"enemies":"Book of Stabbing","floor":23,"turns":4}],"seed_played":"-6125545034164491838","potions_obtained":[{"floor":1,"key":"AttackPotion"},{"floor":4,"key":"AttackPotion"},{"floor":13,"key":"ColorlessPotion"},{"floor":18,"key":"BlessingOfTheForge"},{"floor":19,"key":"Explosive Potion"},{"floor":20,"key":"Dexterity Potion"},{"floor":21,"key":"AttackPotion"}],"is_trial":false,"path_per_floor":["M","M","$","M","M","M","?","R","T","M","?","E","M","E","R","B",null,"M","M","M","M","$","E"],"character_chosen":"THE_SILENT","items_purchased":["Crippling Poison","Dagger Spray","Dramatic Entrance","Backstab","Riddle With Holes"],"campfire_rested":1,"item_purchase_floors":[3,3,22,22,22],"current_hp_per_floor":[70,70,70,70,62,55,70,70,70,49,49,44,37,14,38,9,80,57,57,51,22,22,0,0],"gold":9,"neow_bonus":"THREE_ENEMY_KILL","is_daily":false,"chose_seed":false,"campfire_upgraded":1,"win_rate":0.0,"timestamp":1610920375,"path_taken":["M","M","$","M","M","M","?","R","T","M","?","E","M","E","R","BOSS","M","M","M","M","$","E"],"items_purchased_type":["Card","Card","Card","Card","Card"],"build_version":"2020-12-22","purchased_purges":0,"victory":false,"max_hp_per_floor":[70,70,70,70,70,70,70,70,70,70,70,70,70,80,80,80,80,80,80,80,80,80,80,80],"card_choices":[{"not_picked":["Flechettes","Deflect"],"picked":"Infinite Blades","floor":1},{"not_picked":["Prepared","Dodge and Roll"],"picked":"Quick Slash","floor":2},{"not_picked":["Dodge and Roll","Quick Slash"],"picked":"PiercingWail","floor":4},{"not_picked":["Dodge and Roll","Underhanded Strike"],"picked":"Outmaneuver","floor":5},{"not_picked":["Well Laid Plans","Outmaneuver"],"picked":"Infinite Blades","floor":6},{"not_picked":["PiercingWail","Dagger Throw"],"picked":"Bane","floor":10},{"not_picked":["Prepared","Escape Plan"],"picked":"Blade Dance","floor":12},{"not_picked":["Bullet Time","Dodge and Roll"],"picked":"Bane","floor":13},{"not_picked":["Blade Dance","Tools of the Trade"],"picked":"Crippling Poison","floor":14},{"not_picked":["Wraith Form v2","Tools of the Trade"],"picked":"Night Terror","floor":16},{"not_picked":["Acrobatics","PiercingWail"],"picked":"Bane","floor":18},{"not_picked":["PiercingWail","Deflect"],"picked":"Backstab+1","floor":19},{"not_picked":["Sucker Punch","Blur"],"picked":"Noxious Fumes","floor":20},{"not_picked":["Doppelganger","PiercingWail"],"picked":"Poisoned Stab","floor":21}],"player_experience":5447,"relics_obtained":[{"floor":9,"key":"Paper Crane"},{"floor":12,"key":"White Beast Statue"},{"floor":14,"key":"Pear"}],"event_choices":[{"damage_healed":17,"gold_gain":0,"player_choice":"Healed","damage_taken":0,"max_hp_gain":0,"max_hp_loss":0,"event_name":"The Cleric","floor":7,"gold_loss":35},{"damage_healed":0,"gold_gain":0,"player_choice":"Grow","damage_taken":0,"max_hp_gain":0,"max_hp_loss":0,"event_name":"Living Wall","floor":11,"gold_loss":0,"cards_upgraded":["Dagger Spray"]}],"is_beta":false,"boss_relics":[{"not_picked":["SacredBark","HoveringKite"],"picked":"Runic Pyramid"}],"items_purged_floors":[],"is_endless":false,"potions_floor_spawned":[1,4,13,14,16,18,19,20,21],"killed_by":"Book of Stabbing","ascension_level":0}}