{"host":"konjmgczbcns2r3g","time":1610852553,"event":{"mods":["AchievementEnabler","BaseMod","Chen","Colored Powertips","Hermit","Infinite Spire","Koishi","Marisa????????","Minty Spire (QoL Compilation)","Replay The Spire","StSLib","The Cursed","The Gatherer","The Necromancer","The Servant 0.9.4"],"gold_per_floor":[115,159,176,196,214,248,248,266,289,53,80,107,159,175,175,302,302,333,343,343,5,32,32,32,32],"floor_reached":24,"language":"ENG","playtime":1976,"items_purged":[],"score":265,"play_id":"2ebbf60c-becf-40fc-b6b8-60ddbc96a79c","local_time":"20210116220233","is_ascension_mode":true,"campfire_choices":[{"floor":7,"key":"REST"},{"floor":15,"key":"REST"},{"floor":23,"key":"REST"}],"circlet_count":0,"master_deck":["Strike_MRS","Strike_MRS","Strike_MRS","Strike_MRS","Defend_MRS","Defend_MRS","Defend_MRS+1","Defend_MRS+1","MasterSpark","UpSweep","MysteriousBeam","NonDirectionalLaser","MagicAbsorber","NonDirectionalLaser","DoubleSpark","IllusionStar","SporeBomb","MilkyWay","WitchLeyline","WitchOfGreed","PropBag","WitchOfGreed","PulseMagic","UnstableBomb","CasketOfStar","DoubleSpark","MilkyWay","WitchOfGreed","6A"],"relics":["BewitchedHakkero","War Paint","ReplayTheSpireMod:Shallot","PreservedInsect","Oddly Smooth Stone","Centennial Puzzle","Bag of Marbles","Sling","Meat on the Bone"],"acts_visited":["Exordium","TheCity"],"potions_floor_usage":[6,6,12,14,16,16,18,18,24],"damage_taken":[{"damage":0,"enemies":"2 Louse","floor":1,"turns":2},{"damage":0,"enemies":"Jaw Worm","floor":3,"turns":2},{"damage":7,"enemies":"Small Slimes","floor":4,"turns":2},{"damage":19,"enemies":"Exordium Wildlife","floor":5,"turns":3},{"damage":10,"enemies":"3 Sentries","floor":6,"turns":3},{"damage":2,"enemies":"Exordium Thugs","floor":8,"turns":5},{"damage":4,"enemies":"3 Louse","floor":11,"turns":3},{"damage":3,"enemies":"Blue Slaver","floor":12,"turns":4},{"damage":0,"enemies":"Large Slime","floor":14,"turns":2},{"damage":12,"enemies":"Slime Boss","floor":16,"turns":7},{"damage":0,"enemies":"Spheric Guardian","floor":18,"turns":3},{"damage":27,"enemies":"2 Thieves","floor":19,"turns":3},{"damage":35,"enemies":"Chosen and Byrds","floor":22,"turns":7},{"damage":38,"enemies":"Book of Stabbing","floor":24,"turns":4}],"seed_played":"-4855789953677098216","potions_obtained":[{"floor":2,"key":"Strength Potion"},{"floor":4,"key":"Toxic Potion"},{"floor":11,"key":"SkillPotion"},{"floor":11,"key":"Swift Potion"},{"floor":12,"key":"AttackPotion"},{"floor":12,"key":"Death Potion"},{"floor":14,"key":"ShroomBrew"},{"floor":16,"key":"Energy Potion"},{"floor":16,"key":"Doom Potion"},{"floor":16,"key":"DuplicationPotion"},{"floor":18,"key":"Swift Potion"},{"floor":19,"key":"BlessingOfTheForge"},{"floor":22,"key":"Elixir"}],"is_trial":false,"path_per_floor":["M","?","M","M","M","E","R","M","T","$","M","M","?","M","R","B",null,"M","M","?","$","M","R","E"],"character_chosen":"MARISA","items_purchased":["Oddly Smooth Stone","WitchOfGreed","PropBag","Bag of Marbles","Sling","WitchOfGreed"],"campfire_rested":3,"item_purchase_floors":[10,10,10,21,21,21],"current_hp_per_floor":[75,57,57,50,31,21,43,41,41,41,37,34,34,34,56,44,75,75,48,48,48,13,35,0,0],"gold":32,"neow_bonus":"THREE_CARDS","is_daily":false,"chose_seed":false,"campfire_upgraded":0,"win_rate":0.0,"timestamp":1610852553,"path_taken":["M","?","M","M","M","E","R","M","T","$","M","M","?","M","R","BOSS","M","M","?","?","M","R","E"],"items_purchased_type":["Relic","Card","Card","Relic","Relic","Card"],"build_version":"2020-12-22","purchased_purges":0,"victory":false,"max_hp_per_floor":[75,75,75,75,75,75,75,75,75,75,75,75,75,75,75,75,75,75,75,75,75,75,75,75,75],"card_choices":[{"not_picked":["AsteroidBelt","IllusionStar"],"picked":"MysteriousBeam","floor":0},{"not_picked":["ChargingUp","IllusionStar"],"picked":"NonDirectionalLaser","floor":1},{"not_picked":["IllusionStar","UnstableBomb"],"picked":"MagicAbsorber","floor":2},{"not_picked":["EnergyRecoil","GrandCross"],"picked":"NonDirectionalLaser","floor":2},{"not_picked":["OpenUniverse","Acceleration"],"picked":"DoubleSpark","floor":3},{"not_picked":["AsteroidBelt","MachineGunSpark"],"picked":"IllusionStar","floor":4},{"not_picked":["ShootingEcho","MeteoricShower"],"picked":"SporeBomb","floor":5},{"not_picked":["SporeBomb","DarkMatter"],"picked":"MilkyWay","floor":6},{"not_picked":["SuperNova","ManaConvection"],"picked":"WitchLeyline","floor":8},{"not_picked":["WitchLeyline","Singularity"],"picked":"WitchOfGreed","floor":11},{"not_picked":["WitchOfGreed","EarthLightRay"],"picked":"PulseMagic","floor":12},{"not_picked":["ShootingEcho","WitchOfGreed"],"picked":"UnstableBomb","floor":14},{"not_picked":["BinaryStars","SuperNova"],"picked":"CasketOfStar","floor":16},{"not_picked":["UnstableBomb","MachineGunSpark+1"],"picked":"DoubleSpark","floor":18},{"not_picked":["DragonMeteor+1","SporeBomb"],"picked":"MilkyWay","floor":19},{"not_picked":["SprinkleStarSeal","CollectingQuirk"],"picked":"6A","floor":22}],"player_experience":340593,"relics_obtained":[{"floor":2,"key":"War Paint"},{"floor":6,"key":"ReplayTheSpireMod:Shallot"},{"floor":9,"key":"PreservedInsect"}],"event_choices":[{"damage_healed":0,"gold_gain":52,"player_choice":"Gained Gold","damage_taken":0,"max_hp_gain":0,"max_hp_loss":0,"event_name":"Golden Wing","floor":13,"gold_loss":0},{"damage_healed":0,"gold_gain":0,"player_choice":"Gave Potion","damage_taken":0,"relics_obtained":["Centennial Puzzle"],"max_hp_gain":0,"max_hp_loss":0,"event_name":"WeMeetAgain","floor":20,"gold_loss":0}],"is_beta":false,"boss_relics":[{"not_picked":["Ring of Chaos","Replay:Wanted Poster"],"picked":"BewitchedHakkero"}],"items_purged_floors":[],"is_endless":false,"potions_floor_spawned":[4,11,12,14,16,19,22],"killed_by":"Book of Stabbing","ascension_level":1}}