{"host":"wshh0nphwn6jv7vj","time":1610867933,"event":{"mods":["BaseMod","Bestiary","Minty Spire (QoL Compilation)","Relic Stats"],"gold_per_floor":[115,40,115,134,151,151,184,184,184,184,207,245,245,245,245,245,245],"floor_reached":16,"language":"ENG","playtime":420,"items_purged":[],"score":200,"play_id":"431901f5-910c-4d05-a2b2-7fcf67005ca7","local_time":"20210117021853","is_ascension_mode":true,"campfire_choices":[{"data":"Doom and Gloom","floor":6,"key":"SMITH"},{"data":"Injury","floor":13,"key":"PURGE"},{"floor":15,"key":"REST"}],"circlet_count":0,"master_deck":["AscendersBane","Strike_B","Strike_B","Strike_B","Defend_B","Defend_B","Defend_B","Defend_B","Zap","Multi-Cast","Cold Snap","Ball Lightning","Doom and Gloom+1","Genetic Algorithm","Parasite","Coolheaded","Lockon"],"relics":["Cracked Core","Peace Pipe","Golden Idol","Bottled Lightning","Orichalcum","Ornamental Fan"],"acts_visited":["Exordium"],"potions_floor_usage":[7,11],"damage_taken":[{"damage":0,"enemies":"2 Louse","floor":1,"turns":2},{"damage":9,"enemies":"Small Slimes","floor":4,"turns":4},{"damage":5,"enemies":"Jaw Worm","floor":5,"turns":2},{"damage":11,"enemies":"Gremlin Nob","floor":7,"turns":3},{"damage":0,"enemies":"2 Fungi Beasts","floor":11,"turns":2},{"damage":27,"enemies":"Lagavulin","floor":12,"turns":6},{"damage":66,"enemies":"The Guardian","floor":16,"turns":8}],"seed_played":"5656108896089953402","potions_obtained":[{"floor":4,"key":"Energy Potion"},{"floor":5,"key":"SkillPotion"},{"floor":7,"key":"LiquidBronze"}],"is_trial":false,"path_per_floor":["M","?","?","M","M","R","E","?","T","?","M","E","R","?","R","B"],"character_chosen":"DEFECT","items_purchased":[],"campfire_rested":1,"item_purchase_floors":[],"current_hp_per_floor":[64,64,53,44,39,39,28,28,28,45,45,18,18,18,39,0,0],"gold":245,"neow_bonus":"TRANSFORM_CARD","is_daily":false,"chose_seed":false,"campfire_upgraded":1,"win_rate":0.0,"timestamp":1610867933,"path_taken":["M","?","?","?","M","R","E","?","T","?","?","E","R","?","R","BOSS"],"items_purchased_type":[],"build_version":"2020-12-22","purchased_purges":0,"victory":false,"max_hp_per_floor":[71,71,71,71,71,71,71,71,71,71,71,71,71,71,71,71,71],"relic_stats":{"Peace Pipe":1,"counters":[7,27],"Golden Idol":13,"Ornamental Fan":[4],"Orichalcum":[18],"obtain_stats":[{"Peace Pipe":7,"Golden Idol":8,"Ornamental Fan":14,"Bottled Lightning":9,"Orichalcum":12,"Cracked Core":0},{"Peace Pipe":4,"Golden Idol":4,"Ornamental Fan":6,"Bottled Lightning":4,"Orichalcum":6,"Cracked Core":0},{"Peace Pipe":11,"Golden Idol":11,"Ornamental Fan":19,"Bottled Lightning":11,"Orichalcum":19,"Cracked Core":0}]},"card_choices":[{"not_picked":["Fusion","Melter"],"picked":"Cold Snap","floor":1},{"not_picked":["Storm","Rebound"],"picked":"Ball Lightning","floor":4},{"not_picked":["Chill","Streamline"],"picked":"Doom and Gloom","floor":5},{"not_picked":["Ball Lightning","Leap"],"picked":"Genetic Algorithm","floor":7},{"not_picked":["Blizzard","Chaos"],"picked":"Coolheaded","floor":11},{"not_picked":["Thunder Strike","Go for the Eyes"],"picked":"Lockon","floor":12}],"player_experience":1581715,"relics_obtained":[{"floor":7,"key":"Peace Pipe"},{"floor":9,"key":"Bottled Lightning"},{"floor":12,"key":"Orichalcum"}],"event_choices":[{"cards_removed":["Strike_B"],"damage_healed":0,"gold_gain":0,"player_choice":"Card Removal","damage_taken":0,"max_hp_gain":0,"max_hp_loss":0,"event_name":"The Cleric","floor":2,"gold_loss":75},{"damage_healed":0,"gold_gain":75,"player_choice":"Gather Gold","damage_taken":11,"max_hp_gain":0,"max_hp_loss":0,"event_name":"World of Goop","floor":3,"gold_loss":0},{"damage_healed":0,"gold_gain":0,"player_choice":"Take Wound","damage_taken":0,"relics_obtained":["Golden Idol"],"max_hp_gain":0,"max_hp_loss":0,"event_name":"Golden Idol","floor":8,"gold_loss":0,"cards_obtained":["Injury"]},{"damage_healed":17,"gold_gain":0,"player_choice":"Healed and dodged fight","damage_taken":0,"max_hp_gain":0,"max_hp_loss":0,"event_name":"Mushrooms","floor":10,"gold_loss":0,"cards_obtained":["Parasite"]},{"damage_healed":0,"gold_gain":0,"player_choice":"Searched \u00271\u0027 times","damage_taken":0,"relics_obtained":["Ornamental Fan"],"max_hp_gain":0,"max_hp_loss":0,"event_name":"Dead Adventurer","floor":14,"gold_loss":0}],"is_beta":false,"boss_relics":[],"items_purged_floors":[],"is_endless":false,"potions_floor_spawned":[4,5,7],"killed_by":"The Guardian","ascension_level":17}}