{"host":"jfbo3eu2ui08ej1u","time":1610899086,"event":{"mods":["2.2 Compatiblity","AchievementEnabler","Act Like it!","Aspiration","BaseMod","Better Altar","Better Match","Better Note","Better Sensory Stone","Better Skull","Better Third Choice","Block Reminder","Colored Map","Colored Powertips","Conspire","DeckTracker","Displayed Cursed Tome","Energized Spire","Fox Events","GifTheSpireLib","Hubris","Infinite Spire","Marked Mod","Minty Spire (QoL Compilation)","Pale of the Ancients","Quick Restart","Relic Filter","Reorder Act Four","Replay The Spire","Shop Mod","Spicy Shops","StSLib","Stuff the Spire","The Blue Laboratory","The Disciple","The Forsaken","The Hierophant","The Marked","Uncapped","Unceasing Turn Reminder","Wandering Minibosses"],"gold_per_floor":[212,229,71,84,100,100,204,204,204,222,240,251,379,379,379,450,450,463,463,152,184,204,204,216,320,347,347,347,362,494,514,514,588,588,607,632,121,0,14,14,14,14],"floor_reached":41,"language":"ENG","playtime":1764,"items_purged":["Strike_B","Decay"],"score":914,"play_id":"d305bcd6-1dc7-42a3-ac3b-b0e165887e26","local_time":"20210117105806","is_ascension_mode":true,"campfire_choices":[{"data":"Lockon","floor":6.0,"key":"SMITH"},{"data":"Chaos","floor":8.0,"key":"SMITH"},{"floor":15.0,"key":"REST"},{"floor":23.0,"key":"REST"},{"data":"Apotheosis","floor":32.0,"key":"SMITH"},{"floor":40.0,"key":"REST"}],"circlet_count":0,"master_deck":["AscendersBane","Strike_B","Strike_B","Strike_B","Defend_B","Defend_B","Defend_B","Defend_B","Zap+1","Dualcast+1","Self Repair","Rebound","Chaos+1","Lockon+1","Seek","Conserve Battery","Compile Driver","Ball Lightning","Electrodynamics","Apotheosis+1","Biased Cognition","Coolheaded","Defragment","Redo","ReplayTheSpireMod:Calculation Training","ReplayTheSpireMod:Dual Polarity","StuffTheSpire:CleanHardDrive","Biased Cognition","Auto Shields","Loop","StuffTheSpire:ShieldGenerator","Self Repair"],"relics":["Cracked Core","StuffTheSpire:TintedRock","hubris:SoftwareUpdate","War Paint","Boot","Replay:Bronze Core","ClockworkSouvenir","aspiration:HummingbirdHeart","hubris:TenFootPole","StuffTheSpire:HeavyRock","conspire:Boomerang","Inserter","Prayer Wheel","Du-Vu Doll","Lizard Tail","Red Mask"],"acts_visited":["Exordium","TheCity","TheBeyond"],"potions_floor_usage":[41],"damage_taken":[{"damage":18.0,"enemies":"infinitespire:Voidling","floor":1.0,"turns":4.0},{"damage":2.0,"enemies":"2 Louse","floor":2.0,"turns":4.0},{"damage":1.0,"enemies":"Small Slimes","floor":4.0,"turns":4.0},{"damage":13.0,"enemies":"3 Louse","floor":5.0,"turns":4.0},{"damage":14.0,"enemies":"Gremlin Nob","floor":7.0,"turns":3.0},{"damage":7.0,"enemies":"Blue Slaver","floor":10.0,"turns":3.0},{"damage":0.0,"enemies":"Gremlin Gang","floor":11.0,"turns":6.0},{"damage":16.0,"enemies":"2 Fungi Beasts","floor":12.0,"turns":3.0},{"damage":30.0,"enemies":"Lagavulin","floor":13.0,"turns":5.0},{"damage":29.0,"enemies":"Hexaghost","floor":16.0,"turns":9.0},{"damage":17.0,"enemies":"Spheric Guardian","floor":18.0,"turns":4.0},{"damage":32.0,"enemies":"conspire:MimicChest","floor":21.0,"turns":7.0},{"damage":14.0,"enemies":"conspire:FuzzyDice","floor":22.0,"turns":5.0},{"damage":0.0,"enemies":"conspire:HollyBat","floor":24.0,"turns":7.0},{"damage":0.0,"enemies":"Nightmare","floor":25.0,"turns":6.0},{"damage":2.0,"enemies":"Sentry and Sphere","floor":29.0,"turns":5.0},{"damage":12.0,"enemies":"Replay:Snechameleon","floor":30.0,"turns":7.0},{"damage":6.0,"enemies":"3 Cultists","floor":31.0,"turns":3.0},{"damage":44.0,"enemies":"Champ","floor":33.0,"turns":9.0},{"damage":22.0,"enemies":"Orb Walker","floor":35.0,"turns":5.0},{"damage":0.0,"enemies":"Mind Bloom Boss Battle","floor":36.0,"turns":7.0},{"damage":14.0,"enemies":"3 Shapes","floor":39.0,"turns":5.0},{"damage":44,"enemies":"Reptomancer","floor":41,"turns":3}],"seed_played":"2987032466791061502","potions_obtained":[{"floor":1.0,"key":"Fire Potion"},{"floor":5.0,"key":"blueLaboratory:ExaltedPotion"},{"floor":10.0,"key":"Strength Potion"},{"floor":11.0,"key":"Reflective Coating"},{"floor":12.0,"key":"blueLaboratory:TrueEctoplasm"},{"floor":24.0,"key":"blueLaboratory:StoneskinPotion"},{"floor":29.0,"key":"blueLaboratory:SystemWipe"},{"floor":36.0,"key":"Energy Potion"},{"floor":39.0,"key":"blueLaboratory:ExaltedPotion"}],"is_trial":false,"path_per_floor":["M","M","$","M","M","R","E","R","T","M","M","M","E","?","R_BF","B",null,"M","?","$","?","M","R","M","NM","T","?","?","M","E","M","R","B",null,"M","?","$","?","M","R","E"],"character_chosen":"DEFECT","items_purchased":["StuffTheSpire:TintedRock","ClockworkSouvenir","Defragment","Lizard Tail","Loop"],"campfire_rested":3,"item_purchase_floors":[3,20,20,37,37],"current_hp_per_floor":[55,60,60,66,60,60,53,53,53,53,60,44,21,21,42,20,58,51,51,51,29,22,43,50,60,60,56,56,64,59,60,60,23,59,37,44,44,44,30,51,7,7],"gold":14,"neow_bonus":"HUNDRED_GOLD","is_daily":false,"chose_seed":false,"campfire_upgraded":3,"win_rate":0.0,"timestamp":1610899086,"path_taken":["M","M","$","M","M","R","E","R","T","M","?","M","E","?","R_BF","BOSS","M","?","$","?","?","R","?","NM","T","?","?","M","E","M","R","BOSS","M","?","$","?","M","R","E"],"items_purchased_type":["Relic","Relic","Card","Relic","Card"],"build_version":"2020-12-22","purchased_purges":2,"victory":false,"max_hp_per_floor":[71,71,71,71,71,71,71,71,71,71,71,71,71,71,71,71,71,71,71,71,71,71,71,71,71,71,71,71,71,71,71,71,71,71,71,71,71,71,71,71,71,71],"card_choices":[{"not_picked":["Leap","Sunder"],"picked":"Self Repair","floor":1.0},{"not_picked":["StuffTheSpire:LoadUp","conspire:Rain"],"picked":"Rebound","floor":2.0},{"not_picked":["Sweeping Beam","Steam"],"picked":"Chaos","floor":4.0},{"not_picked":["Steam","Stack"],"picked":"Lockon","floor":5.0},{"not_picked":["ReplayTheSpireMod:Calculation Training","Double Energy"],"picked":"Seek","floor":7.0},{"not_picked":["Ball Lightning","Compile Driver"],"picked":"Conserve Battery","floor":10.0},{"not_picked":["Recycle","Aggregate"],"picked":"Compile Driver","floor":11.0},{"not_picked":["Leap","Hello World"],"picked":"Ball Lightning","floor":12.0},{"not_picked":["ReplayTheSpireMod:System Scan","Force Field"],"picked":"Electrodynamics","floor":13.0},{"not_picked":["hubris:SpecializedCircuitry","hubris:Prefetch"],"picked":"Biased Cognition","floor":16.0},{"not_picked":["Aggregate","Streamline","Coolheaded"],"picked":"SKIP","floor":18.0},{"not_picked":["Aggregate","Streamline"],"picked":"Coolheaded","floor":18.0},{"not_picked":["Compile Driver","Recycle"],"picked":"Redo","floor":21.0},{"not_picked":["Leap","hubris:SpecializedCircuitry","Go for the Eyes"],"picked":"SKIP","floor":22.0},{"not_picked":["Compile Driver","White Noise"],"picked":"ReplayTheSpireMod:Calculation Training","floor":24.0},{"not_picked":["Leap","aspiration:Polymerization"],"picked":"ReplayTheSpireMod:Dual Polarity","floor":25.0},{"not_picked":["Go for the Eyes","Force Field+1","Redo"],"picked":"SKIP","floor":29.0},{"not_picked":["Leap","Lockon"],"picked":"StuffTheSpire:CleanHardDrive","floor":30.0},{"not_picked":["Hello World","Beam Cell","Cold Snap"],"picked":"SKIP","floor":31.0},{"not_picked":["StuffTheSpire:Purify","StuffTheSpire:EventHorizon"],"picked":"ReplayTheSpireMod:Fabricate Wheel","floor":33.0},{"not_picked":["ReplaySort+1","Compile Driver","Beam Cell"],"picked":"SKIP","floor":35.0},{"not_picked":["Conserve Battery","Time Bomb","StuffTheSpire:NuclearReactor"],"picked":"SKIP","floor":35.0},{"not_picked":["Turbo","Cold Snap+1"],"picked":"Auto Shields","floor":36.0},{"not_picked":["Sunder","Turbo+1"],"picked":"StuffTheSpire:ShieldGenerator","floor":39.0},{"not_picked":["Sweeping Beam+1","Turbo+1"],"picked":"Self Repair","floor":39.0}],"player_experience":1203480,"relics_obtained":[{"floor":7.0,"key":"hubris:SoftwareUpdate"},{"floor":9.0,"key":"War Paint"},{"floor":13.0,"key":"Boot"},{"floor":21.0,"key":"aspiration:HummingbirdHeart"},{"floor":25.0,"key":"hubris:TenFootPole"},{"floor":26.0,"key":"StuffTheSpire:HeavyRock"},{"floor":30.0,"key":"conspire:Boomerang"},{"floor":36.0,"key":"Du-Vu Doll"}],"event_choices":[{"damage_healed":21.0,"max_hp_gain":0.0,"max_hp_loss":71.0,"gold_gain":0.0,"event_name":"betterThird:BetterShining","player_choice":"Embrace","floor":14.0,"gold_loss":0.0,"damage_taken":0.0},{"damage_healed":0.0,"max_hp_gain":0.0,"max_hp_loss":0.0,"gold_gain":0.0,"event_name":"Wheel of Change","player_choice":"Cursed","floor":28.0,"gold_loss":0.0,"damage_taken":0.0,"cards_obtained":["Decay"]},{"damage_healed":0.0,"max_hp_gain":0.0,"max_hp_loss":0.0,"gold_gain":0.0,"event_name":"MindBloom","player_choice":"Fight","floor":36.0,"gold_loss":0.0,"damage_taken":0.0},{"damage_healed":0.0,"max_hp_gain":0.0,"max_hp_loss":0.0,"gold_gain":0.0,"event_name":"Tomb of Lord Red Mask","player_choice":"Paid","floor":38.0,"gold_loss":121.0,"damage_taken":0.0,"relics_obtained":["Red Mask"]}],"is_beta":false,"boss_relics":[{"not_picked":["Snecko Eye","aspiration:RitualDagger"],"picked":"Replay:Bronze Core"},{"not_picked":["energizedSpire:HugeHouse","energizedSpire:NeverEndingSparkler"],"picked":"Inserter"}],"items_purged_floors":[20,37],"is_endless":false,"potions_floor_spawned":[1,5,10,11,12,21,24,25,29,36,39],"killed_by":"Reptomancer","ascension_level":18}}