{"host":"z4nt7tdd4gjrinn7","time":1610907559,"event":{"mods":["100% Spire Juice","BaseMod","Minty Spire (QoL Compilation)","StSLib"],"gold_per_floor":[92,92,107,107,125,154,154,166,166,166,166,178,178,191,191,293,173,192,211,211,211,211],"floor_reached":21,"language":"ENG","playtime":1309,"items_purged":[],"score":181,"play_id":"30eeb0f9-5d10-4b71-bb5c-6833a553813a","local_time":"20210117131919","is_ascension_mode":false,"campfire_choices":[{"floor":11,"key":"REST"},{"floor":13,"key":"REST"},{"floor":15,"key":"REST"}],"circlet_count":0,"master_deck":["Moonworks:Strike","Moonworks:Strike","Moonworks:Strike","Moonworks:Strike","Moonworks:Defend","Moonworks:Defend","Moonworks:Defend","Moonworks:Defend","Moonworks:Ambush","Moonworks:LongDistanceShot","Moonworks:SakisCookie","Moonworks:EvilSpyWorkPreparation","Moonworks:IndiscriminateFireSupport","Moonworks:EvilSpyWorkPreparation","Moonworks:EvilSpyWorkPreparation","Moonworks:SealedMemories","Moonworks:JonathanRush","Moonworks:SakisCookie+1","Moonworks:DeployBits"],"relics":["Moonworks:SBBomb","Moonworks:Homemark","Lizard Tail","InkBottle"],"acts_visited":["Exordium","TheCity"],"potions_floor_usage":[16,16,16,21],"damage_taken":[{"damage":0,"enemies":"Small Slimes","floor":1,"turns":3},{"damage":3,"enemies":"Cultist","floor":3,"turns":4},{"damage":12,"enemies":"Jaw Worm","floor":5,"turns":3},{"damage":15,"enemies":"3 Sentries","floor":6,"turns":7},{"damage":12,"enemies":"Gremlin Gang","floor":8,"turns":2},{"damage":3,"enemies":"Lots of Slimes","floor":12,"turns":2},{"damage":7,"enemies":"Blue Slaver","floor":14,"turns":3},{"damage":84,"enemies":"The Guardian","floor":16,"turns":15},{"damage":0,"enemies":"Spheric Guardian","floor":18,"turns":2},{"damage":5,"enemies":"3 Byrds","floor":19,"turns":3},{"damage":61,"enemies":"Snecko","floor":21,"turns":6}],"seed_played":"8045444268967446051","potions_obtained":[{"floor":5,"key":"Swift Potion"},{"floor":12,"key":"Regen Potion"},{"floor":14,"key":"Explosive Potion"},{"floor":19,"key":"PowerPotion"}],"is_trial":false,"path_per_floor":["M","?","M","?","M","E","?","M","T","?","R","M","R","M","R","B",null,"M","M","?","M"],"character_chosen":"THE_STARBREAKER","items_purchased":[],"campfire_rested":3,"item_purchase_floors":[],"current_hp_per_floor":[60,60,57,60,48,33,30,18,18,18,36,35,53,46,60,22,60,60,55,55,0,0],"gold":211,"neow_bonus":"HUNDRED_GOLD","is_daily":false,"chose_seed":false,"campfire_upgraded":0,"win_rate":0.0,"timestamp":1610907559,"path_taken":["M","?","M","?","?","E","?","M","T","?","R","M","R","?","R","BOSS","M","?","?","M"],"items_purchased_type":[],"build_version":"2020-12-22","purchased_purges":0,"victory":false,"max_hp_per_floor":[60,60,60,60,60,60,60,60,60,60,60,60,60,60,60,60,60,60,60,60,60,60],"card_choices":[{"not_picked":["Moonworks:BigMagnum","Moonworks:Bloodlust"],"picked":"Moonworks:LulusLuckyEgg","floor":1},{"not_picked":["Moonworks:ReproductionOfRecords","Moonworks:EvilSpyWorkPreparation"],"picked":"Moonworks:SakisCookie","floor":3},{"not_picked":["Moonworks:IntelligenceOfficer","Moonworks:LulusLuckyEgg"],"picked":"Moonworks:EvilSpyWorkPreparation","floor":5},{"not_picked":["Moonworks:NicePresent","Moonworks:Assault"],"picked":"Moonworks:IndiscriminateFireSupport","floor":6},{"not_picked":["Moonworks:RedAndBlue","Moonworks:BackdoorTrade"],"picked":"Moonworks:EvilSpyWorkPreparation","floor":8},{"not_picked":["Moonworks:BigMagnum","Moonworks:SakisCookie"],"picked":"Moonworks:EvilSpyWorkPreparation","floor":12},{"not_picked":["Moonworks:JonathanRush","Moonworks:NicePresent"],"picked":"Moonworks:SealedMemories","floor":14},{"not_picked":["Moonworks:Encore","Moonworks:WeAreWaruda"],"picked":"Moonworks:PlushieMaster","floor":16},{"not_picked":["Moonworks:Bloodlust+1","Moonworks:SealedMemories"],"picked":"Moonworks:JonathanRush","floor":18},{"not_picked":["Moonworks:BigMagnum","Moonworks:NicePresent"],"picked":"Moonworks:SakisCookie+1","floor":19}],"player_experience":66170,"relics_obtained":[{"floor":6,"key":"Lizard Tail"},{"floor":9,"key":"InkBottle"}],"event_choices":[{"damage_healed":0,"gold_gain":0,"player_choice":"Ignored","damage_taken":0,"max_hp_gain":0,"max_hp_loss":0,"event_name":"Shining Light","floor":2,"gold_loss":0},{"cards_removed":["Moonworks:LulusLuckyEgg"],"damage_healed":5,"gold_gain":0,"player_choice":"Offered Common","damage_taken":0,"max_hp_gain":0,"max_hp_loss":0,"event_name":"Bonfire Elementals","floor":4,"gold_loss":0},{"cards_removed":["Moonworks:LulusLuckyEgg"],"damage_healed":5,"gold_gain":0,"player_choice":"Offered Special","damage_taken":0,"max_hp_gain":0,"max_hp_loss":0,"event_name":"Bonfire Elementals","floor":4,"gold_loss":0},{"damage_healed":0,"gold_gain":0,"player_choice":"Fled","damage_taken":3,"max_hp_gain":0,"max_hp_loss":0,"event_name":"Scrap Ooze","floor":7,"gold_loss":0},{"damage_healed":0,"gold_gain":0,"player_choice":"Leave","damage_taken":0,"max_hp_gain":0,"max_hp_loss":0,"event_name":"FaceTrader","floor":10,"gold_loss":0},{"damage_healed":0,"gold_gain":0,"cards_transformed":["Moonworks:PlushieMaster"],"player_choice":"Transformed","damage_taken":0,"max_hp_gain":0,"max_hp_loss":0,"event_name":"Transmorgrifier","floor":20,"gold_loss":0,"cards_obtained":["Moonworks:DeployBits"]}],"is_beta":false,"boss_relics":[{"not_picked":["Velvet Choker","Empty Cage"],"picked":"Moonworks:SBBomb"}],"items_purged_floors":[],"is_endless":false,"potions_floor_spawned":[5,12,14,19],"killed_by":"Snecko","ascension_level":0}}