{"host":"b1nkw8hni90dsvue","time":1610871459,"event":{"mods":["ATMod(阿瑾Mod)","Aspiration","BaseMod","Colored Powertips","Good Game Mod","Jedi Mod","Minty Spire (QoL Compilation)","Remove Card Discount Mod","Replay The Spire","RumiaBox-露米娅的神秘盒子","Shop Mod","StSLib","TestMod","noobMod"],"gold_per_floor":[113,128,302,317,329,359,359,389,415,415,430,430,487,156,156,275,275,293,293,330,123,185,185,262,262,262,325,325,325,391,391,391,514,514,575,640,640,700,400,480,480,513,563,563,601,640,681,498,498,546,546,546,141,175,274],"floor_reached":56,"language":"ZHS","playtime":3197,"items_purged":["Doubt","Omniscience","Blasphemy","Replay:AllIn","Replay:LoomingThreat","jedi:nirvanicrebirth","Master of Strategy","MasterReality","MasterReality"],"score":1252,"play_id":"3dec2570-8aa6-4a64-828a-27af1eab86b7","local_time":"20210117161739","is_ascension_mode":true,"campfire_choices":[{"floor":7,"key":"RECALL"},{"data":"AT_Dispersion","floor":10,"key":"SMITH"},{"data":"Ragnarok","floor":15,"key":"SMITH"},{"data":"MasterReality","floor":23,"key":"SMITH"},{"data":"FlurryOfBlows","floor":25,"key":"SMITH"},{"data":"Tantrum","floor":28,"key":"SMITH"},{"data":"Devotion","floor":32,"key":"SMITH"},{"data":"Prostrate","floor":41,"key":"SMITH"},{"data":"Judgement","floor":44,"key":"SMITH"},{"data":"DeceiveReality","floor":49,"key":"SMITH"},{"data":"FollowUp","floor":52,"key":"SMITH"}],"circlet_count":0,"master_deck":["Devotion+1","AT_Dispersion+1","Tantrum+1","Prostrate+1","DeceiveReality+1","FollowUp+1","Judgement+1","Ragnarok+1","Wish","Wish","BattleHymn+1","Pray+1","FlurryOfBlows+1","FlurryOfBlows+1","MentalFortress+1","Ragnarok"],"relics":["PureWater","testmod-TestBox","REME:ComplimentaryCards","ice","testmod-Charity","Gremlin Horn","testmod-Hope","Mirror","MerchantsRug","GodSword4","testmod-TimeTraveler","testmod-Acrobat","testmod-Nyarlathotep","Busted Crown","Membership Card","testmod-IndustrialRevolution","jedi:heavyjacket","Ancient Tea Set","AT_TimeSand","AT_ImmortalShieldbow","MagicDraw1","jedi:archwizardhat","Strange Spoon","AT_TheCollector"],"acts_visited":["Exordium","TheCity","TheBeyond","TheEnding"],"potions_floor_usage":[6,6,33,54,55],"damage_taken":[{"damage":2,"enemies":"2 Louse","floor":1,"turns":3},{"damage":16,"enemies":"Small Slimes","floor":2,"turns":3},{"damage":0,"enemies":"Cultist","floor":4,"turns":2},{"damage":11,"enemies":"Blue Slaver","floor":5,"turns":4},{"damage":44,"enemies":"Gremlin Nob","floor":6,"turns":4},{"damage":24,"enemies":"3 Sentries","floor":8,"turns":7},{"damage":3,"enemies":"Exordium Thugs","floor":11,"turns":2},{"damage":29,"enemies":"Lagavulin","floor":13,"turns":4},{"damage":3,"enemies":"The Guardian","floor":16,"turns":4},{"damage":44,"enemies":"2 Thieves","floor":18,"turns":2},{"damage":3,"enemies":"3 Byrds","floor":20,"turns":1},{"damage":10,"enemies":"Centurion and Healer","floor":22,"turns":4},{"damage":23,"enemies":"Book of Stabbing","floor":24,"turns":3},{"damage":20,"enemies":"Snecko","floor":27,"turns":3},{"damage":0,"enemies":"3 Cultists","floor":30,"turns":3},{"damage":0,"enemies":"Champ","floor":33,"turns":2},{"damage":43,"enemies":"3 Darklings","floor":35,"turns":3},{"damage":12,"enemies":"3 Shapes","floor":36,"turns":3},{"damage":21,"enemies":"Maw","floor":38,"turns":4},{"damage":0,"enemies":"Giant Head","floor":40,"turns":4},{"damage":2,"enemies":"R_Hoarder","floor":42,"turns":4},{"damage":5,"enemies":"3 Darklings","floor":45,"turns":2},{"damage":11,"enemies":"Jaw Worm Horde","floor":46,"turns":3},{"damage":29,"enemies":"Writhing Mass","floor":47,"turns":3},{"damage":43,"enemies":"Replay:Hell Engine","floor":50,"turns":6},{"damage":37,"enemies":"Shield and Spear","floor":54,"turns":2},{"damage":94,"enemies":"The Heart","floor":55,"turns":5}],"seed_played":"696763515454268519","potions_obtained":[{"floor":1,"key":"SpeedPotion"},{"floor":5,"key":"PowerPotion"},{"floor":13,"key":"Swift Potion"},{"floor":16,"key":"Swift Potion"},{"floor":18,"key":"LiquidBronze"},{"floor":24,"key":"Energy Potion"},{"floor":33,"key":"SpeedPotion"},{"floor":35,"key":"DistilledChaos"},{"floor":36,"key":"Adrenaline Potion"},{"floor":40,"key":"Strength Potion"},{"floor":47,"key":"Weak Potion"}],"is_trial":false,"path_per_floor":["M","M","?","M","M","E","R","E","T","R","M","?","E","$","R","B",null,"M","?","M","$","M","R","E","R","T","M","R","?","M","?","R","B",null,"M","M","?","M","$","E","R","E","T","R","M","M","M","$","R","B",null,"R","$","E","B",null],"character_chosen":"WATCHER","items_purchased":["MerchantsRug","GodSword4","Pear","Membership Card","testmod-IndustrialRevolution","jedi:heavyjacket","AT_TimeSand","AT_ImmortalShieldbow","MagicDraw1","jedi:archwizardhat","Strange Spoon","Ragnarok"],"campfire_rested":0,"item_purchase_floors":[14,14,21,39,39,39,48,48,53,53,53,53],"current_hp_per_floor":[71,56,57,58,48,5,5,58,59,59,57,57,30,32,32,31,96,54,54,106,118,111,111,91,91,91,77,77,147,157,157,157,171,171,137,135,135,131,134,154,154,169,170,170,173,172,151,154,154,123,317,317,317,289,206],"gold":274,"neow_bonus":"ONE_RANDOM_RARE_CARD","is_daily":false,"chose_seed":false,"campfire_upgraded":10,"win_rate":0.0,"timestamp":1610871459,"path_taken":["M","M","?","M","M","E","R","E","T","R","M","?","E","$","R","BOSS","M","?","M","$","?","R","E","R","T","M","R","?","?","?","R","BOSS","M","M","?","M","$","E","R","E","T","R","M","M","M","$","R","BOSS","R","$","E","BOSS"],"items_purchased_type":["Relic","Relic","Relic","Relic","Relic","Relic","Relic","Relic","Relic","Relic","Relic","Card"],"build_version":"2020-12-22","purchased_purges":9,"victory":true,"max_hp_per_floor":[73,74,75,76,77,78,78,83,84,84,87,87,90,92,92,96,96,100,100,106,118,124,124,130,130,130,137,137,147,160,160,160,171,171,184,198,198,218,221,242,242,261,262,262,271,284,294,297,297,317,317,317,317,329,380],"card_choices":[{"not_picked":["Replay:Vibes","Replay:AtTheReady"],"picked":"Tantrum","floor":1},{"not_picked":["ClearTheMind","CutThroughFate"],"picked":"Prostrate","floor":2},{"not_picked":["ClearTheMind","AT_RealColorLess","WindmillStrike"],"picked":"SKIP","floor":4},{"not_picked":["Replay:BluntJabs","Vengeance"],"picked":"DeceiveReality","floor":5},{"not_picked":["Blasphemy","Replay:ManipulateFuture","Protect"],"picked":"SKIP","floor":6},{"not_picked":["CrushJoints","AT_DivineConfetti","AT_OneInchPunch"],"picked":"SKIP","floor":8},{"not_picked":["Replay:BluntJabs","FlyingSleeves"],"picked":"FollowUp","floor":11},{"not_picked":["Crescendo","Sanctity"],"picked":"Consecrate","floor":13},{"not_picked":["AT_ChampionKick","Blasphemy"],"picked":"Wish","floor":16},{"not_picked":["InnerPeace+1","EmptyFist"],"picked":"BattleHymn+1","floor":18},{"not_picked":["EmptyBody","Replay:Hum","FearNoEvil"],"picked":"SKIP","floor":20},{"not_picked":["Replay:Vibes+1","ClearTheMind"],"picked":"Pray+1","floor":22},{"not_picked":["Replay:BluntJabs","Replay:AtTheReady+1"],"picked":"FlurryOfBlows","floor":24},{"not_picked":["Replay:ManipulateFuture","Brilliance"],"picked":"FlurryOfBlows+1","floor":27},{"not_picked":["Consecrate","EmptyFist","Replay:ManipulateFuture+1"],"picked":"SKIP","floor":30},{"not_picked":["Replay:Vibes+1"],"picked":"SKIP","floor":35},{"not_picked":["WindmillStrike+1"],"picked":"SKIP","floor":36},{"not_picked":[],"picked":"MentalFortress+1","floor":38},{"not_picked":["PathToVictory"],"picked":"SKIP","floor":40},{"not_picked":["JustLucky"],"picked":"SKIP","floor":42},{"not_picked":["LikeWater+1"],"picked":"SKIP","floor":45},{"not_picked":["Nirvana+1"],"picked":"SKIP","floor":46},{"not_picked":["Conclude"],"picked":"SKIP","floor":47},{"not_picked":["EmptyBody"],"picked":"SKIP","floor":54}],"player_experience":91220,"relics_obtained":[{"floor":6,"key":"Gremlin Horn"},{"floor":8,"key":"testmod-Hope"},{"floor":13,"key":"Mirror"},{"floor":24,"key":"testmod-Acrobat"},{"floor":26,"key":"testmod-Nyarlathotep"},{"floor":40,"key":"Strawberry"},{"floor":42,"key":"Ancient Tea Set"},{"floor":43,"key":"Potion Belt"},{"floor":54,"key":"AT_TheCollector"}],"event_choices":[{"damage_healed":0,"gold_gain":175,"player_choice":"AGREE","damage_taken":0,"max_hp_gain":0,"max_hp_loss":0,"event_name":"Liars Game","floor":3,"gold_loss":0,"cards_obtained":["Doubt"]},{"damage_healed":0,"gold_gain":0,"player_choice":"Swap Relic","damage_taken":0,"relics_obtained":["SumBook"],"max_hp_gain":0,"max_hp_loss":0,"event_name":"给自己的盒子","floor":12,"relics_lost":["AT_ATBox"],"gold_loss":0},{"cards_removed":["MasterReality"],"damage_healed":60,"gold_gain":0,"player_choice":"Offered Rare","damage_taken":0,"max_hp_gain":10,"max_hp_loss":0,"event_name":"Bonfire Elementals","floor":29,"gold_loss":0},{"cards_removed":["Consecrate"],"damage_healed":0,"gold_gain":0,"player_choice":"Removed Attack","damage_taken":0,"max_hp_gain":0,"max_hp_loss":0,"event_name":"Falling","floor":37,"gold_loss":0}],"is_beta":false,"boss_relics":[{"not_picked":["testmod-EnergyCheck","testmod-PortableAltar"],"picked":"testmod-TimeTraveler"},{"not_picked":["testmod-Prudence","Tiny House"],"picked":"Busted Crown"}],"items_purged_floors":[14,14,14,14,14,14,14,21,21],"is_endless":false,"potions_floor_spawned":[1,5,13,16,18,24,33,35,36,40,47],"ascension_level":2}}