{"host":"bq4pt811tk9yrmjl","time":1610902586,"event":{"mods":["AchievementEnabler","BaseMod","Colored Map","Colored Powertips","Defuse TimeMaze Blight","Hermit","Minty Spire (QoL Compilation)","StSLib","SuperFastMode"],"gold_per_floor":[115,32,107,118,118,118,144,156,156,182,199,199,164,179,179,281,281,294,209,223,223,233,258,258,291,318,318,318,329,347,44,44,141,141,160,160,160,160,170,170,170,203,203,217,227,247,94,113,113,113],"floor_reached":51,"language":"ENG","playtime":1348,"items_purged":["Strike_G"],"score":837,"play_id":"eea9e9c8-39af-49ca-bd20-57903c361ead","local_time":"20210117145626","is_ascension_mode":true,"campfire_choices":[{"data":"Neutralize","floor":6.0,"key":"SMITH"},{"data":"Leg Sweep","floor":15.0,"key":"SMITH"},{"data":"Accuracy","floor":24.0,"key":"SMITH"},{"floor":32,"key":"REST"},{"data":"Blade Dance","floor":40,"key":"SMITH"},{"floor":49,"key":"REST"}],"circlet_count":0,"master_deck":["Defend_G+1","Defend_G","Defend_G","Defend_G","Defend_G","Survivor","Neutralize+1","Dagger Spray","Leg Sweep+1","Dodge and Roll+1","Skewer+1","Blade Dance+1","Accuracy+1","Infinite Blades+1","All Out Attack+1","Acrobatics+1","Accuracy+1","Flying Knee"],"relics":["Ring of the Snake","NeowsBlessing","White Beast Statue","Bag of Preparation","Busted Crown","Happy Flower","Lizard Tail","Boot","Juzu Bracelet","MutagenicStrength","Membership Card","Bronze Scales","Astrolabe","Vajra","Meat on the Bone","Bag of Marbles","HandDrill"],"acts_visited":["Exordium","TheCity","TheBeyond"],"potions_floor_usage":[33,33,42,44,48,50,50,50],"damage_taken":[{"damage":0.0,"enemies":"Jaw Worm","floor":1.0,"turns":1.0},{"damage":0.0,"enemies":"Cultist","floor":4.0,"turns":1.0},{"damage":0.0,"enemies":"Lagavulin","floor":7.0,"turns":1.0},{"damage":0.0,"enemies":"2 Louse","floor":8.0,"turns":2.0},{"damage":1.0,"enemies":"3 Sentries","floor":10.0,"turns":7.0},{"damage":0.0,"enemies":"Looter","floor":11.0,"turns":3.0},{"damage":2.0,"enemies":"2 Fungi Beasts","floor":14.0,"turns":4.0},{"damage":10.0,"enemies":"Hexaghost","floor":16.0,"turns":11.0},{"damage":0.0,"enemies":"3 Byrds","floor":18.0,"turns":6.0},{"damage":0.0,"enemies":"Shell Parasite","floor":20.0,"turns":9.0},{"damage":4.0,"enemies":"Snake Plant","floor":22.0,"turns":5.0},{"damage":1.0,"enemies":"Slavers","floor":23.0,"turns":8.0},{"damage":56.0,"enemies":"Gremlin Leader","floor":25.0,"turns":10.0},{"damage":7.0,"enemies":"Shelled Parasite and Fungi","floor":29.0,"turns":7.0},{"damage":0.0,"enemies":"Centurion and Healer","floor":30.0,"turns":7.0},{"damage":39,"enemies":"Automaton","floor":33,"turns":10},{"damage":0,"enemies":"3 Shapes","floor":35,"turns":1},{"damage":4,"enemies":"3 Darklings","floor":39,"turns":4},{"damage":6,"enemies":"Giant Head","floor":42,"turns":8},{"damage":2,"enemies":"Writhing Mass","floor":44,"turns":6},{"damage":2,"enemies":"Maw","floor":45,"turns":6},{"damage":4,"enemies":"Jaw Worm Horde","floor":46,"turns":4},{"damage":4,"enemies":"Sphere and 2 Shapes","floor":48,"turns":3},{"damage":84,"enemies":"Time Eater","floor":50,"turns":12}],"seed_played":"-4718073265683396241","potions_obtained":[{"floor":5.0,"key":"Block Potion"},{"floor":5.0,"key":"ColorlessPotion"},{"floor":5.0,"key":"GamblersBrew"},{"floor":8.0,"key":"Explosive Potion"},{"floor":10.0,"key":"Poison Potion"},{"floor":11.0,"key":"LiquidBronze"},{"floor":16.0,"key":"Weak Potion"},{"floor":18.0,"key":"DuplicationPotion"},{"floor":20.0,"key":"AttackPotion"},{"floor":22.0,"key":"Block Potion"},{"floor":23.0,"key":"FairyPotion"},{"floor":25.0,"key":"Strength Potion"},{"floor":29.0,"key":"Strength Potion"},{"floor":30.0,"key":"DistilledChaos"},{"floor":33,"key":"Energy Potion"},{"floor":35,"key":"LiquidBronze"},{"floor":39,"key":"Regen Potion"},{"floor":42,"key":"AttackPotion"},{"floor":44,"key":"Explosive Potion"},{"floor":48,"key":"Fire Potion"}],"is_trial":false,"path_per_floor":["M","$","?","M","?","R","E","M","T","E","M","?","?","M","R","B",null,"M","?","M","?","M","E","R","E","T","?","?","M","M","$","R","B",null,"M","?","?","?","M","R","?","E","T","M","M","M","$","M","R","B",null],"character_chosen":"THE_SILENT","items_purchased":["Leg Sweep","Dodge and Roll","Membership Card","Infinite Blades","Bronze Scales","Bag of Marbles","HandDrill"],"campfire_rested":2,"item_purchase_floors":[2,2,31,31,31,47,47],"current_hp_per_floor":[70,70,59,59,59,59,59,59,59,58,58,44,61,59,59,49,70,70,70,70,70,66,65,65,9,9,9,9,2,2,2,23,21,70,70,70,70,70,66,66,66,60,60,58,56,52,52,48,69,47],"gold":113,"neow_bonus":"THREE_ENEMY_KILL","is_daily":false,"chose_seed":false,"campfire_upgraded":4,"win_rate":0.0,"timestamp":1610902586,"path_taken":["M","$","?","M","?","R","E","M","T","E","?","?","?","M","R","BOSS","M","?","M","?","M","E","R","E","T","?","?","M","M","$","R","BOSS","M","?","?","?","M","R","?","E","T","M","M","M","$","M","R","BOSS"],"items_purchased_type":["Card","Card","Relic","Card","Relic","Relic","Relic"],"build_version":"2020-12-22","purchased_purges":1,"victory":true,"max_hp_per_floor":[70,70,70,70,70,70,70,70,70,70,70,70,70,70,70,70,70,70,70,70,70,70,70,70,70,70,70,70,70,70,70,70,70,70,70,70,70,70,70,70,70,70,70,70,70,70,70,70,70,70],"card_choices":[{"not_picked":["Cloak And Dagger","Backflip"],"picked":"Dagger Spray","floor":1.0},{"not_picked":["Infinite Blades","Backflip"],"picked":"Slice","floor":4.0},{"not_picked":["Wraith Form v2","Sucker Punch","Quick Slash"],"picked":"SKIP","floor":7.0},{"not_picked":["Cloak And Dagger","Blur","Concentrate"],"picked":"SKIP","floor":8.0},{"not_picked":["Outmaneuver","Dagger Spray","Deadly Poison"],"picked":"SKIP","floor":10.0},{"not_picked":["Eviscerate","Bane","Slice"],"picked":"SKIP","floor":11.0},{"not_picked":["Acrobatics","PiercingWail","Prepared"],"picked":"SKIP","floor":14.0},{"not_picked":[],"picked":"Skewer+1","floor":18.0},{"not_picked":[],"picked":"Blade Dance","floor":20.0},{"not_picked":[],"picked":"Accuracy","floor":22.0},{"not_picked":["Finisher"],"picked":"SKIP","floor":23.0},{"not_picked":["Outmaneuver"],"picked":"SKIP","floor":25.0},{"not_picked":["Terror"],"picked":"SKIP","floor":29.0},{"not_picked":["Outmaneuver+1"],"picked":"SKIP","floor":30.0},{"not_picked":["Expertise"],"picked":"SKIP","floor":35},{"not_picked":["Underhanded Strike"],"picked":"SKIP","floor":39},{"not_picked":[],"picked":"Accuracy+1","floor":42},{"not_picked":["Deadly Poison+1"],"picked":"SKIP","floor":44},{"not_picked":["Well Laid Plans+1"],"picked":"SKIP","floor":45},{"not_picked":[],"picked":"Flying Knee","floor":46},{"not_picked":["PiercingWail"],"picked":"SKIP","floor":48}],"player_experience":172034,"relics_obtained":[{"floor":7.0,"key":"White Beast Statue"},{"floor":10.0,"key":"Bag of Preparation"},{"floor":23.0,"key":"Lizard Tail"},{"floor":25.0,"key":"Boot"},{"floor":26.0,"key":"Juzu Bracelet"},{"floor":42,"key":"Vajra"},{"floor":43,"key":"Meat on the Bone"}],"event_choices":[{"damage_healed":0.0,"max_hp_gain":0.0,"max_hp_loss":0.0,"gold_gain":75.0,"event_name":"World of Goop","player_choice":"Gather Gold","floor":3.0,"gold_loss":0.0,"damage_taken":11.0},{"damage_healed":0.0,"max_hp_gain":0.0,"max_hp_loss":0.0,"gold_gain":0.0,"event_name":"Lab","player_choice":"Got Potions","floor":5.0,"gold_loss":0.0,"damage_taken":0.0},{"damage_healed":0.0,"max_hp_gain":0.0,"max_hp_loss":0.0,"gold_gain":0.0,"event_name":"Shining Light","player_choice":"Entered Light","floor":12.0,"gold_loss":0.0,"damage_taken":14.0,"cards_upgraded":["Defend_G","Dodge and Roll"]},{"damage_healed":17.0,"max_hp_gain":0.0,"max_hp_loss":0.0,"gold_gain":0.0,"event_name":"The Cleric","player_choice":"Healed","floor":13.0,"gold_loss":35.0,"damage_taken":0.0},{"damage_healed":0.0,"max_hp_gain":0.0,"max_hp_loss":0.0,"gold_gain":0.0,"event_name":"Addict","player_choice":"Obtained Relic","floor":19.0,"gold_loss":85.0,"damage_taken":0.0,"relics_obtained":["Happy Flower"]},{"damage_healed":0.0,"max_hp_gain":0.0,"max_hp_loss":0.0,"gold_gain":0.0,"event_name":"Ghosts","player_choice":"Ignored","floor":21.0,"gold_loss":0.0,"damage_taken":0.0},{"cards_removed":["Strike_G"],"damage_healed":0.0,"max_hp_gain":0.0,"max_hp_loss":0.0,"gold_gain":0.0,"event_name":"Purifier","player_choice":"Purged","floor":27.0,"gold_loss":0.0,"damage_taken":0.0},{"damage_healed":0.0,"max_hp_gain":0.0,"max_hp_loss":0.0,"gold_gain":0.0,"event_name":"Drug Dealer","player_choice":"Inject Mutagens","floor":28.0,"gold_loss":0.0,"damage_taken":0.0,"relics_obtained":["MutagenicStrength"]},{"cards_removed":["Expertise"],"damage_healed":0,"gold_gain":0,"player_choice":"Offered Uncommon","damage_taken":0,"max_hp_gain":0,"max_hp_loss":0,"event_name":"Bonfire Elementals","floor":36,"gold_loss":0},{"damage_healed":0,"gold_gain":0,"player_choice":"Forge","damage_taken":0,"max_hp_gain":0,"max_hp_loss":0,"event_name":"Accursed Blacksmith","floor":37,"gold_loss":0,"cards_upgraded":["Infinite Blades"]},{"cards_removed":["Slice"],"damage_healed":0,"gold_gain":0,"player_choice":"Removed Attack","damage_taken":0,"max_hp_gain":0,"max_hp_loss":0,"event_name":"Falling","floor":38,"gold_loss":0},{"damage_healed":0,"gold_gain":0,"player_choice":"Ignored","damage_taken":0,"max_hp_gain":0,"max_hp_loss":0,"event_name":"Mysterious Sphere","floor":41,"gold_loss":0}],"is_beta":false,"boss_relics":[{"not_picked":["HoveringKite","SlaversCollar"],"picked":"Busted Crown"},{"not_picked":["Black Star","Pandora\u0027s Box"],"picked":"Astrolabe"}],"items_purged_floors":[31],"is_endless":false,"potions_floor_spawned":[7,8,10,11,14,16,18,20,22,23,25,29,30,33,35,39,42,44,45,46,48],"ascension_level":1}}