{"host":"mai03x2ekbjy4059","time":1610860890,"event":{"mods":["2.2 Compatiblity","BaseMod","DeckTracker","Keyboard Shortcuts","Minty Spire (QoL Compilation)","Permanent Neow","Quick Restart","SuperFastMode","everything is the same but u backflip on backflip"],"gold_per_floor":[369,384,396,410,510,538,548,576,599,599,632,632,649,667,667,769,769,784,794,794,807,589,624,624,654,654,654,672,699,722,736,736,736,736],"floor_reached":33,"language":"KOR","playtime":786,"items_purged":[],"score":372,"play_id":"d371c3fa-8803-4489-8cd8-b1e4b7f88705","local_time":"20210117142130","is_ascension_mode":true,"campfire_choices":[{"data":"Heavy Blade","floor":10.0,"key":"SMITH"},{"floor":12.0,"key":"REST"},{"data":"Inflame","floor":15.0,"key":"SMITH"},{"floor":24.0,"key":"REST"},{"floor":27.0,"key":"REST"},{"data":"Evolve","floor":32.0,"key":"SMITH"}],"circlet_count":0,"master_deck":["Strike_R","Strike_R","Strike_R","Strike_R","Strike_R","Defend_R+1","Defend_R","Defend_R","Defend_R","Bash","Shrug It Off","Heavy Blade+1","Inflame+1","Double Tap+1","Evolve+1","Pummel+1"],"relics":["Burning Blood","Akabeko","StrikeDummy","MealTicket","Dream Catcher","Mark of Pain","HandDrill","War Paint","Letter Opener","Ancient Tea Set","Juzu Bracelet","Blood Vial"],"acts_visited":["Exordium","TheCity"],"potions_floor_usage":[33,33],"damage_taken":[{"damage":0.0,"enemies":"2 Louse","floor":1.0,"turns":2.0},{"damage":6.0,"enemies":"Cultist","floor":2.0,"turns":3.0},{"damage":6.0,"enemies":"Jaw Worm","floor":3.0,"turns":3.0},{"damage":9.0,"enemies":"Exordium Wildlife","floor":4.0,"turns":4.0},{"damage":23.0,"enemies":"Lagavulin","floor":6.0,"turns":5.0},{"damage":9.0,"enemies":"Blue Slaver","floor":7.0,"turns":4.0},{"damage":29.0,"enemies":"3 Sentries","floor":8.0,"turns":8.0},{"damage":22.0,"enemies":"Gremlin Nob","floor":11.0,"turns":4.0},{"damage":1.0,"enemies":"3 Louse","floor":13.0,"turns":3.0},{"damage":4.0,"enemies":"Gremlin Gang","floor":14.0,"turns":4.0},{"damage":13.0,"enemies":"Slime Boss","floor":16.0,"turns":7.0},{"damage":8.0,"enemies":"Spheric Guardian","floor":18.0,"turns":4.0},{"damage":5.0,"enemies":"Chosen","floor":19.0,"turns":3.0},{"damage":0.0,"enemies":"Snake Plant","floor":21.0,"turns":2.0},{"damage":34.0,"enemies":"Book of Stabbing","floor":23.0,"turns":4.0},{"damage":41.0,"enemies":"Slavers","floor":25.0,"turns":6.0},{"damage":10.0,"enemies":"Snecko","floor":28.0,"turns":3.0},{"damage":0.0,"enemies":"Gremlin Leader","floor":29.0,"turns":1.0},{"damage":0.0,"enemies":"Centurion and Healer","floor":31.0,"turns":4.0},{"damage":77,"enemies":"Automaton","floor":33,"turns":8}],"seed_played":"-4196370722750283942","potions_obtained":[{"floor":1.0,"key":"Dexterity Potion"},{"floor":3.0,"key":"AttackPotion"},{"floor":4.0,"key":"SteroidPotion"},{"floor":7.0,"key":"SteroidPotion"},{"floor":8.0,"key":"GamblersBrew"},{"floor":16.0,"key":"DuplicationPotion"},{"floor":18.0,"key":"Fire Potion"},{"floor":21.0,"key":"ColorlessPotion"},{"floor":25.0,"key":"DuplicationPotion"},{"floor":31.0,"key":"Fire Potion"}],"is_trial":false,"path_per_floor":["M","M","M","M","?","E","M","E","T","R","E","R","M","M","R","B",null,"M","M","?","M","$","E","R","E","T","R","M","E","T","M","R","B"],"character_chosen":"IRONCLAD","items_purchased":["Evolve","HandDrill"],"campfire_rested":3,"item_purchase_floors":[22,22],"current_hp_per_floor":[72,72,72,69,69,52,49,26,26,26,10,31,36,38,38,31,72,70,71,58,64,77,49,72,37,37,60,56,62,62,70,70,0,0],"gold":736,"neow_bonus":"TWO_FIFTY_GOLD","is_daily":false,"chose_seed":false,"campfire_upgraded":3,"win_rate":0.0,"timestamp":1610860890,"path_taken":["M","M","M","M","?","E","M","E","T","R","E","R","M","?","R","BOSS","M","M","?","M","$","E","R","E","T","R","M","E","?","M","R","BOSS"],"items_purchased_type":["Card","Relic"],"build_version":"2020-12-22","purchased_purges":0,"victory":false,"max_hp_per_floor":[72,72,72,72,72,72,72,72,72,72,72,72,72,72,72,72,72,72,72,77,77,77,77,77,77,77,77,77,77,77,77,77,77,77],"card_choices":[{"not_picked":["Second Wind","Infernal Blade","Clash"],"picked":"SKIP","floor":1.0},{"not_picked":["Warcry","True Grit","Twin Strike"],"picked":"SKIP","floor":2.0},{"not_picked":["Sentinel","Armaments","Dual Wield"],"picked":"SKIP","floor":3.0},{"not_picked":["Headbutt","Armaments"],"picked":"Shrug It Off","floor":4.0},{"not_picked":["Bloodletting","Brutality"],"picked":"Heavy Blade","floor":6.0},{"not_picked":["Flex","Sword Boomerang","Body Slam"],"picked":"SKIP","floor":7.0},{"not_picked":["Flex","Rupture"],"picked":"Inflame","floor":8.0},{"not_picked":["Hemokinesis","Disarm","Infernal Blade"],"picked":"SKIP","floor":11.0},{"not_picked":["Thunderclap","Dark Embrace","Shrug It Off"],"picked":"SKIP","floor":13.0},{"not_picked":["Flex","Flame Barrier","Rupture"],"picked":"SKIP","floor":14.0},{"not_picked":["Barricade","Exhume"],"picked":"Double Tap","floor":16.0},{"not_picked":["Heavy Blade","Hemokinesis+1","Cleave"],"picked":"SKIP","floor":18.0},{"not_picked":["Headbutt+1","Sword Boomerang+1","Havoc"],"picked":"SKIP","floor":19.0},{"not_picked":["Armaments","Heavy Blade","Bloodletting"],"picked":"SKIP","floor":21.0},{"not_picked":["Battle Trance","Burning Pact+1","Fire Breathing"],"picked":"SKIP","floor":23.0},{"not_picked":["Perfected Strike","Cleave","Flex+1"],"picked":"SKIP","floor":25.0},{"not_picked":["Sword Boomerang","Uppercut"],"picked":"Pummel+1","floor":28.0},{"not_picked":["Clothesline","Sword Boomerang","Dual Wield"],"picked":"SKIP","floor":29.0},{"not_picked":["Clothesline","Wild Strike","Carnage+1"],"picked":"SKIP","floor":31.0}],"player_experience":1069894,"relics_obtained":[{"floor":6.0,"key":"Akabeko"},{"floor":8.0,"key":"StrikeDummy"},{"floor":9.0,"key":"MealTicket"},{"floor":11.0,"key":"Dream Catcher"},{"floor":23.0,"key":"War Paint"},{"floor":25.0,"key":"Letter Opener"},{"floor":26.0,"key":"Ancient Tea Set"},{"floor":29.0,"key":"Juzu Bracelet"},{"floor":30.0,"key":"Blood Vial"}],"event_choices":[{"damage_healed":0.0,"max_hp_gain":0.0,"max_hp_loss":0.0,"gold_gain":100.0,"event_name":"Wheel of Change","player_choice":"Gold","floor":5.0,"gold_loss":0.0,"damage_taken":0.0},{"damage_healed":0.0,"max_hp_gain":5.0,"max_hp_loss":0.0,"gold_gain":0.0,"event_name":"Forgotten Altar","player_choice":"Shed Blood","floor":20.0,"gold_loss":0.0,"damage_taken":18.0}],"is_beta":false,"boss_relics":[{"not_picked":["Fusion Hammer","Runic Cube"],"picked":"Mark of Pain"}],"items_purged_floors":[],"is_endless":false,"potions_floor_spawned":[1,3,4,7,8,16,18,21,25,31],"killed_by":"Automaton","ascension_level":1}}