{"host":"fkig9nrckec4xsh0","time":1610854925,"event":{"mods":["BaseMod","Colored Map","Minty Spire (QoL Compilation)","Quick Restart","Replay The Spire","StSLib"],"gold_per_floor":[112,112,127,127,52,82,107,122,122,155,155,155,188,201,201,273,273,293,293,29,29,49,76,91,116,116,116,150,150,150,165,165,238,238,252,277,313,325,16,51,51,80,107,107,107,136,155,173,173,173,173],"floor_reached":50,"language":"ENG","playtime":2188,"items_purged":[],"score":1452,"play_id":"87858ec5-8ae7-4156-bdf0-0cd0d25fcd7f","local_time":"20210116224205","is_ascension_mode":true,"campfire_choices":[{"data":"Inflame","floor":12,"key":"SMITH"},{"data":"Limit Break","floor":15,"key":"SMITH"},{"data":"Brutality","floor":27,"key":"SMITH"},{"data":"Double Tap","floor":27,"key":"SMITH"},{"data":"Heavy Blade","floor":29,"key":"SMITH"},{"data":"Flex","floor":29,"key":"SMITH"},{"data":"Sword Boomerang","floor":32,"key":"SMITH"},{"data":"Infernal Blade","floor":32,"key":"SMITH"},{"data":"Demon Form","floor":45,"key":"SMITH"},{"data":"Feed","floor":45,"key":"SMITH"},{"data":"Pummel","floor":49,"key":"SMITH"},{"data":"Metallicize","floor":49,"key":"SMITH"}],"circlet_count":0,"master_deck":["AscendersBane","Defend_R","Defend_R","Bash","Flex+1","Iron Wave","Iron Wave","Twin Strike","Limit Break+1","Inflame+1","Shockwave","Cleave","Double Tap+1","CurseOfTheBell","Intimidate+1","Bite","Bite","Bite","Bite","Bite","Brutality+1","PanicButton","Sword Boomerang+1","Cleave","Infernal Blade+1","Headbutt","Heavy Blade+1","Limit Break+1","Feed+1","Heavy Blade","Whirlwind","Battle Trance","Metallicize+1","Reckless Charge+1","Panacea","ReplayTheSpireMod:Corrosion Curse+1","Demon Form+1","Pommel Strike","Pummel+1"],"relics":["Burning Blood","NeowsBlessing","Durian","Odd Mushroom","InkBottle","Gambling Chip","ReplayTheSpireMod:TigerMarble","Calling Bell","Lantern","Gremlin Horn","Replay:Arrowhead","ReplayTheSpireMod:Shallot","Omamori","Sundial","Blue Doll","Abe\u0027s Treasure","Bird Faced Urn","Replay:Bottled Flurry","HandDrill","Meat on the Bone","Replay:Wax Seal","Oddly Smooth Stone","Replay:Bottled Snecko"],"acts_visited":["Exordium","TheCity","TheBeyond"],"potions_floor_usage":[7,10,23,28,28,38,40,46,50],"damage_taken":[{"damage":0,"enemies":"2 Louse","floor":1,"turns":1},{"damage":0,"enemies":"Jaw Worm","floor":3,"turns":1},{"damage":0,"enemies":"Gremlin Nob","floor":6,"turns":1},{"damage":13,"enemies":"The Mushroom Lair","floor":7,"turns":5},{"damage":8,"enemies":"Small Slimes","floor":8,"turns":3},{"damage":26,"enemies":"3 Sentries","floor":10,"turns":8},{"damage":20,"enemies":"Lagavulin","floor":13,"turns":5},{"damage":1,"enemies":"Blue Slaver","floor":14,"turns":2},{"damage":0,"enemies":"Fading Forest","floor":16,"turns":10},{"damage":19,"enemies":"2 Thieves","floor":18,"turns":3},{"damage":15,"enemies":"Chosen","floor":22,"turns":3},{"damage":31,"enemies":"Replay:Snechameleon","floor":23,"turns":4},{"damage":36,"enemies":"Snake Plant","floor":24,"turns":5},{"damage":2,"enemies":"Gremlin Leader","floor":25,"turns":4},{"damage":0,"enemies":"Replay:Snechameleon","floor":28,"turns":4},{"damage":0,"enemies":"Snecko","floor":31,"turns":3},{"damage":48,"enemies":"Champ","floor":33,"turns":7},{"damage":23,"enemies":"3 Darklings","floor":35,"turns":3},{"damage":13,"enemies":"Mind Bloom Boss Battle","floor":36,"turns":6},{"damage":4,"enemies":"Orb Walker","floor":38,"turns":4},{"damage":12,"enemies":"R_Hoarder","floor":40,"turns":4},{"damage":0,"enemies":"Reptomancer","floor":42,"turns":3},{"damage":33,"enemies":"Nemesis","floor":46,"turns":5},{"damage":9,"enemies":"Sphere and 2 Shapes","floor":47,"turns":3},{"damage":2,"enemies":"Transient","floor":48,"turns":5},{"damage":63,"enemies":"Time Eater","floor":50,"turns":5}],"seed_played":"6610463618696589931","potions_obtained":[{"floor":3,"key":"Reflective Coating"},{"floor":6,"key":"LiquidMemories"},{"floor":8,"key":"ElixirPotion"},{"floor":16,"key":"Weak Potion"},{"floor":24,"key":"SteroidPotion"},{"floor":25,"key":"SteroidPotion"},{"floor":28,"key":"EssenceOfSteel"},{"floor":33,"key":"LifebloodPotion"},{"floor":37,"key":"HeartOfIron"},{"floor":38,"key":"HeartOfIron"},{"floor":46,"key":"PowerPotion"}],"is_trial":false,"path_per_floor":["M","?","M","?","?","E","?","M","T","E","?","R","E","M","R","B",null,"M","?","$","?","M","E","M","E","T","R","E","R","?","M","R","B",null,"M","?","?","M","$","E","$","E","T","?","R","E","M","M","R","B"],"character_chosen":"IRONCLAD","items_purchased":["Brutality","PanicButton","Reckless Charge+1","HandDrill","Panacea"],"campfire_rested":0,"item_purchase_floors":[20,20,39,39,39],"current_hp_per_floor":[74,74,75,68,68,79,72,70,70,50,50,50,36,41,41,67,77,64,56,56,41,42,31,13,23,23,23,61,61,61,61,61,23,52,41,44,24,30,30,36,36,44,44,44,44,41,50,58,58,0,0],"gold":173,"neow_bonus":"THREE_ENEMY_KILL","is_daily":false,"chose_seed":false,"campfire_upgraded":12,"win_rate":0.0,"timestamp":1610854925,"path_taken":["M","?","M","?","?","E","?","?","T","E","?","R","E","M","R","BOSS","M","?","$","?","M","E","M","E","T","R","E","R","?","?","R","BOSS","M","?","?","M","$","E","?","E","T","?","R","E","M","M","R","BOSS"],"items_purchased_type":["Card","Card","Card","Relic","Card"],"build_version":"2020-12-22","purchased_purges":0,"victory":false,"max_hp_per_floor":[75,75,75,75,75,80,80,80,80,80,80,80,80,80,80,80,80,80,56,56,61,61,61,61,61,61,61,61,61,61,61,61,61,61,61,61,61,61,61,61,61,61,61,58,58,58,58,58,58,58,58],"card_choices":[{"not_picked":["Armaments","Flame Barrier"],"picked":"Flex","floor":1},{"not_picked":["Dual Wield","True Grit"],"picked":"Iron Wave","floor":3},{"not_picked":["Dual Wield","Dark Embrace"],"picked":"Iron Wave","floor":6},{"not_picked":["Headbutt","True Grit"],"picked":"Twin Strike","floor":7},{"not_picked":["Carnage","Pommel Strike"],"picked":"Limit Break","floor":8},{"not_picked":["Hemokinesis","Thunderclap"],"picked":"Inflame","floor":10},{"not_picked":["Bludgeon","Defy Death"],"picked":"Shockwave","floor":13},{"not_picked":["ReplayTheSpireMod:LeadingStrike","Sentinel"],"picked":"Cleave","floor":14},{"not_picked":["Demonic Infusion","Exhume"],"picked":"Double Tap","floor":16},{"not_picked":["Clash","Cleave"],"picked":"Intimidate+1","floor":18},{"not_picked":["Evolve","ReplayTheSpireMod:Strike From Hell"],"picked":"Sword Boomerang","floor":22},{"not_picked":["Reckless Charge","Armaments"],"picked":"Cleave","floor":23},{"not_picked":["Body Slam","Barricade"],"picked":"Infernal Blade","floor":24},{"not_picked":["Disarm","Thunderclap"],"picked":"Headbutt","floor":25},{"not_picked":["Shrug It Off","Entrench"],"picked":"Heavy Blade","floor":28},{"not_picked":["Power Through","Clash","Perfected Strike+1"],"picked":"SKIP","floor":31},{"not_picked":["Demonic Infusion","Juggernaut"],"picked":"Feed","floor":33},{"not_picked":["Clothesline","Fire Breathing"],"picked":"Heavy Blade","floor":35},{"not_picked":["Body Slam","True Grit+1"],"picked":"Whirlwind","floor":36},{"not_picked":["Pommel Strike","Replay:Undeath\u0027s Touch"],"picked":"Battle Trance","floor":37},{"not_picked":["Havoc","Armaments+1"],"picked":"Metallicize","floor":38},{"not_picked":["Eclipse","Iron Wave"],"picked":"ReplayTheSpireMod:Corrosion Curse+1","floor":40},{"not_picked":["Thunderclap","Bloodletting"],"picked":"Demon Form","floor":42},{"not_picked":["Bloodletting","Iron Wave"],"picked":"Pommel Strike","floor":46},{"not_picked":["Clash","Shockwave","Abandon"],"picked":"SKIP","floor":47},{"not_picked":["Body Slam","Warcry+1"],"picked":"Pummel","floor":48}],"player_experience":316959,"relics_obtained":[{"floor":6,"key":"Durian"},{"floor":7,"key":"Odd Mushroom"},{"floor":9,"key":"InkBottle"},{"floor":10,"key":"Gambling Chip"},{"floor":13,"key":"ReplayTheSpireMod:TigerMarble"},{"floor":17,"key":"Lantern"},{"floor":17,"key":"Gremlin Horn"},{"floor":17,"key":"Replay:Arrowhead"},{"floor":23,"key":"ReplayTheSpireMod:Shallot"},{"floor":25,"key":"Omamori"},{"floor":26,"key":"Sundial"},{"floor":28,"key":"Blue Doll"},{"floor":36,"key":"Bird Faced Urn"},{"floor":37,"key":"Replay:Bottled Flurry"},{"floor":40,"key":"Meat on the Bone"},{"floor":42,"key":"Replay:Wax Seal"},{"floor":43,"key":"Oddly Smooth Stone"},{"floor":46,"key":"Replay:Bottled Snecko"}],"event_choices":[{"cards_removed":["Defend_R"],"damage_healed":0,"gold_gain":0,"player_choice":"Forget","damage_taken":0,"max_hp_gain":0,"max_hp_loss":0,"event_name":"Living Wall","floor":2,"gold_loss":0},{"cards_removed":["Strike_R"],"damage_healed":0,"gold_gain":0,"player_choice":"Card Removal","damage_taken":7,"max_hp_gain":0,"max_hp_loss":0,"event_name":"Golden Wing","floor":4,"gold_loss":0},{"cards_removed":["Defend_R"],"damage_healed":0,"gold_gain":0,"player_choice":"Card Removal","damage_taken":0,"max_hp_gain":0,"max_hp_loss":0,"event_name":"The Cleric","floor":5,"gold_loss":75},{"damage_healed":0,"gold_gain":0,"player_choice":"Fought Mushrooms","damage_taken":0,"max_hp_gain":0,"max_hp_loss":0,"event_name":"Mushrooms","floor":7,"gold_loss":0},{"damage_healed":0,"gold_gain":0,"player_choice":"Became a vampire","damage_taken":0,"max_hp_gain":0,"max_hp_loss":24,"event_name":"Vampires","floor":19,"gold_loss":0,"cards_obtained":["Bite","Bite","Bite","Bite","Bite"]},{"damage_healed":0,"gold_gain":0,"player_choice":"Shed Blood","damage_taken":20,"max_hp_gain":5,"max_hp_loss":0,"event_name":"Forgotten Altar","floor":21,"gold_loss":0},{"damage_healed":0,"gold_gain":0,"player_choice":"Copied","damage_taken":0,"max_hp_gain":0,"max_hp_loss":0,"event_name":"Duplicator","floor":30,"gold_loss":0,"cards_obtained":["Limit Break"]},{"damage_healed":0,"gold_gain":0,"player_choice":"Fight","damage_taken":0,"max_hp_gain":0,"max_hp_loss":0,"event_name":"MindBloom","floor":36,"gold_loss":0},{"damage_healed":0,"gold_gain":0,"player_choice":"Max HP","damage_taken":0,"max_hp_gain":0,"max_hp_loss":3,"event_name":"Winding Halls","floor":44,"gold_loss":0}],"is_beta":false,"boss_relics":[{"not_picked":["Ooze Armor","Philosopher\u0027s Stone"],"picked":"Calling Bell"},{"not_picked":["Runic Cube","Astrolabe"],"picked":"Abe\u0027s Treasure"}],"items_purged_floors":[],"is_endless":false,"potions_floor_spawned":[3,6,8,16,24,25,28,33,35,38,46],"killed_by":"Time Eater","ascension_level":16}}