{"host":"Bilverbakes","time":1610917046,"event":{"mods":["2.2 Compatiblity","AchievementEnabler","BaseMod","Bestiary","Colored Map","Minty Spire (QoL Compilation)","Relic Stats","StSLib","ojb\u0027s Info Mod"],"gold_per_floor":[116,131,201,126,136,136,170,170,219,238,238,15,46,63,63,142,142,155,22,41,61,74,108,108,108,133,165,25,0,0,34,34,122,122,150,159,177,9,20,51,63,75,141,153,191,232,271,304,316,328,328],"floor_reached":50,"language":"ENG","playtime":3465,"items_purged":["Strike_G","Strike_G"],"score":1575,"play_id":"f9fc1a21-66c9-4304-aaae-5152fd4c6d65","local_time":"20210117145726","is_ascension_mode":true,"campfire_choices":[{"data":"Dagger Throw","floor":6.0,"key":"SMITH"},{"data":"Bouncing Flask","floor":15.0,"key":"SMITH"},{"data":"Burst","floor":25.0,"key":"SMITH"},{"data":"Ghostly","floor":30.0,"key":"SMITH"},{"data":"Ghostly","floor":32.0,"key":"SMITH"},{"floor":41,"key":"RECALL"},{"data":"Ghostly","floor":44,"key":"SMITH"},{"data":"Crippling Poison","floor":49,"key":"SMITH"}],"circlet_count":0,"master_deck":["AscendersBane","Strike_G+1","Defend_G","Defend_G","Defend_G","Defend_G","Survivor+1","Neutralize","Underhanded Strike","Dagger Throw+1","PiercingWail","Bouncing Flask+1","Backstab","Backstab","Well Laid Plans+1","Caltrops+1","Burst+1","Footwork+1","Acrobatics","Concentrate","Backflip","Leg Sweep","Ghostly+1","Ghostly+1","Ghostly+1","Footwork+1","Caltrops+1","Malaise","Noxious Fumes+1","Crippling Poison+1","Dodge and Roll","Backflip"],"relics":["Ring of the Snake","Dream Catcher","Happy Flower","MealTicket","OrangePellets","Frozen Egg 2","Coffee Dripper","Vajra","CeramicFish","The Courier","Runic Dome","MawBank","Toy Ornithopter","Lizard Tail","Darkstone Periapt"],"acts_visited":["Exordium","TheCity","TheBeyond"],"potions_floor_usage":[42],"damage_taken":[{"damage":2.0,"enemies":"2 Louse","floor":1.0,"turns":4.0},{"damage":7.0,"enemies":"Small Slimes","floor":2.0,"turns":3.0},{"damage":1.0,"enemies":"Cultist","floor":5.0,"turns":3.0},{"damage":8.0,"enemies":"Gremlin Nob","floor":7.0,"turns":3.0},{"damage":0.0,"enemies":"3 Louse","floor":10.0,"turns":4.0},{"damage":8.0,"enemies":"Lagavulin","floor":13.0,"turns":5.0},{"damage":2.0,"enemies":"Blue Slaver","floor":14.0,"turns":3.0},{"damage":6.0,"enemies":"Hexaghost","floor":16.0,"turns":8.0},{"damage":10.0,"enemies":"Shell Parasite","floor":18.0,"turns":3.0},{"damage":3.0,"enemies":"2 Thieves","floor":20.0,"turns":4.0},{"damage":10.0,"enemies":"Chosen and Byrds","floor":21.0,"turns":4.0},{"damage":10.0,"enemies":"Snake Plant","floor":22.0,"turns":5.0},{"damage":37.0,"enemies":"Slavers","floor":23.0,"turns":9.0},{"damage":0.0,"enemies":"Book of Stabbing","floor":27.0,"turns":5.0},{"damage":16.0,"enemies":"Gremlin Leader","floor":31.0,"turns":8.0},{"damage":2.0,"enemies":"Champ","floor":33.0,"turns":17.0},{"damage":0.0,"enemies":"3 Shapes","floor":35.0,"turns":7.0},{"damage":1,"enemies":"Orb Walker","floor":37,"turns":4},{"damage":2,"enemies":"Jaw Worm Horde","floor":39,"turns":5},{"damage":5,"enemies":"Giant Head","floor":40,"turns":9},{"damage":3,"enemies":"Spire Growth","floor":42,"turns":3},{"damage":14,"enemies":"Reptomancer","floor":45,"turns":7},{"damage":12,"enemies":"Transient","floor":46,"turns":6},{"damage":7,"enemies":"Giant Head","floor":47,"turns":11},{"damage":6,"enemies":"Sphere and 2 Shapes","floor":48,"turns":7},{"damage":7,"enemies":"Awakened One","floor":50,"turns":1}],"seed_played":"189972551557393449","potions_obtained":[{"floor":5.0,"key":"FearPotion"},{"floor":10.0,"key":"BlessingOfTheForge"},{"floor":14.0,"key":"LiquidBronze"},{"floor":20.0,"key":"SkillPotion"},{"floor":21.0,"key":"Regen Potion"},{"floor":35.0,"key":"BlessingOfTheForge"},{"floor":48,"key":"Dexterity Potion"}],"is_trial":false,"path_per_floor":["M","M","?","?","M","R","E","?","T","M","?","$","E","M","R","B",null,"M","$","M","M","M","E","?","R","T","E","$","?","R","E","R","B",null,"M","?","M","$","M","E","R","M","T","R","E","M","E","M","R","B"],"character_chosen":"THE_SILENT","items_purchased":["OrangePellets","Block Potion","Footwork+1","Acrobatics","Footwork+1","SmokeBomb"],"campfire_rested":0,"item_purchase_floors":[12,12,19,19,28,38],"current_hp_per_floor":[57,50,50,50,49,49,41,21,21,21,21,36,28,26,26,20,55,45,60,57,47,37,15,15,15,15,15,30,30,30,14,14,12,28,28,28,27,33,31,26,26,23,23,23,9,16,9,3,3,0,0],"gold":328,"neow_bonus":"RANDOM_COMMON_RELIC","is_daily":false,"chose_seed":false,"campfire_upgraded":7,"win_rate":0.0,"timestamp":1610917046,"path_taken":["M","M","?","?","M","R","E","?","T","M","?","$","E","M","R","BOSS","M","$","?","M","M","E","?","R","T","E","$","?","R","E","R","BOSS","M","?","M","$","M","E","R","M","T","R","E","M","E","?","R","BOSS"],"items_purchased_type":["Relic","Potion","Card","Card","Card","Potion"],"build_version":"2020-12-18","purchased_purges":2,"victory":false,"max_hp_per_floor":[66,66,66,66,66,66,66,66,66,66,66,66,66,66,66,66,66,66,66,66,66,66,66,33,33,33,33,33,33,33,33,33,33,33,33,33,33,33,33,33,33,33,33,33,33,33,33,33,33,33,33],"relic_stats":{"Darkstone Periapt":0,"OrangePellets":[10],"Dream Catcher":0,"Lizard Tail":16,"Happy Flower":[45],"counters":[26,148],"CeramicFish":63,"MealTicket":51,"MawBank":120,"obtain_stats":[{"Darkstone Periapt":47,"Happy Flower":7,"CeramicFish":27,"Vajra":23,"The Courier":31,"Frozen Egg 2":13,"MawBank":40,"OrangePellets":12,"Runic Dome":34,"Dream Catcher":0,"Lizard Tail":45,"MealTicket":9,"Coffee Dripper":17,"Toy Ornithopter":43,"Ring of the Snake":0},{"Darkstone Periapt":24,"Happy Flower":4,"CeramicFish":14,"Vajra":13,"The Courier":15,"Frozen Egg 2":6,"MawBank":20,"OrangePellets":5,"Runic Dome":16,"Dream Catcher":0,"Lizard Tail":22,"MealTicket":4,"Coffee Dripper":8,"Toy Ornithopter":21,"Ring of the Snake":0},{"Darkstone Periapt":140,"Happy Flower":13,"CeramicFish":63,"Vajra":58,"The Courier":71,"Frozen Egg 2":22,"MawBank":113,"OrangePellets":17,"Runic Dome":88,"Dream Catcher":0,"Lizard Tail":123,"MealTicket":13,"Coffee Dripper":33,"Toy Ornithopter":116,"Ring of the Snake":0}],"Toy Ornithopter":0,"Ring of the Snake":[52]},"card_choices":[{"not_picked":["Bane","Backflip"],"picked":"Underhanded Strike","floor":1.0},{"not_picked":["Reflex","Noxious Fumes"],"picked":"Dagger Throw","floor":2.0},{"not_picked":["Backflip","Outmaneuver"],"picked":"PiercingWail","floor":5.0},{"not_picked":["Quick Slash","Infinite Blades"],"picked":"Bouncing Flask","floor":7.0},{"not_picked":["Finisher","Accuracy"],"picked":"Backstab","floor":10.0},{"not_picked":["All Out Attack","Blade Dance"],"picked":"Well Laid Plans+1","floor":13.0},{"not_picked":["Quick Slash","PiercingWail"],"picked":"Caltrops+1","floor":14.0},{"not_picked":["Night Terror","Glass Knife"],"picked":"Burst","floor":16.0},{"not_picked":["Blade Dance","Bane","Endless Agony"],"picked":"SKIP","floor":18.0},{"not_picked":["Poisoned Stab","Setup"],"picked":"Concentrate","floor":20.0},{"not_picked":["Acrobatics","Prepared"],"picked":"Backflip","floor":21.0},{"not_picked":["Reflex","Dash"],"picked":"Leg Sweep","floor":22.0},{"not_picked":["Expertise","Slice","Tactician"],"picked":"SKIP","floor":23.0},{"not_picked":["Blade Dance","Cloak And Dagger","Acrobatics"],"picked":"SKIP","floor":27.0},{"not_picked":["Escape Plan","Underhanded Strike+1"],"picked":"Caltrops+1","floor":31.0},{"not_picked":["Burst","Adrenaline"],"picked":"Malaise","floor":33.0},{"not_picked":["Choke","Blade Dance"],"picked":"Noxious Fumes+1","floor":35.0},{"not_picked":["Concentrate","Dagger Throw","Prepared"],"picked":"SKIP","floor":37},{"not_picked":["Dash","Underhanded Strike+1","Poisoned Stab"],"picked":"SKIP","floor":39},{"not_picked":["Quick Slash","Cloak And Dagger","Malaise"],"picked":"SKIP","floor":40},{"not_picked":["Deadly Poison","Backstab+1","Infinite Blades+1"],"picked":"SKIP","floor":45},{"not_picked":["Outmaneuver","Cloak And Dagger"],"picked":"Dodge and Roll","floor":46},{"not_picked":["Leg Sweep","Concentrate","Finisher"],"picked":"SKIP","floor":47},{"not_picked":["Slice","Bane+1"],"picked":"Backflip","floor":48}],"player_experience":725123,"relics_obtained":[{"floor":7.0,"key":"Happy Flower"},{"floor":9.0,"key":"MealTicket"},{"floor":13.0,"key":"Frozen Egg 2"},{"floor":23.0,"key":"Vajra"},{"floor":27.0,"key":"CeramicFish"},{"floor":31.0,"key":"The Courier"},{"floor":40,"key":"MawBank"},{"floor":43,"key":"Toy Ornithopter"},{"floor":45,"key":"Lizard Tail"},{"floor":47,"key":"Darkstone Periapt"}],"event_choices":[{"damage_healed":0.0,"max_hp_gain":0.0,"max_hp_loss":0.0,"gold_gain":70.0,"event_name":"Golden Wing","player_choice":"Gained Gold","floor":3.0,"gold_loss":0.0,"damage_taken":0.0},{"cards_removed":["Defend_G"],"damage_healed":0.0,"max_hp_gain":0.0,"max_hp_loss":0.0,"gold_gain":0.0,"event_name":"The Cleric","player_choice":"Card Removal","floor":4.0,"gold_loss":75.0,"damage_taken":0.0},{"damage_healed":0.0,"max_hp_gain":0.0,"max_hp_loss":0.0,"gold_gain":0.0,"event_name":"Shining Light","player_choice":"Entered Light","floor":8.0,"gold_loss":0.0,"damage_taken":20.0,"cards_upgraded":["Strike_G","Survivor"]},{"damage_healed":0.0,"max_hp_gain":0.0,"max_hp_loss":0.0,"gold_gain":0.0,"cards_transformed":["Strike_G"],"event_name":"Transmorgrifier","player_choice":"Transformed","floor":11.0,"gold_loss":0.0,"damage_taken":0.0,"cards_obtained":["Backstab"]},{"damage_healed":0.0,"max_hp_gain":0.0,"max_hp_loss":33.0,"gold_gain":0.0,"event_name":"Ghosts","player_choice":"Became a Ghost","floor":24.0,"gold_loss":0.0,"damage_taken":0.0,"cards_obtained":["Ghostly","Ghostly","Ghostly"]},{"damage_healed":0.0,"max_hp_gain":0.0,"max_hp_loss":0.0,"gold_gain":0.0,"event_name":"Masked Bandits","player_choice":"Paid Fearfully","floor":29.0,"gold_loss":25.0,"damage_taken":0.0},{"damage_healed":0.0,"max_hp_gain":0.0,"max_hp_loss":0.0,"gold_gain":0.0,"cards_transformed":["Strike_G"],"event_name":"Transmorgrifier","player_choice":"Transformed","floor":36.0,"gold_loss":0.0,"damage_taken":0.0,"cards_obtained":["Crippling Poison"]}],"is_beta":true,"boss_relics":[{"not_picked":["Ectoplasm","Astrolabe"],"picked":"Coffee Dripper"},{"not_picked":["Sozu","Velvet Choker"],"picked":"Runic Dome"}],"items_purged_floors":[28,38],"is_endless":false,"potions_floor_spawned":[5,10,14,16,20,21,22,35,39,42,48],"killed_by":"Awakened One","ascension_level":20}}