{"host":"00tqcjwpycel7e54","time":1610878748,"event":{"mods":["ATMod(阿瑾Mod)","Act Like it!","BaseMod","Colored Powertips","Decade(王小明)","Hermit","Highlight Path","Hubris","Luminous","Marisa（F雨　魔理沙）","Minty Spire (QoL Compilation)","Reimu（博丽灵梦）","Remilia（蕾米莉亚）","Robot Space Explorer","SOS（斯巴达之子）","Shop Mod","Spicy Shops","StSLib","The Administrix","The Animator","The Bug Knight","The Construct","The Cursed","The Gatherer","The Hierophant","The Mystic","The Runesmith","The Servant 0.9.4","WarShipGirlsR/战舰少女R mod","Youmu（魂魄妖梦）","Yuyuko","vexMod","【遗物卡牌】REMEMod"],"gold_per_floor":[111,125,177,191,205,205,236,255,255,255,275,550,566,599,599,671,671,685,49,64,80,0,35,35,49,49,58,95,95,95],"floor_reached":29,"language":"ZHS","playtime":1078,"items_purged":[],"score":554,"play_id":"b87b7108-ac3e-48de-8407-cdc36c1710f1","local_time":"20210117181908","is_ascension_mode":true,"campfire_choices":[{"data":"AT_FocusSwordFire","floor":6.0,"key":"SMITH"},{"floor":10.0,"key":"REST"},{"floor":15.0,"key":"REST"},{"floor":24,"key":"REST"}],"circlet_count":0,"master_deck":["AscendersBane","Strike_G","Strike_G","Strike_G","Strike_G","Strike_G","Defend_G","Defend_G","Defend_G","Defend_G","Defend_G","Survivor","Neutralize","AT_ShrugMaster","Sucker Punch","Bullet Time","AT_FocusSwordFire+1","Blade Dance","Dagger Spray","Regret","Blade Dance","AT_WindFlip","Adrenaline","Cloak And Dagger+1","Accuracy","Blade Dance","AT_ThistleTea"],"relics":["Ring of the Snake","AT_ATBox","REME_ComplimentaryCards","NeowsBlessing","Art of War","AT_ChloranthyRing","AT_ForceNature","HollowMod:StagPassRelic","Philosopher\u0027s Stone","AT_BladeRuinedKing","CeramicFish","vexMod:RedPlottingStone","ZunR:ReiMu","hubris:TenFootPole","vexMod:ScavengeHelm","The Courier"],"acts_visited":["Exordium","TheCity"],"potions_floor_usage":[],"damage_taken":[{"damage":0.0,"enemies":"Cultist","floor":1.0,"turns":1.0},{"damage":0.0,"enemies":"Small Slimes","floor":2.0,"turns":1.0},{"damage":0.0,"enemies":"2 Louse","floor":4.0,"turns":1.0},{"damage":4.0,"enemies":"Large Slime","floor":5.0,"turns":9.0},{"damage":17.0,"enemies":"Gremlin Nob","floor":7.0,"turns":4.0},{"damage":11.0,"enemies":"Lots of Slimes","floor":8.0,"turns":5.0},{"damage":3.0,"enemies":"3 Louse","floor":11.0,"turns":4.0},{"damage":9.0,"enemies":"Red Slaver","floor":13.0,"turns":4.0},{"damage":7.0,"enemies":"3 Sentries","floor":14.0,"turns":7.0},{"damage":17.0,"enemies":"The Guardian","floor":16.0,"turns":15.0},{"damage":23.0,"enemies":"Chosen","floor":18.0,"turns":4.0},{"damage":6.0,"enemies":"2 Thieves","floor":20.0,"turns":2.0},{"damage":0.0,"enemies":"Snecko","floor":21.0,"turns":1.0},{"damage":28,"enemies":"REME_1_Revenger","floor":23,"turns":4},{"damage":20,"enemies":"Snake Plant","floor":25,"turns":4},{"damage":17,"enemies":"HollowMod:Nosk","floor":28,"turns":5},{"damage":1,"enemies":"Centurion and Healer","floor":29,"turns":2}],"seed_played":"5244728905809387635","potions_obtained":[{"floor":2.0,"key":"FearPotion"},{"floor":7.0,"key":"GamblersBrew"},{"floor":8.0,"key":"Dexterity Potion"},{"floor":16.0,"key":"FairyPotion"},{"floor":18.0,"key":"Swift Potion"},{"floor":20.0,"key":"SteroidPotion"},{"floor":21.0,"key":"ZuzhouPotion:ReiMu"},{"floor":28,"key":"SpeedPotion"}],"is_trial":false,"path_per_floor":["M","M","T","M","M","R","E","M","T","R","M","?","M","E","R","B",null,"M","$","M","M","?","E","R","M","T","?","E","M"],"character_chosen":"THE_SILENT","items_purchased":["AT_BladeRuinedKing","CeramicFish","Cloak And Dagger","vexMod:RedPlottingStone"],"campfire_rested":3,"item_purchase_floors":[19,19,19,19],"current_hp_per_floor":[59,59,59,59,55,55,38,27,27,46,43,43,34,27,46,29,57,34,34,28,28,25,19,38,18,18,18,1,0,0],"gold":95,"neow_bonus":"THREE_ENEMY_KILL","is_daily":false,"chose_seed":false,"campfire_upgraded":1,"win_rate":0.0,"timestamp":1610878748,"path_taken":["M","M","?","M","M","R","E","M","T","R","M","?","?","E","R","BOSS","M","$","M","M","?","E","R","M","T","?","E","M"],"items_purchased_type":["Relic","Relic","Card","Relic"],"build_version":"2020-12-22","purchased_purges":0,"victory":false,"max_hp_per_floor":[66,66,66,66,66,66,66,66,66,66,66,66,66,66,66,66,66,66,66,66,66,66,66,66,66,66,66,66,66,66],"card_choices":[{"not_picked":["Poisoned Stab","Prepared"],"picked":"Sucker Punch","floor":1.0},{"not_picked":["Dagger Throw","Backflip"],"picked":"Bullet Time","floor":2.0},{"not_picked":["Cloak And Dagger","Blade Dance"],"picked":"AT_FocusSwordFire","floor":4.0},{"not_picked":["REME_ShadowStrike","Poisoned Stab","Quick Slash"],"picked":"SKIP","floor":5.0},{"not_picked":["Flying Knee","AT_ShadowStep"],"picked":"Blade Dance","floor":7.0},{"not_picked":["REME_GreenPollution","Quick Slash"],"picked":"Dagger Spray","floor":8.0},{"not_picked":["Prepared","Dagger Throw","Bouncing Flask"],"picked":"SKIP","floor":11.0},{"not_picked":["Grand Finale","Quick Slash"],"picked":"Blade Dance","floor":13.0},{"not_picked":["PiercingWail","Deadly Poison"],"picked":"AT_WindFlip","floor":14.0},{"not_picked":["AT_MyraUnstableElement","Storm of Steel"],"picked":"Adrenaline","floor":16.0},{"not_picked":["hubris:SlightOfHand+1","Prepared","AT_WindFlip+1"],"picked":"SKIP","floor":18.0},{"not_picked":["Backflip","Tactician","AT_KneejerkReflex"],"picked":"SKIP","floor":20.0},{"not_picked":["Dagger Throw","AT_TinkerSharpsword","Sucker Punch+1"],"picked":"SKIP","floor":21.0},{"not_picked":["hubris:SlightOfHand","Slice"],"picked":"Accuracy","floor":23},{"not_picked":["AT_WindFlip","Flechettes","Bane"],"picked":"SKIP","floor":25},{"not_picked":["hubris:SlightOfHand","hubris:TrickCloak"],"picked":"AT_ThistleTea","floor":28}],"player_experience":732914,"relics_obtained":[{"floor":3.0,"key":"Art of War"},{"floor":7.0,"key":"AT_ChloranthyRing"},{"floor":9.0,"key":"AT_ForceNature"},{"floor":14.0,"key":"HollowMod:StagPassRelic"},{"floor":23,"key":"hubris:TenFootPole"},{"floor":26,"key":"vexMod:ScavengeHelm"},{"floor":28,"key":"The Courier"}],"event_choices":[{"damage_healed":0.0,"max_hp_gain":0.0,"max_hp_loss":0.0,"gold_gain":275.0,"event_name":"Golden Shrine","player_choice":"Desecrate","floor":12.0,"gold_loss":0.0,"damage_taken":0.0,"cards_obtained":["Regret"]},{"damage_healed":0.0,"max_hp_gain":0.0,"max_hp_loss":0.0,"gold_gain":0.0,"event_name":"ZunEvent","player_choice":"购买神酒","floor":22.0,"gold_loss":0.0,"damage_taken":6.0,"relics_obtained":["ZunR:ReiMu"]}],"is_beta":false,"boss_relics":[{"not_picked":["HoveringKite","Busted Crown"],"picked":"Philosopher\u0027s Stone"}],"items_purged_floors":[],"is_endless":false,"potions_floor_spawned":[2,7,8,11,16,18,20,21,28],"killed_by":"Centurion and Healer","ascension_level":20}}