{"host":"qdfumeom6htv8yxl","time":1610915592,"event":{"mods":["AchievementEnabler","BaseMod","Bestiary","Block Reminder","Minty Spire (QoL Compilation)","Quick Restart","Relic Stats"],"gold_per_floor":[115,126,126,22,22,22,42,76,101,17,17,17],"floor_reached":11,"language":"ENG","playtime":238,"items_purged":["Strike_B"],"score":128,"play_id":"e03bc1f1-8520-435e-a00a-f8a384a7499c","local_time":"20210117143312","is_ascension_mode":true,"campfire_choices":[{"data":"Gash","floor":6.0,"key":"SMITH"}],"circlet_count":0,"master_deck":["AscendersBane","Strike_B","Strike_B","Strike_B","Defend_B","Defend_B","Defend_B","Defend_B","Zap","Dualcast","Streamline+1","Sweeping Beam","Gash+1","Steam Power","Rip and Tear"],"relics":["Cracked Core","NeowsBlessing","Juzu Bracelet","Anchor"],"acts_visited":["Exordium"],"potions_floor_usage":[],"damage_taken":[{"damage":0.0,"enemies":"2 Louse","floor":1.0,"turns":1.0},{"damage":0.0,"enemies":"Cultist","floor":2.0,"turns":1.0},{"damage":0.0,"enemies":"Small Slimes","floor":7.0,"turns":1.0},{"damage":18,"enemies":"Gremlin Nob","floor":8,"turns":3},{"damage":0,"enemies":"Lagavulin","floor":11,"turns":1}],"seed_played":"6382475603974797664","potions_obtained":[{"floor":2.0,"key":"Swift Potion"},{"floor":3.0,"key":"SkillPotion"}],"is_trial":false,"path_per_floor":["M","M","?","$","?","R","M","E","T","$","E"],"character_chosen":"DEFECT","items_purchased":["Gash","Rip and Tear"],"campfire_rested":0,"item_purchase_floors":[4,10],"current_hp_per_floor":[64,64,64,64,64,64,64,46,46,46,46,46],"gold":17,"neow_bonus":"THREE_ENEMY_KILL","is_daily":false,"chose_seed":false,"campfire_upgraded":1,"win_rate":0.0,"timestamp":1610915592,"path_taken":["M","M","?","?","?","R","?","E","T","$","E"],"items_purchased_type":["Card","Card"],"build_version":"2020-12-22","purchased_purges":1,"victory":false,"max_hp_per_floor":[71,71,71,71,71,71,71,71,71,71,71,71],"relic_stats":{"counters":[5,7],"Juzu Bracelet":0,"obtain_stats":[{"Anchor":9,"NeowsBlessing":0,"Juzu Bracelet":8,"Cracked Core":0},{"Anchor":4,"NeowsBlessing":0,"Juzu Bracelet":4,"Cracked Core":0},{"Anchor":6,"NeowsBlessing":0,"Juzu Bracelet":6,"Cracked Core":0}]},"card_choices":[{"not_picked":["Storm","Redo"],"picked":"Streamline","floor":1.0},{"not_picked":["Cold Snap","Consume"],"picked":"Sweeping Beam","floor":2.0},{"not_picked":["Darkness","Heatsinks"],"picked":"Steam Power","floor":7.0},{"not_picked":["Sweeping Beam","Creative AI","Redo"],"picked":"SKIP","floor":8}],"player_experience":1802738,"relics_obtained":[{"floor":8,"key":"Juzu Bracelet"},{"floor":9,"key":"Anchor"}],"event_choices":[{"damage_healed":0.0,"max_hp_gain":0.0,"max_hp_loss":0.0,"gold_gain":0.0,"event_name":"Lab","player_choice":"Got Potions","floor":3.0,"gold_loss":0.0,"damage_taken":0.0},{"damage_healed":0.0,"max_hp_gain":0.0,"max_hp_loss":0.0,"gold_gain":0.0,"event_name":"Living Wall","player_choice":"Grow","floor":5.0,"gold_loss":0.0,"damage_taken":0.0,"cards_upgraded":["Streamline"]}],"is_beta":false,"boss_relics":[],"items_purged_floors":[4],"is_endless":false,"potions_floor_spawned":[2],"killed_by":"Lagavulin","ascension_level":16}}