{"host":"g2yp6paluzgljz05","time":1610893723,"event":{"mods":["BaseMod","Bestiary","Colored Powertips","DeckTracker","Highlight Path","Minty Spire (QoL Compilation)","Quick Restart"],"gold_per_floor":[113,113,37,37,37,78,78,98,98,98,116,137,137,162,162,292,292,316,316,316,330,330,371,371,411,411],"floor_reached":25,"language":"ENG","playtime":1078,"items_purged":[],"score":277,"play_id":"f99014a9-17c9-47d1-8dab-cffc4b1b051c","local_time":"20210118012843","is_ascension_mode":true,"campfire_choices":[{"floor":10.0,"key":"REST"},{"data":"Noxious Fumes","floor":13.0,"key":"SMITH"},{"floor":15.0,"key":"REST"},{"data":"Envenom","floor":24.0,"key":"SMITH"}],"circlet_count":0,"master_deck":["Strike_G","Strike_G+1","Strike_G","Strike_G","Defend_G","Defend_G","Defend_G","Defend_G+1","Defend_G","Survivor","Neutralize","Dagger Throw","Noxious Fumes+1","Prepared","Prepared+1","Crippling Poison+1","Crippling Poison+1","Envenom+1","Deadly Poison+1","Quick Slash","Catalyst+1"],"relics":["Ring of the Snake","NeowsBlessing","Mango","Golden Idol","Kunai","Toxic Egg 2","Ice Cream","Velvet Choker","Oddly Smooth Stone","Gremlin Horn"],"acts_visited":["Exordium","TheCity"],"potions_floor_usage":[],"damage_taken":[{"damage":0.0,"enemies":"Cultist","floor":1.0,"turns":1.0},{"damage":0.0,"enemies":"3 Sentries","floor":6.0,"turns":1.0},{"damage":0.0,"enemies":"Small Slimes","floor":8.0,"turns":1.0},{"damage":1.0,"enemies":"2 Louse","floor":11.0,"turns":3.0},{"damage":10.0,"enemies":"Looter","floor":12.0,"turns":3.0},{"damage":0.0,"enemies":"2 Fungi Beasts","floor":14.0,"turns":3.0},{"damage":40.0,"enemies":"Hexaghost","floor":16.0,"turns":9.0},{"damage":13.0,"enemies":"Shell Parasite","floor":18.0,"turns":6.0},{"damage":7.0,"enemies":"3 Byrds","floor":21.0,"turns":3.0},{"damage":35.0,"enemies":"Slavers","floor":23.0,"turns":4.0},{"damage":19.0,"enemies":"Book of Stabbing","floor":25.0,"turns":5.0}],"seed_played":"2708511631590248357","potions_obtained":[{"floor":8.0,"key":"LiquidBronze"},{"floor":12.0,"key":"SmokeBomb"},{"floor":16.0,"key":"SkillPotion"},{"floor":25,"key":"LiquidBronze"}],"is_trial":false,"path_per_floor":["M","T","$","?","?","E","T","M","T","R","M","M","R","M","R","B",null,"M","?","?","M","?","E","R","E"],"character_chosen":"THE_SILENT","items_purchased":["Noxious Fumes"],"campfire_rested":2,"item_purchase_floors":[3],"current_hp_per_floor":[70,84,84,67,46,46,46,46,46,71,70,60,60,60,84,44,84,71,71,71,64,64,29,29,10,10],"gold":411,"neow_bonus":"THREE_ENEMY_KILL","is_daily":false,"chose_seed":false,"campfire_upgraded":2,"win_rate":0.0,"timestamp":1610893723,"path_taken":["M","?","?","?","?","E","?","M","T","R","M","?","R","M","R","BOSS","M","?","?","?","?","E","R","E"],"items_purchased_type":["Card"],"build_version":"2020-12-22","purchased_purges":0,"victory":false,"max_hp_per_floor":[70,84,84,84,84,84,84,84,84,84,84,84,84,84,84,84,84,84,84,84,84,84,84,84,84,84],"card_choices":[{"not_picked":["Slice","Outmaneuver"],"picked":"Dagger Throw","floor":1.0},{"not_picked":["Underhanded Strike","Dagger Throw"],"picked":"Prepared","floor":6.0},{"not_picked":["Outmaneuver+1","Backstab"],"picked":"Prepared+1","floor":8.0},{"not_picked":["Deadly Poison+1","Masterful Stab"],"picked":"Crippling Poison+1","floor":11.0},{"not_picked":["Calculated Gamble+1","Quick Slash"],"picked":"Crippling Poison+1","floor":12.0},{"not_picked":["Terror+1","Riddle With Holes","Accuracy"],"picked":"SKIP","floor":14.0},{"not_picked":["Doppelganger+1","Storm of Steel+1"],"picked":"Envenom","floor":16.0},{"not_picked":["Sucker Punch","Tactician+1"],"picked":"Deadly Poison+1","floor":18.0},{"not_picked":["Slice+1","Blur+1","Dagger Throw"],"picked":"SKIP","floor":21.0},{"not_picked":["Well Laid Plans","Crippling Poison+1"],"picked":"Catalyst+1","floor":23.0}],"player_experience":206871,"relics_obtained":[{"floor":2.0,"key":"Mango"},{"floor":6.0,"key":"Kunai"},{"floor":7.0,"key":"Toxic Egg 2"},{"floor":9.0,"key":"Ice Cream"},{"floor":23.0,"key":"Oddly Smooth Stone"},{"floor":25,"key":"Gremlin Horn"}],"event_choices":[{"damage_healed":0.0,"max_hp_gain":0.0,"max_hp_loss":0.0,"gold_gain":0.0,"event_name":"Shining Light","player_choice":"Entered Light","floor":4.0,"gold_loss":0.0,"damage_taken":17.0,"cards_upgraded":["Strike_G","Defend_G"]},{"damage_healed":0.0,"max_hp_gain":0.0,"max_hp_loss":0.0,"gold_gain":0.0,"event_name":"Golden Idol","player_choice":"Take Damage","floor":5.0,"gold_loss":0.0,"damage_taken":21.0,"relics_obtained":["Golden Idol"]},{"damage_healed":0.0,"max_hp_gain":0.0,"max_hp_loss":0.0,"gold_gain":0.0,"event_name":"Ghosts","player_choice":"Ignored","floor":19.0,"gold_loss":0.0,"damage_taken":0.0},{"damage_healed":0.0,"max_hp_gain":0.0,"max_hp_loss":0.0,"gold_gain":0.0,"cards_transformed":["Strike_G"],"event_name":"Transmorgrifier","player_choice":"Transformed","floor":20.0,"gold_loss":0.0,"damage_taken":0.0,"cards_obtained":["Quick Slash"]},{"damage_healed":0.0,"max_hp_gain":0.0,"max_hp_loss":0.0,"gold_gain":0.0,"event_name":"Vampires","player_choice":"Ignored","floor":22.0,"gold_loss":0.0,"damage_taken":0.0}],"is_beta":false,"boss_relics":[{"not_picked":["Runic Dome","Empty Cage"],"picked":"Velvet Choker"}],"items_purged_floors":[],"is_endless":false,"potions_floor_spawned":[8,12,16,21,23,25],"killed_by":"Book of Stabbing","ascension_level":1}}