{"host":"on8kfoejf6vp3cg3","time":1610927803,"event":{"mods":["AchievementEnabler","BaseMod","Better Match","Better Third Choice","Block Reminder","Colored Map","Colored Powertips","Disable Question Mark Monsters","Googly Eyes","Hermit","Highlight Path","Minty Spire (QoL Compilation)","Permanent Neow","Poor People Problems","Rare Cards Sparkle","Replay The Spire","StSLib","The Blackbeard","The Bladedancer","The Cursed"],"gold_per_floor":[119,130,142,8,21,21,52,66,66,66,76,103,39,8,8,85,85,99,93,16,35,45,75,75,102,125,125,156,81,115,135,135,109,109,24,41,54,68,68,68,95,95,119,119,199,34,34,60,60,60],"floor_reached":51,"language":"ENG","playtime":3970,"items_purged":["blademaster:OneTrickPony","blademaster:Quickstep","blademaster:Quickstep","blademaster:Quickstep"],"score":1797,"play_id":"ed20adf0-614a-417a-893b-703a7f876465","local_time":"20210117185643","daily_mods":["Insanity","Vintage","Heirloom","Time Dilation","Flight"],"is_ascension_mode":true,"campfire_choices":[{"floor":6,"key":"REST"},{"floor":10,"key":"REST"},{"floor":15,"key":"REST"},{"floor":24,"key":"REST"},{"data":"blademaster:Cut","floor":32,"key":"SMITH"},{"floor":40,"key":"REST"},{"floor":42,"key":"REST"},{"floor":47,"key":"REST"},{"floor":49,"key":"REST"}],"circlet_count":0,"master_deck":["AscendersBane","blademaster:Safeguard","blademaster:AwakeningDefend","blademaster:Hailwind","blademaster:Stability+1","blademaster:Cut+1","blademaster:DragonStrike","blademaster:EyeOfTheTornado","blademaster:AspectOfWind","blademaster:ThunderSlash","blademaster:BloodyBlow","blademaster:Thrust","blademaster:IcyWind+1","blademaster:ThunderingOpener","blademaster:Vortex","blademaster:Blockade","blademaster:KiBarrier","blademaster:ChargingUp","blademaster:DancingEdge","blademaster:Flurry","blademaster:CombatPrep","blademaster:WindSlash","blademaster:AirSlash","blademaster:BladeCross","blademaster:DeadlyDance","blademaster:Sharpen","blademaster:ThunderingOpener","blademaster:AirSlash","blademaster:Flurry","blademaster:AirSlash","blademaster:Momentum","blademaster:ParryingStrike","blademaster:Hailwind+1","blademaster:AwakeningDefend+1","blademaster:FuriousStrike","blademaster:DragonStrike","blademaster:Stability+1","blademaster:Safeguard","blademaster:Momentum","blademaster:BrainBloom+1","blademaster:AspectOfWind","blademaster:Bloodbath","blademaster:Cut","blademaster:Cut","blademaster:DaggerAndCloak","blademaster:EyeOfTheStorm","blademaster:Cut+1","blademaster:ColdBlood","blademaster:AspectOfLightning","ReplayTheSpireMod:IOU","blademaster:Empower+1","ReplayTheSpireMod:IOU","ReplayTheSpireMod:IOU","ReplayTheSpireMod:IOU","ReplayTheSpireMod:IOU","ReplayTheSpireMod:IOU","ReplayTheSpireMod:IOU","ReplayTheSpireMod:IOU","ReplayTheSpireMod:IOU","ReplayTheSpireMod:IOU","ReplayTheSpireMod:IOU","ReplayTheSpireMod:IOU","ReplayTheSpireMod:IOU","blademaster:Overcharge+1","ReplayTheSpireMod:IOU","ReplayTheSpireMod:IOU","ReplayTheSpireMod:IOU","ReplayTheSpireMod:IOU","ReplayTheSpireMod:IOU","blademaster:Cut+1","TheCursedMod:CircleOfCorruption","Hidden Blade","TheCursedMod:RapidMovement+1","blackbeard:PowerHungry","Phantasmal Killer+1","Panacea","blademaster:LeechingStrike+1","blackbeard:GoldenDefense","ReplayTheSpireMod:LeadingStrike","ReplayTheSpireMod:IOU","CrushJoints"],"relics":["blademaster:DancersAmulet","Pocketwatch","ReplayTheSpireMod:TigerMarble","Gremlin Food","Replay:Kaleidoscope","Lizard Tail","Bottled Lightning","Replay:Accelerometer","Snack Pack","Anchor","Replay:Wax Seal","Lantern","PrismaticShard","StoneCalendar","OrangePellets","Bronze Scales","ReplayTheSpireMod:Shallot","Happy Flower","Omamori","Frozen Egg 2","Tiny Chest","Strawberry","Orichalcum","MealTicket","Juzu Bracelet","Chameleon Ring","Garlic","SlaversCollar","Dream Catcher","Ancient Tea Set","Meat on the Bone","Toy Ornithopter","Replay:Bottled Eggs","Vajra","Blood Vial"],"acts_visited":["Exordium","TheCity","TheBeyond"],"potions_floor_usage":[16,16,33,50,50],"damage_taken":[{"damage":0,"enemies":"Small Slimes","floor":1,"turns":3},{"damage":6,"enemies":"Jaw Worm","floor":2,"turns":2},{"damage":0,"enemies":"2 Louse","floor":3,"turns":2},{"damage":5,"enemies":"2 Fungi Beasts","floor":5,"turns":4},{"damage":21,"enemies":"3 Sentries","floor":7,"turns":5},{"damage":8,"enemies":"Red Slaver","floor":8,"turns":3},{"damage":0,"enemies":"Large Slime","floor":11,"turns":4},{"damage":25,"enemies":"Lagavulin","floor":12,"turns":4},{"damage":0,"enemies":"The Guardian","floor":16,"turns":7},{"damage":0,"enemies":"Chosen","floor":18,"turns":4},{"damage":0,"enemies":"3 Byrds","floor":21,"turns":2},{"damage":5,"enemies":"Cultist and Chosen","floor":22,"turns":5},{"damage":14,"enemies":"Replay:Snechameleon","floor":23,"turns":4},{"damage":18,"enemies":"Slavers","floor":25,"turns":4},{"damage":0,"enemies":"Gremlin Leader","floor":28,"turns":3},{"damage":15,"enemies":"Slavers","floor":30,"turns":5},{"damage":7,"enemies":"Centurion and Healer","floor":31,"turns":4},{"damage":14,"enemies":"Champ","floor":33,"turns":6},{"damage":11,"enemies":"3 Darklings","floor":35,"turns":3},{"damage":0,"enemies":"Orb Walker","floor":36,"turns":2},{"damage":29,"enemies":"3 Darklings","floor":37,"turns":5},{"damage":16,"enemies":"Spire Growth","floor":38,"turns":3},{"damage":72,"enemies":"Reptomancer","floor":41,"turns":5},{"damage":33,"enemies":"Giant Head","floor":48,"turns":6},{"damage":69,"enemies":"Awakened One","floor":50,"turns":8}],"seed_played":"-8395150140298878904","potions_obtained":[{"floor":3,"key":"Explosive Potion"},{"floor":5,"key":"Dexterity Potion"},{"floor":16,"key":"Languid Potion"},{"floor":33,"key":"ColorlessPotion"},{"floor":36,"key":"SteroidPotion"}],"is_trial":true,"path_per_floor":["M","M","M","$","M","R","E","M","T","R","M","E","$","$","R","B",null,"M","$","$","M","M","E","R","E","T","?","E","?","E","M","R","B",null,"M","M","M","M","?","R","E","R","T","$","T","$","R","E","R","B",null],"character_chosen":"THE_BLADEMASTER","items_purchased":["blademaster:Cut","blademaster:Empower","Lantern","PrismaticShard","StoneCalendar","OrangePellets","Bronze Scales","ReplayTheSpireMod:Shallot","blademaster:Overcharge+1","Strength Potion","Strength Potion","Omamori","Frozen Egg 2","blademaster:Cut+1","Vajra","CultistPotion"],"campfire_rested":8,"item_purchase_floors":[4,13,13,13,13,14,14,14,14,14,19,20,20,20,46,46],"current_hp_per_floor":[64,58,58,58,57,71,50,42,42,63,63,42,42,42,63,65,70,71,71,71,71,78,70,78,68,68,68,78,78,73,76,76,74,77,75,78,55,49,49,72,8,31,31,46,46,61,78,56,78,29],"gold":60,"neow_bonus":"","is_daily":false,"chose_seed":false,"campfire_upgraded":1,"win_rate":0.0,"timestamp":1610927803,"path_taken":["M","M","M","$","M","R","E","M","T","R","M","E","$","$","R","BOSS","M","$","$","M","M","E","R","E","T","?","E","?","E","M","R","BOSS","M","M","M","M","?","R","E","R","T","$","?","$","R","E","R","BOSS"],"items_purchased_type":["Card","Card","Relic","Relic","Relic","Relic","Relic","Relic","Card","Potion","Potion","Relic","Relic","Card","Relic","Potion"],"build_version":"2020-12-22","purchased_purges":4,"victory":true,"max_hp_per_floor":[71,71,71,71,71,71,71,71,71,71,71,71,71,71,71,71,71,71,71,71,71,78,78,78,78,78,78,78,78,78,78,78,78,78,78,78,78,78,78,78,78,78,78,78,78,78,78,78,78,78],"card_choices":[{"not_picked":["blademaster:EyeOfTheStorm","blademaster:Quickstep"],"picked":"blademaster:ColdBlood","floor":7},{"not_picked":["blademaster:CullingStrike","blademaster:KiBarrier"],"picked":"blademaster:AspectOfLightning","floor":12},{"not_picked":["TheCursedMod:Mangle","Catalyst+1"],"picked":"TheCursedMod:CircleOfCorruption","floor":23},{"not_picked":["Barrage","Clothesline"],"picked":"Hidden Blade","floor":25},{"not_picked":["blademaster:ThunderingOpener","hermit:Reprieve"],"picked":"TheCursedMod:RapidMovement+1","floor":28},{"not_picked":["blademaster:ChargingUp","Rip and Tear"],"picked":"blackbeard:PowerHungry","floor":30},{"not_picked":["SpiritShield","blademaster:ThreePointStrike"],"picked":"Phantasmal Killer","floor":33},{"not_picked":["Replay:Parry","HandOfGreed"],"picked":"Panacea","floor":39},{"not_picked":["blademaster:Quickstep+1","WheelKick"],"picked":"blademaster:LeechingStrike","floor":40},{"not_picked":["blademaster:Frontflip","hermit:Magnum"],"picked":"blackbeard:GoldenDefense","floor":41},{"not_picked":["hermit:HighCaliber+1","Disarm+1"],"picked":"ReplayTheSpireMod:LeadingStrike","floor":42},{"not_picked":["ReplayTheSpireMod:Necrosis","Fission","Jack Of All Trades"],"picked":"SKIP","floor":48},{"not_picked":["TheCursedMod:CursedShiv","blademaster:Sunder"],"picked":"CrushJoints","floor":49}],"player_experience":470188,"relics_obtained":[{"floor":1,"key":"ReplayTheSpireMod:TigerMarble"},{"floor":1,"key":"blademaster:OnAttackedChargePerk"},{"floor":2,"key":"Gremlin Food"},{"floor":2,"key":"blademaster:DextrousPerk"},{"floor":3,"key":"Replay:Kaleidoscope"},{"floor":3,"key":"blademaster:BleedingMoreDamagePerk"},{"floor":5,"key":"Lizard Tail"},{"floor":5,"key":"blademaster:StrongPerk"},{"floor":7,"key":"blademaster:RandomBladePerk"},{"floor":7,"key":"Bottled Lightning"},{"floor":8,"key":"Replay:Accelerometer"},{"floor":8,"key":"blademaster:BonusComboPerk"},{"floor":9,"key":"Snack Pack"},{"floor":11,"key":"Anchor"},{"floor":11,"key":"blademaster:LightningChargePerk"},{"floor":12,"key":"Replay:Wax Seal"},{"floor":12,"key":"blademaster:WindChargePerk"},{"floor":18,"key":"Happy Flower"},{"floor":18,"key":"blademaster:StanceHealPerk"},{"floor":21,"key":"Tiny Chest"},{"floor":21,"key":"blademaster:FuryEveryTurnPerk"},{"floor":22,"key":"Strawberry"},{"floor":22,"key":"blademaster:ComboEveryTurnPerk"},{"floor":23,"key":"Orichalcum"},{"floor":23,"key":"blademaster:BleedingLaceratePerk"},{"floor":25,"key":"MealTicket"},{"floor":25,"key":"blademaster:BonusFuryPerk"},{"floor":26,"key":"Juzu Bracelet"},{"floor":28,"key":"blademaster:RandomStancePerk"},{"floor":30,"key":"Chameleon Ring"},{"floor":31,"key":"Garlic"},{"floor":35,"key":"Dream Catcher"},{"floor":37,"key":"Ancient Tea Set"},{"floor":41,"key":"Meat on the Bone"},{"floor":43,"key":"Toy Ornithopter"},{"floor":45,"key":"Replay:Bottled Eggs"},{"floor":48,"key":"Blood Vial"}],"event_choices":[{"cards_removed":["blademaster:Sunder"],"damage_healed":0,"gold_gain":0,"player_choice":"Gave Gold","damage_taken":0,"max_hp_gain":0,"max_hp_loss":0,"event_name":"Beggar","floor":29,"gold_loss":75},{"damage_healed":0,"gold_gain":0,"player_choice":"Memory 1","damage_taken":0,"max_hp_gain":0,"max_hp_loss":0,"event_name":"SensoryStone","floor":39,"gold_loss":0}],"is_beta":false,"boss_relics":[{"not_picked":["Coffee Dripper","Kintsugi","ReplayTheSpireMod:DimensionalGlitch"]},{"not_picked":["ChewingGum","Busted Crown"],"picked":"SlaversCollar"}],"items_purged_floors":[4,13,14,19],"is_endless":false,"potions_floor_spawned":[3,5,8,12,16,22,30,31,33,36,37,38],"ascension_level":16}}