{"host":"7l2t4psy44vpcd9q","time":1610905789,"event":{"mods":["AchievementEnabler","BaseMod","DeckTracker","Minty Spire (QoL Compilation)","SuperFastMode"],"gold_per_floor":[118,137,156,81,138,163,163,163,186,197,226,226,256,56,56,128,128,140,140,140,155,168,168,168],"floor_reached":23,"language":"KOR","playtime":801,"items_purged":["Strike_B","Defend_B"],"score":418,"play_id":"c5bc765d-a8ba-4dd1-95d9-c4b1719b5e77","local_time":"20210118024949","is_ascension_mode":true,"campfire_choices":[{"floor":8.0,"key":"REST"},{"floor":12.0,"key":"REST"},{"floor":15.0,"key":"REST"}],"circlet_count":0,"master_deck":["AscendersBane","Zap","Dualcast","Jack Of All Trades","Sunder","Melter","Cold Snap","Electrodynamics","Leap","Thunder Strike","Steam","Capacitor","Coolheaded","Glacier","Seek","Ball Lightning","Double Energy","Genetic Algorithm","Creative AI","Chill","Amplify","Loop+1","Compile Driver","Reinforced Body"],"relics":["Cracked Core","Akabeko","Dream Catcher","Regal Pillow","Pen Nib","Pandora\u0027s Box"],"acts_visited":["Exordium","TheCity"],"potions_floor_usage":[23],"damage_taken":[{"damage":8.0,"enemies":"Small Slimes","floor":1.0,"turns":3.0},{"damage":4.0,"enemies":"Jaw Worm","floor":2.0,"turns":4.0},{"damage":1.0,"enemies":"Cultist","floor":3.0,"turns":3.0},{"damage":28.0,"enemies":"Gremlin Nob","floor":6.0,"turns":4.0},{"damage":4.0,"enemies":"Red Slaver","floor":10.0,"turns":3.0},{"damage":11.0,"enemies":"Lagavulin","floor":11.0,"turns":5.0},{"damage":35.0,"enemies":"Gremlin Nob","floor":13.0,"turns":4.0},{"damage":38.0,"enemies":"Slime Boss","floor":16.0,"turns":8.0},{"damage":12.0,"enemies":"3 Byrds","floor":18.0,"turns":3.0},{"damage":0.0,"enemies":"Spheric Guardian","floor":21.0,"turns":1.0},{"damage":11.0,"enemies":"Centurion and Healer","floor":22.0,"turns":6.0},{"damage":37,"enemies":"Book of Stabbing","floor":23,"turns":6}],"seed_played":"2255187920492006593","potions_obtained":[{"floor":3.0,"key":"Dexterity Potion"},{"floor":10.0,"key":"EssenceOfSteel"},{"floor":11.0,"key":"Energy Potion"},{"floor":18.0,"key":"FocusPotion"}],"is_trial":false,"path_per_floor":["M","M","M","$","?","E","?","R","T","M","E","R","E","$","R","B",null,"M","?","?","M","M","E"],"character_chosen":"DEFECT","items_purchased":["Capacitor","Coolheaded"],"campfire_rested":3,"item_purchase_floors":[14,14],"current_hp_per_floor":[56,52,51,51,51,23,23,44,44,40,29,65,30,30,66,28,60,48,48,48,48,37,0,0],"gold":168,"neow_bonus":"RANDOM_COLORLESS","is_daily":false,"chose_seed":false,"campfire_upgraded":0,"win_rate":0.0,"timestamp":1610905789,"path_taken":["M","M","M","$","?","E","?","R","T","M","E","R","E","?","R","BOSS","M","?","?","M","?","E"],"items_purchased_type":["Card","Card"],"build_version":"2020-12-22","purchased_purges":2,"victory":false,"max_hp_per_floor":[71,71,71,71,71,71,71,71,71,71,71,71,71,71,71,71,71,71,71,71,71,71,71,71],"card_choices":[{"not_picked":["Impatience","Swift Strike"],"picked":"Jack Of All Trades","floor":0.0},{"not_picked":["Compile Driver","Rip and Tear"],"picked":"Sunder","floor":1.0},{"not_picked":["Gash","Force Field"],"picked":"Melter","floor":2.0},{"not_picked":["Steam","Streamline"],"picked":"Cold Snap","floor":3.0},{"not_picked":["Sunder","Turbo"],"picked":"Electrodynamics","floor":6.0},{"not_picked":["Double Energy","Rebound"],"picked":"Leap","floor":10.0},{"not_picked":["Reinforced Body","Go for the Eyes"],"picked":"Thunder Strike","floor":11.0},{"not_picked":["Ball Lightning","Double Energy"],"picked":"Steam","floor":12.0},{"not_picked":["Ball Lightning","Go for the Eyes","Heatsinks"],"picked":"SKIP","floor":13.0},{"not_picked":["Cold Snap","Double Energy"],"picked":"Glacier","floor":15.0},{"not_picked":["Machine Learning","Reboot"],"picked":"Seek","floor":16.0},{"not_picked":["Gash","Rip and Tear"],"picked":"Loop+1","floor":18.0},{"not_picked":["Gash","Sweeping Beam+1"],"picked":"Compile Driver","floor":21.0},{"not_picked":["FTL","Beam Cell"],"picked":"Reinforced Body","floor":22.0}],"player_experience":1250903,"relics_obtained":[{"floor":6.0,"key":"Akabeko"},{"floor":9.0,"key":"Dream Catcher"},{"floor":11.0,"key":"Regal Pillow"},{"floor":13.0,"key":"Pen Nib"}],"event_choices":[{"damage_healed":0.0,"max_hp_gain":0.0,"max_hp_loss":0.0,"gold_gain":57.0,"event_name":"Golden Wing","player_choice":"Gained Gold","floor":5.0,"gold_loss":0.0,"damage_taken":0.0},{"damage_healed":0.0,"max_hp_gain":0.0,"max_hp_loss":0.0,"gold_gain":0.0,"event_name":"Scrap Ooze","player_choice":"Fled","floor":7.0,"gold_loss":0.0,"damage_taken":0.0},{"damage_healed":0.0,"max_hp_gain":0.0,"max_hp_loss":0.0,"gold_gain":0.0,"event_name":"Forgotten Altar","player_choice":"Smashed Altar","floor":19.0,"gold_loss":0.0,"damage_taken":0.0,"cards_obtained":["Decay"]},{"cards_removed":["Decay"],"damage_healed":0.0,"max_hp_gain":0.0,"max_hp_loss":0.0,"gold_gain":0.0,"event_name":"Purifier","player_choice":"Purged","floor":20.0,"gold_loss":0.0,"damage_taken":0.0}],"is_beta":false,"boss_relics":[{"not_picked":["Runic Dome","Black Star"],"picked":"Pandora\u0027s Box"}],"items_purged_floors":[4,14],"is_endless":false,"potions_floor_spawned":[3,10,11,16,18],"killed_by":"Book of Stabbing","ascension_level":20}}