{"host":"q9szs7qndgdlcq24","time":1610917501,"event":{"mods":["2.2 Compatiblity","AchievementEnabler","BaseMod","Bestiary","Colored Map","Colored Powertips","Dark Map","DeckTracker","Displayed Cursed Tome","Highlight Path","Minty Spire (QoL Compilation)","Random Character Button","StSLib","Unknown Chances"],"gold_per_floor":[110,35,52,152,167,198,198,226,275,290,290,309,309,337,337,441,441,452,377,377,46,46,46,74,74,74,74,90,106,106,131,131,226,226,240,251,80,97,109,109,139,139,139,67,67,80,98,117,117,117],"floor_reached":51,"language":"ENG","playtime":3590,"items_purged":["Bash","Defend_R","Shrug It Off"],"score":785,"play_id":"3c1ff0ad-5cbb-4a4e-b37a-57084f29a4ea","local_time":"20210118000501","is_ascension_mode":false,"campfire_choices":[{"data":"Uppercut","floor":7,"key":"SMITH"},{"floor":11,"key":"REST"},{"floor":15,"key":"REST"},{"data":"Limit Break","floor":23,"key":"SMITH"},{"data":"Infernal Blade","floor":25,"key":"SMITH"},{"data":"Pummel","floor":32,"key":"SMITH"},{"data":"Heavy Blade","floor":40,"key":"SMITH"},{"floor":49,"key":"REST"}],"circlet_count":0,"master_deck":["Defend_R","Defend_R","Uppercut+1","Shrug It Off","Rage+1","Headbutt","Ghostly Armor","Infernal Blade+1","Limit Break+1","CurseOfTheBell","Inflame+1","Double Tap","Anger","Feed","Sword Boomerang+1","Pummel+1","Armaments+1","Bite","Bite","Bite","Bite","Bite","Heavy Blade+1","Feed","Shrug It Off+1","Flex","Flex+1","Parasite","Infernal Blade+1","Spot Weakness","Blind","Metallicize+1","Pummel+1"],"relics":["Burning Blood","NeowsBlessing","Question Card","Juzu Bracelet","Vajra","HornCleat","Calling Bell","Red Skull","Meat on the Bone","Thread and Needle","Whetstone","Pear","Bronze Scales","Mark of Pain","Potion Belt","Mummified Hand"],"acts_visited":["Exordium","TheCity","TheBeyond"],"potions_floor_usage":[1,24,24,29,38,38,39,46],"damage_taken":[{"damage":0,"enemies":"Jaw Worm","floor":1,"turns":1},{"damage":0,"enemies":"Cultist","floor":3,"turns":1},{"damage":0,"enemies":"Small Slimes","floor":5,"turns":1},{"damage":25,"enemies":"3 Sentries","floor":6,"turns":15},{"damage":49,"enemies":"Gremlin Nob","floor":8,"turns":6},{"damage":0,"enemies":"Red Slaver","floor":10,"turns":3},{"damage":5,"enemies":"Large Slime","floor":12,"turns":7},{"damage":12,"enemies":"Lagavulin","floor":14,"turns":7},{"damage":55,"enemies":"Slime Boss","floor":16,"turns":12},{"damage":3,"enemies":"Chosen","floor":18,"turns":4},{"damage":17,"enemies":"Book of Stabbing","floor":24,"turns":5},{"damage":0,"enemies":"Spheric Guardian","floor":28,"turns":3},{"damage":5,"enemies":"3 Cultists","floor":29,"turns":4},{"damage":42,"enemies":"Slavers","floor":31,"turns":6},{"damage":75,"enemies":"Automaton","floor":33,"turns":10},{"damage":0,"enemies":"Orb Walker","floor":35,"turns":3},{"damage":14,"enemies":"3 Shapes","floor":36,"turns":6},{"damage":28,"enemies":"Maw","floor":38,"turns":9},{"damage":11,"enemies":"Writhing Mass","floor":39,"turns":5},{"damage":9,"enemies":"Nemesis","floor":41,"turns":3},{"damage":8,"enemies":"3 Darklings","floor":46,"turns":5},{"damage":29,"enemies":"4 Shapes","floor":47,"turns":5},{"damage":28,"enemies":"Sphere and 2 Shapes","floor":48,"turns":6},{"damage":69,"enemies":"Donu and Deca","floor":50,"turns":7}],"seed_played":"566953040429531039","potions_obtained":[{"floor":1,"key":"Fruit Juice"},{"floor":8,"key":"Swift Potion"},{"floor":10,"key":"GamblersBrew"},{"floor":12,"key":"Ancient Potion"},{"floor":24,"key":"BloodPotion"},{"floor":33,"key":"Swift Potion"},{"floor":36,"key":"PowerPotion"},{"floor":38,"key":"ColorlessPotion"},{"floor":41,"key":"AttackPotion"}],"is_trial":false,"path_per_floor":["M","$","M","?","M","E","R","E","T","M","R","M","?","E","R","B",null,"M","?","?","$","?","R","E","R","T","?","M","M","?","E","R","B",null,"M","M","$","M","M","R","E","?","T","$","?","M","M","M","R","B",null],"character_chosen":"IRONCLAD","items_purchased":["Whetstone","Double Tap","Flex","Spot Weakness"],"campfire_rested":3,"item_purchase_floors":[21,21,37,44],"current_hp_per_floor":[85,85,85,85,85,66,66,23,23,29,54,55,55,49,74,25,85,85,85,69,69,69,69,58,58,68,68,76,102,102,82,82,45,106,106,105,105,95,98,98,101,101,101,101,101,107,96,88,118,76],"gold":117,"neow_bonus":"THREE_ENEMY_KILL","is_daily":false,"chose_seed":false,"campfire_upgraded":5,"win_rate":0.0,"timestamp":1610917501,"path_taken":["M","$","M","?","?","E","R","E","T","M","R","M","?","E","R","BOSS","M","?","?","$","?","R","E","R","T","?","M","M","?","E","R","BOSS","M","M","$","M","M","R","E","?","T","$","?","M","M","M","R","BOSS"],"items_purchased_type":["Relic","Card","Card","Card"],"build_version":"2020-12-22","purchased_purges":3,"victory":true,"max_hp_per_floor":[85,85,85,85,85,85,85,85,85,85,85,85,85,85,85,85,85,85,85,90,90,90,90,90,90,100,100,100,103,103,106,106,106,106,106,109,109,109,109,109,109,109,109,109,109,109,115,118,118,121],"card_choices":[{"not_picked":["Blood for Blood","Headbutt"],"picked":"Uppercut","floor":1},{"not_picked":["Twin Strike","Searing Blow"],"picked":"Shrug It Off","floor":3},{"not_picked":["Shockwave","Intimidate"],"picked":"Shrug It Off","floor":5},{"not_picked":["Shockwave","Burning Pact"],"picked":"Rage","floor":6},{"not_picked":["Armaments","Dropkick","Burning Pact"],"picked":"Headbutt","floor":8},{"not_picked":["Shrug It Off","Headbutt","Dual Wield"],"picked":"Ghostly Armor","floor":10},{"not_picked":["Perfected Strike","True Grit","Hemokinesis","Combust"],"picked":"SKIP","floor":12},{"not_picked":["Bloodletting","Entrench","Disarm"],"picked":"Infernal Blade","floor":14},{"not_picked":["Bludgeon","Barricade","Double Tap"],"picked":"Limit Break","floor":16},{"not_picked":["Thunderclap","Ghostly Armor","Feel No Pain"],"picked":"Inflame+1","floor":18},{"not_picked":["Rupture","Juggernaut","Rampage"],"picked":"Sword Boomerang+1","floor":24},{"not_picked":["Twin Strike","Blood for Blood","Burning Pact"],"picked":"Pummel","floor":28},{"not_picked":["Pommel Strike","Twin Strike","Feel No Pain+1"],"picked":"Armaments+1","floor":29},{"not_picked":["Body Slam","Sword Boomerang","Cleave+1"],"picked":"Heavy Blade","floor":31},{"not_picked":["Fiend Fire","Offering","Bludgeon"],"picked":"Feed","floor":33},{"not_picked":["Warcry+1","Anger","Rupture","Sword Boomerang+1"],"picked":"SKIP","floor":35},{"not_picked":["Clothesline+1","Twin Strike","Burning Pact+1"],"picked":"Shrug It Off+1","floor":36},{"not_picked":["Clothesline+1","Intimidate","Iron Wave"],"picked":"Flex+1","floor":38},{"not_picked":["Shrug It Off+1","Disarm","Headbutt"],"picked":"Infernal Blade+1","floor":39},{"not_picked":["Flex","Hemokinesis","Sword Boomerang","Body Slam+1"],"picked":"SKIP","floor":41},{"not_picked":["Good Instincts","Dark Shackles","Secret Weapon"],"picked":"Blind","floor":45},{"not_picked":["Warcry","Bloodletting","True Grit","Headbutt+1"],"picked":"SKIP","floor":46},{"not_picked":["Dual Wield","Cleave","Intimidate+1"],"picked":"Metallicize+1","floor":47},{"not_picked":["Spot Weakness","Iron Wave+1","Clothesline"],"picked":"Pummel+1","floor":48}],"player_experience":59761,"relics_obtained":[{"floor":6,"key":"Question Card"},{"floor":8,"key":"Juzu Bracelet"},{"floor":9,"key":"Vajra"},{"floor":14,"key":"HornCleat"},{"floor":17,"key":"Red Skull"},{"floor":17,"key":"Meat on the Bone"},{"floor":17,"key":"Thread and Needle"},{"floor":24,"key":"Blood Vial"},{"floor":26,"key":"Pear"},{"floor":31,"key":"Bronze Scales"},{"floor":41,"key":"Potion Belt"},{"floor":43,"key":"Mummified Hand"}],"event_choices":[{"damage_healed":0,"gold_gain":100,"player_choice":"Pray","damage_taken":0,"max_hp_gain":0,"max_hp_loss":0,"event_name":"Golden Shrine","floor":4,"gold_loss":0},{"damage_healed":0,"gold_gain":0,"player_choice":"Ignored","damage_taken":0,"max_hp_gain":0,"max_hp_loss":0,"event_name":"NoteForYourself","floor":13,"gold_loss":0},{"cards_removed":["Defend_R"],"damage_healed":0,"gold_gain":0,"player_choice":"Gave Gold","damage_taken":0,"max_hp_gain":0,"max_hp_loss":0,"event_name":"Beggar","floor":19,"gold_loss":75},{"damage_healed":0,"gold_gain":0,"player_choice":"Shed Blood","damage_taken":21,"max_hp_gain":5,"max_hp_loss":0,"event_name":"Forgotten Altar","floor":20,"gold_loss":0},{"damage_healed":0,"gold_gain":0,"cards_transformed":["Strike_R","Strike_R"],"player_choice":"Became Test Subject","damage_taken":0,"max_hp_gain":0,"max_hp_loss":0,"event_name":"Drug Dealer","floor":22,"gold_loss":0,"cards_obtained":["Anger","Feed"]},{"cards_removed":["Strike_R"],"damage_healed":0,"gold_gain":0,"player_choice":"Elegance","damage_taken":0,"max_hp_gain":0,"max_hp_loss":0,"event_name":"Back to Basics","floor":27,"gold_loss":0},{"damage_healed":0,"gold_gain":0,"player_choice":"Became a vampire (Vial)","damage_taken":0,"max_hp_gain":0,"max_hp_loss":0,"event_name":"Vampires","floor":30,"relics_lost":["Blood Vial"],"gold_loss":0,"cards_obtained":["Bite","Bite","Bite","Bite","Bite"]},{"damage_healed":0,"gold_gain":0,"player_choice":"Upgraded","damage_taken":0,"max_hp_gain":0,"max_hp_loss":0,"event_name":"Upgrade Shrine","floor":42,"gold_loss":0,"cards_upgraded":["Rage"]},{"damage_healed":0,"gold_gain":0,"player_choice":"Memory 1","damage_taken":0,"max_hp_gain":0,"max_hp_loss":0,"event_name":"SensoryStone","floor":45,"gold_loss":0}],"is_beta":false,"boss_relics":[{"not_picked":["Sozu","Cursed Key"],"picked":"Calling Bell"},{"not_picked":["Fusion Hammer","SacredBark"],"picked":"Mark of Pain"}],"items_purged_floors":[2,21,37],"is_endless":false,"potions_floor_spawned":[1,8,10,12,24,33,36,38,41],"ascension_level":0}}