{"host":"88q0baq93r2cvn7j","time":1610861208,"event":{"mods":["AchievementEnabler","Act Like it!","BaseMod","GungeonMod","Minty Spire (QoL Compilation)","StSLib"],"gold_per_floor":[15,34,44,72,72,98,98,126,126,11,37,37,37,87,87,87,87],"floor_reached":16,"language":"ZHS","playtime":1134,"items_purged":[],"score":172,"play_id":"f1719f63-c851-4c4d-ac93-48d97b2ae0d5","local_time":"20210117132648","is_ascension_mode":true,"campfire_choices":[{"data":"1","floor":13,"key":"LIFT"},{"floor":15,"key":"REST"}],"circlet_count":0,"master_deck":["DemoMod:Strike_Huntress","DemoMod:Strike_Huntress","DemoMod:Strike_Huntress","DemoMod:Defend_Huntress","DemoMod:Defend_Huntress","DemoMod:Defend_Huntress","DemoMod:Defend_Huntress","DemoMod:Roll","DemoMod:ManualReload","DemoMod:RustySidearm","DemoMod:CrossBow","DemoMod:BulletBore","DemoMod:CursedBullets","DemoMod:BoxingGlove","DemoMod:FeignSurrender","DemoMod:DoubleVision","DemoMod:StickyCrossBow","DemoMod:FortunesFavor"],"relics":["DemoMod:Dog","DemoMod:NanoMachines","TungstenRod","DemoMod:MonsterBlood","DemoMod:GnawedKey","Girya"],"acts_visited":["Exordium"],"potions_floor_usage":[6],"damage_taken":[{"damage":7,"enemies":"Jaw Worm","floor":1,"turns":3},{"damage":0,"enemies":"Small Slimes","floor":2,"turns":3},{"damage":5,"enemies":"2 Louse","floor":3,"turns":5},{"damage":12,"enemies":"Blue Slaver","floor":4,"turns":3},{"damage":0,"enemies":"Gremlin Nob","floor":6,"turns":4},{"damage":18,"enemies":"3 Sentries","floor":8,"turns":15},{"damage":15,"enemies":"Gremlin Nob","floor":11,"turns":4},{"damage":49,"enemies":"The Guardian","floor":16,"turns":12}],"seed_played":"5931000892488300937","potions_obtained":[{"floor":3,"key":"DuplicationPotion"}],"is_trial":false,"path_per_floor":["M","M","M","M","?","E","?","E","T","$","E","$","R","?","R","B"],"character_chosen":"HUNTRESS","items_purchased":["DemoMod:GnawedKey"],"campfire_rested":1,"item_purchase_floors":[10],"current_hp_per_floor":[63,63,58,46,46,46,51,33,40,40,25,25,25,25,48,0,0],"gold":87,"neow_bonus":"THREE_RARE_CARDS","is_daily":false,"chose_seed":false,"campfire_upgraded":0,"win_rate":0.0,"timestamp":1610861208,"path_taken":["M","M","M","M","?","E","?","E","T","$","E","$","R","?","R","BOSS"],"items_purchased_type":["Relic"],"build_version":"2020-12-22","purchased_purges":0,"victory":false,"max_hp_per_floor":[70,70,70,70,65,65,70,70,77,77,77,77,77,77,77,77,77],"card_choices":[{"not_picked":["DemoMod:Behold!","DemoMod:Desperate"],"picked":"DemoMod:BulletBore","floor":0},{"not_picked":["DemoMod:HuntsMan","DemoMod:PracticeMakesPerfect","DemoMod:Replace"],"picked":"SKIP","floor":1},{"not_picked":["DemoMod:Unmoved","DemoMod:ConditionalReflex"],"picked":"DemoMod:CursedBullets","floor":2},{"not_picked":["DemoMod:Replace","DemoMod:RadGun"],"picked":"DemoMod:BoxingGlove","floor":3},{"not_picked":["DemoMod:DoubleSwitch","DemoMod:CursedBullets"],"picked":"DemoMod:DirectionalPad","floor":3},{"not_picked":["DemoMod:BoxingGlove","DemoMod:Rummage"],"picked":"DemoMod:FeignSurrender","floor":4},{"not_picked":["DemoMod:ConditionalReflex","DemoMod:PracticeMakesPerfect"],"picked":"DemoMod:DoubleVision","floor":6},{"not_picked":["DemoMod:ConditionalReflex","DemoMod:MachoBrace"],"picked":"DemoMod:StickyCrossBow","floor":8},{"not_picked":["DemoMod:Unmoved","DemoMod:HuntsMan","DemoMod:DoubleSwitch"],"picked":"SKIP","floor":8},{"not_picked":["DemoMod:DoubleSwitch","DemoMod:Ejector"],"picked":"DemoMod:FortunesFavor","floor":11}],"player_experience":338414,"relics_obtained":[{"floor":6,"key":"DemoMod:NanoMachines"},{"floor":8,"key":"TungstenRod"},{"floor":9,"key":"DemoMod:MonsterBlood"},{"floor":11,"key":"Girya"}],"event_choices":[{"damage_healed":0,"gold_gain":0,"player_choice":"Donut","damage_taken":0,"max_hp_gain":5,"max_hp_loss":0,"event_name":"Big Fish","floor":7,"gold_loss":0},{"damage_healed":0,"gold_gain":50,"player_choice":"Gained Gold","damage_taken":0,"max_hp_gain":0,"max_hp_loss":0,"event_name":"Golden Wing","floor":14,"gold_loss":0}],"is_beta":false,"boss_relics":[],"items_purged_floors":[],"is_endless":false,"potions_floor_spawned":[3],"killed_by":"The Guardian","ascension_level":4}}