{"host":"lf8w6lk2ipwfzeol","time":1610850722,"event":{"mods":["ATMod(°¢èªMod)","Act Like it!","BaseMod","Downfall","Hermit","Minty Spire (QoL Compilation)","Quick Restart","Robot Space Explorer","StSLib","The Bladedancer","The Cursed","The Hierophant","The Runesmith","The Servant 0.9.4","Youmu£¨»êÆÇÑýÃÎ£©"],"gold_per_floor":[115,115,139,166,116,147,147,4,4,49,49,34,34,52,52,20,20],"floor_reached":16,"language":"ZHS","playtime":811,"items_purged":["hierophant:Defend_Hierophant"],"score":125,"play_id":"ba66729b-4a4b-4e79-b3d0-8d61b4cd2fb6","local_time":"20210117103202","is_ascension_mode":false,"campfire_choices":[{"data":"hierophant:RustyCrate","floor":15,"key":"SMITH"}],"circlet_count":0,"master_deck":["hierophant:Strike_Hierophant","hierophant:Strike_Hierophant","hierophant:Strike_Hierophant","hierophant:Punish","hierophant:Defend_Hierophant","hierophant:Defend_Hierophant","hierophant:Defend_Hierophant","hierophant:ChurchCoffers","hierophant:SealAway","hierophant:SealAway","hierophant:Charity","hierophant:Doubloon+1","hierophant:MintersHammer","hierophant:Sermon+1","hierophant:RustyCrate+1","hierophant:Doubloon","hierophant:Doubloon","hierophant:Chorus","Regret","hierophant:Upheaval","hierophant:Doubloon","hierophant:Dazzle"],"relics":["hierophant:PropheticMaskRelic","AT_ATBox","NeowsBlessing","Golden Idol","Medical Kit","AT_SilvercatRing","Nunchaku","Lizard Tail","Bronze Scales","Girya","Sundial","AT_GoldPhoenixTree"],"acts_visited":["Exordium"],"potions_floor_usage":[16,16,16],"damage_taken":[{"damage":0,"enemies":"Small Slimes","floor":1,"turns":1},{"damage":0,"enemies":"Jaw Worm","floor":4,"turns":1},{"damage":0,"enemies":"2 Louse","floor":6,"turns":1},{"damage":43,"enemies":"Lagavulin","floor":10,"turns":8},{"damage":29,"enemies":"Looter","floor":12,"turns":3},{"damage":6,"enemies":"3 Louse","floor":14,"turns":2},{"damage":35,"enemies":"Slime Boss","floor":16,"turns":7}],"seed_played":"-656769188871615365","potions_obtained":[{"floor":4,"key":"Regen Potion"},{"floor":6,"key":"Fire Potion"},{"floor":14,"key":"LiquidBronze"}],"is_trial":false,"path_per_floor":["M","?","$","M","?","M","T","$","T","E","?","M","$","M","R","B"],"character_chosen":"HIEROPHANT","items_purchased":["hierophant:SealAway","Medical Kit","AT_SilvercatRing","Nunchaku","hierophant:Charity","hierophant:MintersHammer","Bronze Scales"],"campfire_rested":0,"item_purchase_floors":[3,3,3,3,3,3,8],"current_hp_per_floor":[75,57,57,57,57,57,57,57,57,14,14,25,25,19,19,0,0],"gold":20,"neow_bonus":"THREE_ENEMY_KILL","is_daily":false,"chose_seed":false,"campfire_upgraded":1,"win_rate":0.0,"timestamp":1610850722,"path_taken":["M","?","$","M","?","M","?","$","T","E","?","M","?","M","R","BOSS"],"items_purchased_type":["Card","Relic","Relic","Relic","Card","Card","Relic"],"build_version":"2020-12-22","purchased_purges":1,"victory":false,"max_hp_per_floor":[75,75,75,75,75,75,75,75,75,75,75,75,75,75,75,75,75],"card_choices":[{"not_picked":["hierophant:FieryStrike","hierophant:RustyCrate"],"picked":"hierophant:SealAway","floor":1},{"not_picked":["hierophant:MorningPrayer","hierophant:SolarFlare"],"picked":"hierophant:Sermon","floor":4},{"not_picked":["hierophant:TollTheBells","hierophant:Mercenaries"],"picked":"hierophant:RustyCrate","floor":6},{"not_picked":["hierophant:HolyVerse","hierophant:Doubloon"],"picked":"hierophant:Chorus","floor":10},{"not_picked":["hierophant:Martyrdom","hierophant:Cornucopia"],"picked":"hierophant:Upheaval","floor":12},{"not_picked":["hierophant:Mercenaries","hierophant:Bribe"],"picked":"hierophant:Dazzle","floor":14}],"player_experience":121467,"relics_obtained":[{"floor":7,"key":"Lizard Tail"},{"floor":9,"key":"Girya"},{"floor":10,"key":"Sundial"}],"event_choices":[{"damage_healed":0,"gold_gain":0,"player_choice":"Take Damage","damage_taken":18,"relics_obtained":["Golden Idol"],"max_hp_gain":0,"max_hp_loss":0,"event_name":"Golden Idol","floor":2,"gold_loss":0},{"cards_removed":["hierophant:Strike_Hierophant"],"damage_healed":0,"gold_gain":0,"player_choice":"Card Removal","damage_taken":0,"max_hp_gain":0,"max_hp_loss":0,"event_name":"The Cleric","floor":5,"gold_loss":50},{"damage_healed":0,"gold_gain":0,"player_choice":"Box","damage_taken":0,"relics_obtained":["AT_GoldPhoenixTree"],"max_hp_gain":0,"max_hp_loss":0,"event_name":"Big Fish","floor":11,"gold_loss":0,"cards_obtained":["Regret"]}],"is_beta":false,"boss_relics":[],"items_purged_floors":[3],"is_endless":false,"potions_floor_spawned":[4,6,14],"killed_by":"Slime Boss","ascension_level":0}}