{"host":"Krakhan","time":1610911626,"event":{"mods":["AchievementEnabler","BaseMod","Colored Map","Colored Powertips","Faster Ascension Climbing","Highlight Path","Minty Spire (QoL Compilation)","Rare Cards Sparkle","Relic Stats","StSLib"],"gold_per_floor":[18,31,46,63,73,104,104,133,207,237,257,257,272,307,307,411,411,428,440,33,33,45,76,91,123,123,123,50,85,85,104,104,208,208,228,228,243,243,296,330,361,394,417,433,433,433,446,458,458,458,458,458,97,131,131],"floor_reached":56,"language":"ENG","playtime":5287,"items_purged":["Strike_B","Strike_B+1"],"score":1485,"play_id":"7a541bec-01a3-4042-af60-112c80cc5ee5","local_time":"20210117142706","is_ascension_mode":true,"campfire_choices":[{"data":"Echo Form","floor":7.0,"key":"SMITH"},{"data":"Rainbow","floor":15,"key":"SMITH"},{"data":"Hologram","floor":30,"key":"SMITH"},{"data":"Hologram","floor":32,"key":"SMITH"},{"floor":45,"key":"RECALL"},{"data":"1","floor":49,"key":"LIFT"},{"data":"Multi-Cast","floor":52,"key":"SMITH"}],"circlet_count":0,"master_deck":["Strike_B+1","Strike_B+1","Defend_B+1","Defend_B+1","Defend_B+1","Defend_B+1","Zap","Dualcast","Echo Form+1","BootSequence","Compile Driver+1","Streamline","Ball Lightning","FTL","Doom and Gloom+1","Defragment+1","Rainbow+1","Multi-Cast+1","Loop+1","Genetic Algorithm","Biased Cognition+1","Coolheaded+1","Capacitor+1","Echo Form+1","Hologram+1","Hologram+1","Consume+1","Heatsinks+1","Aggregate+1","Coolheaded+1","Meteor Strike","Fusion+1","Compile Driver+1","Barrage+1","Self Repair+1","Static Discharge+1","Storm+1"],"relics":["Cracked Core","Frozen Egg 2","Dead Branch","Meat on the Bone","CaptainsWheel","Bronze Scales","Nuclear Battery","Runic Capacitor","Omamori","Smiling Mask","Orichalcum","Ornamental Fan","Lantern","Coffee Dripper","WingedGreaves","Pen Nib","Girya","Darkstone Periapt","Bottled Lightning","Whetstone"],"acts_visited":["TheCity","TheBeyond","TheEnding"],"potions_floor_usage":[16,18,39,40,40,40,40,41,48,53,55,55,55],"damage_taken":[{"damage":1.0,"enemies":"Cultist","floor":1.0,"turns":3.0},{"damage":0.0,"enemies":"2 Louse","floor":2.0,"turns":2.0},{"damage":2.0,"enemies":"Small Slimes","floor":3.0,"turns":4.0},{"damage":0.0,"enemies":"2 Fungi Beasts","floor":4.0,"turns":4.0},{"damage":8.0,"enemies":"Exordium Wildlife","floor":5.0,"turns":4.0},{"damage":4.0,"enemies":"3 Sentries","floor":6.0,"turns":6.0},{"damage":0.0,"enemies":"Lagavulin","floor":8.0,"turns":5.0},{"damage":14.0,"enemies":"3 Sentries","floor":10.0,"turns":5.0},{"damage":2.0,"enemies":"Blue Slaver","floor":11.0,"turns":2.0},{"damage":7.0,"enemies":"3 Louse","floor":13.0,"turns":3.0},{"damage":3,"enemies":"Lagavulin","floor":14,"turns":6},{"damage":36,"enemies":"Hexaghost","floor":16,"turns":7},{"damage":20,"enemies":"2 Thieves","floor":18,"turns":3},{"damage":0,"enemies":"Spheric Guardian","floor":19,"turns":3},{"damage":14,"enemies":"Snake Plant","floor":22,"turns":6},{"damage":0,"enemies":"Slavers","floor":23,"turns":4},{"damage":4,"enemies":"Centurion and Healer","floor":24,"turns":13},{"damage":4,"enemies":"Gremlin Leader","floor":25,"turns":6},{"damage":0,"enemies":"Slavers","floor":29,"turns":4},{"damage":0,"enemies":"Shelled Parasite and Fungi","floor":31,"turns":4},{"damage":8,"enemies":"Collector","floor":33,"turns":10},{"damage":0,"enemies":"Orb Walker","floor":35,"turns":4},{"damage":12,"enemies":"3 Darklings","floor":37,"turns":5},{"damage":6,"enemies":"2 Orb Walkers","floor":39,"turns":5},{"damage":3,"enemies":"Reptomancer","floor":40,"turns":6},{"damage":6,"enemies":"Nemesis","floor":41,"turns":6},{"damage":0,"enemies":"Giant Head","floor":42,"turns":6},{"damage":0,"enemies":"Spire Growth","floor":44,"turns":5},{"damage":0,"enemies":"Maw","floor":47,"turns":4},{"damage":0,"enemies":"Transient","floor":48,"turns":5},{"damage":19,"enemies":"Awakened One","floor":50,"turns":10},{"damage":16,"enemies":"Shield and Spear","floor":54,"turns":6},{"damage":49,"enemies":"The Heart","floor":55,"turns":7}],"seed_played":"3272608060390787120","potions_obtained":[{"floor":3.0,"key":"Explosive Potion"},{"floor":6.0,"key":"SteroidPotion"},{"floor":11.0,"key":"GamblersBrew"},{"floor":14,"key":"Energy Potion"},{"floor":19,"key":"Explosive Potion"},{"floor":23,"key":"Weak Potion"},{"floor":31,"key":"EntropicBrew"},{"floor":33,"key":"Swift Potion"},{"floor":39,"key":"Weak Potion"},{"floor":42,"key":"Fruit Juice"},{"floor":44,"key":"Regen Potion"},{"floor":48,"key":"Energy Potion"},{"floor":54,"key":"CultistPotion"}],"is_trial":false,"path_per_floor":["M","M","M","M","M","E","R","E","T","E","M","?","M","E","R","B",null,"M","M","$","?","M","E","M","E","T","?","$","E","R","M","R","B",null,"M","?","M","?","?","E","E","E","T","M","R","?","M","M","R","B",null,"R","$","E","B",null],"character_chosen":"DEFECT","items_purchased":["Capacitor+1","Runic Capacitor","Omamori","Heatsinks+1","Strength Potion","Bottled Lightning"],"campfire_rested":0,"item_purchase_floors":[20,20,20,28,53,53],"current_hp_per_floor":[74,74,72,72,64,60,60,60,60,46,44,44,49,46,46,22,75,55,55,55,55,41,41,49,45,45,45,45,45,45,45,45,49,75,75,75,63,63,57,54,48,48,48,48,48,48,48,68,68,49,71,71,76,60,58],"gold":131,"neow_bonus":"THREE_RARE_CARDS","is_daily":false,"chose_seed":false,"campfire_upgraded":5,"win_rate":0.0,"timestamp":1610911626,"path_taken":["M","?","M","M","?","E","R","E","T","E","M","?","M","E","R","BOSS","M","?","$","?","M","E","?","E","T","?","?","E","R","M","R","BOSS","M","?","M","?","?","E","E","E","T","M","R","?","?","M","R","BOSS","R","$","E","BOSS"],"items_purchased_type":["Card","Relic","Relic","Card","Potion","Relic"],"build_version":"2020-12-18","purchased_purges":2,"victory":true,"max_hp_per_floor":[75,75,75,75,75,75,75,75,75,75,75,75,75,75,75,75,75,75,75,75,75,75,75,75,75,75,75,75,75,75,75,75,75,75,75,75,75,71,71,71,71,71,71,71,71,71,71,71,71,71,71,71,76,76,76],"relic_stats":{"Darkstone Periapt":0,"counters":[33,173],"Ornamental Fan":[92],"Dead Branch":[58],"Bronze Scales":[461],"Pen Nib":[9],"Whetstone":["Doom and Gloom","Compile Driver"],"Orichalcum":[54],"Smiling Mask":50,"obtain_stats":[{"Darkstone Periapt":42,"Girya":41,"Lantern":29,"Dead Branch":8,"Pen Nib":40,"Runic Capacitor":20,"Omamori":20,"Whetstone":54,"Frozen Egg 2":6,"Orichalcum":25,"Smiling Mask":23,"Nuclear Battery":17,"CaptainsWheel":10,"Ornamental Fan":26,"Bronze Scales":14,"WingedGreaves":39,"Coffee Dripper":34,"Bottled Lightning":53,"Cracked Core":0,"Meat on the Bone":9},{"Darkstone Periapt":27,"Girya":26,"Lantern":19,"Dead Branch":7,"Pen Nib":25,"Runic Capacitor":14,"Omamori":14,"Whetstone":32,"Frozen Egg 2":6,"Orichalcum":18,"Smiling Mask":16,"Nuclear Battery":12,"CaptainsWheel":8,"Ornamental Fan":18,"Bronze Scales":11,"WingedGreaves":24,"Coffee Dripper":21,"Bottled Lightning":31,"Cracked Core":0,"Meat on the Bone":7},{"Darkstone Periapt":136,"Girya":130,"Lantern":90,"Dead Branch":28,"Pen Nib":124,"Runic Capacitor":57,"Omamori":57,"Whetstone":166,"Frozen Egg 2":23,"Orichalcum":86,"Smiling Mask":67,"Nuclear Battery":51,"CaptainsWheel":33,"Ornamental Fan":86,"Bronze Scales":44,"WingedGreaves":118,"Coffee Dripper":104,"Bottled Lightning":160,"Cracked Core":0,"Meat on the Bone":28}],"Meat on the Bone":60},"card_choices":[{"not_picked":["Core Surge","Rainbow"],"picked":"Echo Form","floor":0.0},{"not_picked":["Stack","Coolheaded"],"picked":"BootSequence","floor":1.0},{"not_picked":["Tempest","Loop"],"picked":"Compile Driver","floor":2.0},{"not_picked":["Turbo","Go for the Eyes"],"picked":"Streamline","floor":3.0},{"not_picked":["Reinforced Body","Recycle","Heatsinks"],"picked":"SKIP","floor":4.0},{"not_picked":["Compile Driver","Go for the Eyes"],"picked":"Ball Lightning","floor":5.0},{"not_picked":["Compile Driver","Gash"],"picked":"FTL","floor":6.0},{"not_picked":["Steam","Conserve Battery"],"picked":"Doom and Gloom","floor":8.0},{"not_picked":["Darkness","Undo"],"picked":"Defragment+1","floor":10.0},{"not_picked":["Cold Snap","Coolheaded"],"picked":"Rainbow","floor":11.0},{"not_picked":["Leap","Recycle"],"picked":"Loop+1","floor":13.0},{"not_picked":["Melter","Coolheaded"],"picked":"Genetic Algorithm","floor":14},{"not_picked":["Buffer+1","Reboot"],"picked":"Biased Cognition+1","floor":16},{"not_picked":["Leap","Compile Driver"],"picked":"Chill+1","floor":18},{"not_picked":["Genetic Algorithm","Go for the Eyes+1"],"picked":"Coolheaded","floor":19},{"not_picked":["Redo","Streamline"],"picked":"Hologram","floor":22},{"not_picked":["Capacitor+1","Cold Snap"],"picked":"Hologram","floor":23},{"not_picked":["Beam Cell","Double Energy"],"picked":"Consume+1","floor":24},{"not_picked":["Amplify","Blizzard","Hologram"],"picked":"SKIP","floor":25},{"not_picked":["Stack","Chill"],"picked":"Aggregate+1","floor":29},{"not_picked":["Leap+1","Melter"],"picked":"Coolheaded+1","floor":31},{"not_picked":["Amplify","Thunder Strike"],"picked":"Meteor Strike","floor":33},{"not_picked":["Redo","BootSequence"],"picked":"Fusion+1","floor":35},{"not_picked":["Rebound","Beam Cell","Steam"],"picked":"SKIP","floor":37},{"not_picked":["Barrage+1","Reprogram+1"],"picked":"Compile Driver+1","floor":40},{"not_picked":["Go for the Eyes+1","Streamline+1","Turbo"],"picked":"SKIP","floor":41},{"not_picked":["Tempest+1","Thunder Strike","Leap+1"],"picked":"SKIP","floor":42},{"not_picked":["Stack","Capacitor+1"],"picked":"Barrage+1","floor":44},{"not_picked":["Rebound+1","Coolheaded"],"picked":"Self Repair+1","floor":47},{"not_picked":["Beam Cell","Chaos"],"picked":"Static Discharge+1","floor":48},{"not_picked":["Rebound+1","Compile Driver+1"],"picked":"Storm+1","floor":54}],"player_experience":1331022,"relics_obtained":[{"floor":6.0,"key":"Frozen Egg 2"},{"floor":8.0,"key":"Dead Branch"},{"floor":9.0,"key":"Meat on the Bone"},{"floor":10.0,"key":"CaptainsWheel"},{"floor":14,"key":"Bronze Scales"},{"floor":23,"key":"Smiling Mask"},{"floor":25,"key":"Orichalcum"},{"floor":26,"key":"Ornamental Fan"},{"floor":29,"key":"Lantern"},{"floor":39,"key":"WingedGreaves"},{"floor":40,"key":"Pen Nib"},{"floor":41,"key":"Girya"},{"floor":42,"key":"Darkstone Periapt"},{"floor":54,"key":"Whetstone"}],"event_choices":[{"damage_healed":0.0,"max_hp_gain":0.0,"max_hp_loss":0.0,"gold_gain":0.0,"event_name":"Match and Keep!","player_choice":"1 cards matched","floor":12.0,"gold_loss":0.0,"damage_taken":0.0,"cards_obtained":["Multi-Cast"]},{"damage_healed":0,"gold_gain":0,"player_choice":"Copied","damage_taken":0,"max_hp_gain":0,"max_hp_loss":0,"event_name":"Duplicator","floor":21,"gold_loss":0,"cards_obtained":["Echo Form"]},{"damage_healed":0,"gold_gain":0,"player_choice":"Simplicity","damage_taken":0,"max_hp_gain":0,"max_hp_loss":0,"event_name":"Back to Basics","floor":27,"gold_loss":0,"cards_upgraded":["Strike_B","Strike_B","Strike_B","Defend_B","Defend_B","Defend_B","Defend_B"]},{"cards_removed":["Chill"],"damage_healed":0,"gold_gain":0,"player_choice":"Removed Skill","damage_taken":0,"max_hp_gain":0,"max_hp_loss":0,"event_name":"Falling","floor":36,"gold_loss":0},{"damage_healed":0,"gold_gain":0,"player_choice":"Max HP","damage_taken":0,"max_hp_gain":0,"max_hp_loss":4,"event_name":"Winding Halls","floor":38,"gold_loss":0},{"damage_healed":0,"gold_gain":0,"player_choice":"Fight","damage_taken":0,"max_hp_gain":0,"max_hp_loss":0,"event_name":"Mysterious Sphere","floor":39,"gold_loss":0},{"damage_healed":0,"gold_gain":0,"player_choice":"Upgraded","damage_taken":0,"max_hp_gain":0,"max_hp_loss":0,"event_name":"Upgrade Shrine","floor":46,"gold_loss":0,"cards_upgraded":["Coolheaded"]}],"is_beta":true,"boss_relics":[{"not_picked":["Runic Dome","Ectoplasm"],"picked":"Nuclear Battery"},{"not_picked":["Velvet Choker","Pandora\u0027s Box"],"picked":"Coffee Dripper"}],"items_purged_floors":[20,53],"is_endless":false,"potions_floor_spawned":[3,6,11,14,19,23,25,29,31,33,39,42,44,48,54],"ascension_level":1}}