{"host":"mai03x2ekbjy4059","time":1610863551,"event":{"mods":["2.2 Compatiblity","BaseMod","DeckTracker","Keyboard Shortcuts","Minty Spire (QoL Compilation)","Permanent Neow","Quick Restart","SuperFastMode","everything is the same but u backflip on backflip"],"gold_per_floor":[115,65,65,41,60,89,100,134,134,3,38,115,131,82,82,183,183,152,165,90,90,90,116,116,149,176,176,190,190,219,239,239,340,340,352,227,245,295,309,339,339,370,394,426,426,445,465,479,479,479,479,479,5,30,30],"floor_reached":56,"language":"KOR","playtime":1828,"items_purged":["Strike_G"],"score":1545,"play_id":"4ceaad0c-5082-4829-bf54-e73589a5c173","local_time":"20210117150551","is_ascension_mode":true,"campfire_choices":[{"data":"Footwork","floor":15.0,"key":"SMITH"},{"data":"After Image","floor":27.0,"key":"SMITH"},{"data":"Panache","floor":29.0,"key":"SMITH"},{"data":"Blade Dance","floor":32.0,"key":"SMITH"},{"data":"Footwork","floor":41.0,"key":"SMITH"},{"floor":49.0,"key":"RECALL"},{"data":"Cloak And Dagger","floor":52.0,"key":"SMITH"}],"circlet_count":0,"master_deck":["Strike_G","Strike_G","Defend_G","Defend_G","Defend_G","Defend_G","Defend_G","Survivor","Neutralize","Panache+1","Cloak And Dagger+1","Footwork+1","PiercingWail","Cloak And Dagger+1","After Image+1","Blur","Blade Dance+1","Accuracy+1","Footwork+1","Escape Plan+1","Masterful Stab","Envenom","Adrenaline","Blade Dance","Cloak And Dagger+1"],"relics":["Ring of the Snake","Pantograph","The Courier","Letter Opener","PreservedInsect","Singing Bowl","Sozu","Tingsha","Mercury Hourglass","Anchor","MealTicket","Potion Belt","Philosopher\u0027s Stone","Mango","Boot","Orichalcum","InkBottle","Bottled Tornado","Gambling Chip"],"acts_visited":["Exordium","TheCity","TheBeyond","TheEnding"],"potions_floor_usage":[],"damage_taken":[{"damage":0.0,"enemies":"2 Louse","floor":1.0,"turns":3.0},{"damage":2.0,"enemies":"Small Slimes","floor":5.0,"turns":5.0},{"damage":44.0,"enemies":"Gremlin Nob","floor":6.0,"turns":6.0},{"damage":0.0,"enemies":"Jaw Worm","floor":7.0,"turns":6.0},{"damage":3.0,"enemies":"3 Sentries","floor":8.0,"turns":8.0},{"damage":0.0,"enemies":"Lagavulin","floor":11.0,"turns":12.0},{"damage":0.0,"enemies":"Looter","floor":13.0,"turns":4.0},{"damage":1.0,"enemies":"The Guardian","floor":16.0,"turns":14.0},{"damage":0.0,"enemies":"2 Thieves","floor":18.0,"turns":5.0},{"damage":20.0,"enemies":"Chosen","floor":19.0,"turns":9.0},{"damage":0.0,"enemies":"Gremlin Leader","floor":23.0,"turns":7.0},{"damage":0.0,"enemies":"Slavers","floor":25.0,"turns":3.0},{"damage":0.0,"enemies":"Shelled Parasite and Fungi","floor":28.0,"turns":4.0},{"damage":0.0,"enemies":"Gremlin Leader","floor":30.0,"turns":5.0},{"damage":0.0,"enemies":"Snecko","floor":31.0,"turns":8.0},{"damage":27.0,"enemies":"Automaton","floor":33.0,"turns":10.0},{"damage":0.0,"enemies":"3 Darklings","floor":35.0,"turns":4.0},{"damage":0.0,"enemies":"3 Shapes","floor":37.0,"turns":3.0},{"damage":0.0,"enemies":"Mind Bloom Boss Battle","floor":38.0,"turns":7.0},{"damage":0.0,"enemies":"Spire Growth","floor":39.0,"turns":5.0},{"damage":0.0,"enemies":"Reptomancer","floor":40.0,"turns":4.0},{"damage":0.0,"enemies":"Giant Head","floor":42.0,"turns":7.0},{"damage":43.0,"enemies":"Reptomancer","floor":44.0,"turns":5.0},{"damage":0.0,"enemies":"Jaw Worm Horde","floor":46.0,"turns":3.0},{"damage":0.0,"enemies":"Maw","floor":47.0,"turns":7.0},{"damage":0.0,"enemies":"Sphere and 2 Shapes","floor":48.0,"turns":3.0},{"damage":37.0,"enemies":"Time Eater","floor":50.0,"turns":17.0},{"damage":8.0,"enemies":"Shield and Spear","floor":54.0,"turns":3.0},{"damage":121,"enemies":"The Heart","floor":55,"turns":12}],"seed_played":"-2391779948011684925","potions_obtained":[{"floor":7.0,"key":"Explosive Potion"},{"floor":8.0,"key":"GhostInAJar"},{"floor":11.0,"key":"Strength Potion"}],"is_trial":false,"path_per_floor":["M","?","?","$","M","E","M","E","T","$","E","T","M","?","R","B",null,"M","M","?","?","?","E","T","E","T","R","M","R","E","M","R","B",null,"M","$","M","?","M","E","R","E","T","E","?","M","M","M","R","B",null,"R","$","E","B",null],"character_chosen":"THE_SILENT","items_purchased":["Cloak And Dagger","After Image","Footwork","Envenom","Bottled Tornado","Adrenaline","Blade Dance"],"campfire_rested":0,"item_purchase_floors":[4,10,36,53,53,53,53],"current_hp_per_floor":[49,49,54,54,52,8,8,5,5,5,5,5,7,7,7,33,79,81,63,63,63,63,65,65,65,65,65,67,67,69,71,71,66,93,95,95,97,111,113,113,113,115,115,74,74,76,78,80,80,68,123,123,123,115,2],"gold":30,"neow_bonus":"RANDOM_COLORLESS_2","is_daily":false,"chose_seed":false,"campfire_upgraded":6,"win_rate":0.0,"timestamp":1610863551,"path_taken":["M","?","?","?","M","E","M","E","T","$","E","?","M","?","R","BOSS","M","M","?","?","?","E","?","E","T","R","M","R","E","M","R","BOSS","M","$","M","?","M","E","R","E","T","E","?","M","?","M","R","BOSS","R","$","E","BOSS"],"items_purchased_type":["Card","Card","Card","Card","Relic","Card","Card"],"build_version":"2020-12-22","purchased_purges":1,"victory":true,"max_hp_per_floor":[70,70,75,75,75,75,75,75,75,75,75,75,77,77,77,79,79,81,83,83,83,83,85,85,85,85,85,87,87,89,91,91,93,93,95,95,97,111,113,113,113,115,115,117,117,119,121,123,123,123,123,123,123,123,123],"card_choices":[{"not_picked":["Violence","Transmutation"],"picked":"Panache","floor":0.0},{"not_picked":["Dodge and Roll","Prepared","Bane"],"picked":"SKIP","floor":1.0},{"not_picked":["Flying Knee","Dodge and Roll","Dagger Spray"],"picked":"SKIP","floor":5.0},{"not_picked":["Underhanded Strike","Crippling Poison"],"picked":"Footwork","floor":6.0},{"not_picked":["Dagger Spray","Endless Agony"],"picked":"PiercingWail","floor":7.0},{"not_picked":["PiercingWail","Tactician"],"picked":"Cloak And Dagger","floor":8.0},{"not_picked":["Dodge and Roll","Deflect"],"picked":"Blur","floor":11.0},{"not_picked":["Poisoned Stab","Reflex","Sucker Punch"],"picked":"Singing Bowl","floor":13.0},{"not_picked":["Storm of Steel","Tools of the Trade","Malaise"],"picked":"Singing Bowl","floor":16.0},{"not_picked":["Tactician","Infinite Blades","Predator"],"picked":"Singing Bowl","floor":18.0},{"not_picked":["Outmaneuver","Acrobatics+1","Terror"],"picked":"Singing Bowl","floor":19.0},{"not_picked":["Bouncing Flask+1","Slice+1","Acrobatics"],"picked":"Singing Bowl","floor":23.0},{"not_picked":["Cloak And Dagger","Slice+1"],"picked":"Accuracy+1","floor":25.0},{"not_picked":["Distraction+1","Dagger Spray","Outmaneuver"],"picked":"Singing Bowl","floor":28.0},{"not_picked":["Poisoned Stab","Sucker Punch","Cloak And Dagger"],"picked":"Singing Bowl","floor":30.0},{"not_picked":["Outmaneuver","Poisoned Stab+1","Expertise"],"picked":"Singing Bowl","floor":31.0},{"not_picked":["Storm of Steel","Corpse Explosion","Glass Knife"],"picked":"Singing Bowl","floor":33.0},{"not_picked":["Quick Slash","Skewer","Acrobatics+1"],"picked":"Singing Bowl","floor":35.0},{"not_picked":["Deflect+1","Outmaneuver","Poisoned Stab+1"],"picked":"Singing Bowl","floor":37.0},{"not_picked":["Dagger Spray","Bouncing Flask"],"picked":"Escape Plan+1","floor":38.0},{"not_picked":["Deflect","Leg Sweep+1","Bane"],"picked":"Singing Bowl","floor":39.0},{"not_picked":["Predator","Deadly Poison"],"picked":"Masterful Stab","floor":40.0},{"not_picked":["Slice+1","Endless Agony","Die Die Die"],"picked":"Singing Bowl","floor":42.0},{"not_picked":["Slice","Flying Knee+1","Masterful Stab"],"picked":"Singing Bowl","floor":44.0},{"not_picked":["Dagger Throw","Backflip+1","Poisoned Stab"],"picked":"Singing Bowl","floor":46.0},{"not_picked":["Quick Slash+1","Reflex+1","Crippling Poison+1"],"picked":"Singing Bowl","floor":47.0},{"not_picked":["Slice+1","Deflect","Eviscerate"],"picked":"Singing Bowl","floor":48.0},{"not_picked":["Riddle With Holes","Concentrate"],"picked":"Cloak And Dagger+1","floor":54.0}],"player_experience":1071031,"relics_obtained":[{"floor":6.0,"key":"Pantograph"},{"floor":8.0,"key":"The Courier"},{"floor":9.0,"key":"Letter Opener"},{"floor":11.0,"key":"PreservedInsect"},{"floor":12.0,"key":"Singing Bowl"},{"floor":23.0,"key":"Tingsha"},{"floor":24.0,"key":"Mercury Hourglass"},{"floor":25.0,"key":"Anchor"},{"floor":26.0,"key":"MealTicket"},{"floor":30.0,"key":"Potion Belt"},{"floor":38.0,"key":"Mango"},{"floor":40.0,"key":"Boot"},{"floor":42.0,"key":"Orichalcum"},{"floor":44.0,"key":"InkBottle"},{"floor":54.0,"key":"Gambling Chip"}],"event_choices":[{"cards_removed":["Strike_G"],"damage_healed":0.0,"max_hp_gain":0.0,"max_hp_loss":0.0,"gold_gain":0.0,"event_name":"The Cleric","player_choice":"Card Removal","floor":2.0,"gold_loss":50.0,"damage_taken":0.0},{"damage_healed":0.0,"max_hp_gain":5.0,"max_hp_loss":0.0,"gold_gain":0.0,"event_name":"Big Fish","player_choice":"Donut","floor":3.0,"gold_loss":0.0,"damage_taken":0.0},{"damage_healed":0.0,"max_hp_gain":0.0,"max_hp_loss":0.0,"gold_gain":0.0,"event_name":"World of Goop","player_choice":"Left Gold","floor":14.0,"gold_loss":49.0,"damage_taken":0.0},{"cards_removed":["Strike_G"],"damage_healed":0.0,"max_hp_gain":0.0,"max_hp_loss":0.0,"gold_gain":0.0,"event_name":"Beggar","player_choice":"Gave Gold","floor":20.0,"gold_loss":75.0,"damage_taken":0.0},{"damage_healed":0.0,"max_hp_gain":0.0,"max_hp_loss":0.0,"gold_gain":0.0,"event_name":"Cursed Tome","player_choice":"Ignored","floor":21.0,"gold_loss":0.0,"damage_taken":0.0},{"damage_healed":0.0,"max_hp_gain":0.0,"max_hp_loss":0.0,"gold_gain":0.0,"event_name":"The Library","player_choice":"Read","floor":22.0,"gold_loss":0.0,"damage_taken":0.0,"cards_obtained":["Blade Dance"]},{"damage_healed":0.0,"max_hp_gain":0.0,"max_hp_loss":0.0,"gold_gain":0.0,"event_name":"MindBloom","player_choice":"Fight","floor":38.0,"gold_loss":0.0,"damage_taken":0.0},{"damage_healed":0.0,"max_hp_gain":0.0,"max_hp_loss":0.0,"gold_gain":0.0,"event_name":"Upgrade Shrine","player_choice":"Upgraded","floor":45.0,"gold_loss":0.0,"damage_taken":0.0,"cards_upgraded":["Cloak And Dagger"]}],"is_beta":false,"boss_relics":[{"not_picked":["Ectoplasm","Runic Pyramid"],"picked":"Sozu"},{"not_picked":["Busted Crown","Fusion Hammer"],"picked":"Philosopher\u0027s Stone"}],"items_purged_floors":[36],"is_endless":false,"potions_floor_spawned":[7,8,11,19,23,31,35,40,46,47,48,54],"ascension_level":1}}