{"host":"5icjlaq41ghjcr7h","time":1610911263,"event":{"mods":["AchievementEnabler","BaseMod","Colored Map","Minty Spire (QoL Compilation)","SuperFastMode","everything is the same but u backflip on backflip"],"gold_per_floor":[110,33,33,46,46,72,85,113,138,63,63,75,85,101,101,101,101],"floor_reached":16,"language":"KOR","playtime":389,"items_purged":["Defend_P"],"score":144,"play_id":"14e38b51-384a-4ccb-9fdc-0ead886b96ec","local_time":"20210118042103","is_ascension_mode":true,"campfire_choices":[{"floor":11,"key":"RECALL"},{"data":"Crescendo","floor":15,"key":"SMITH"}],"circlet_count":0,"master_deck":["Strike_P","Strike_P","Strike_P","Defend_P","Defend_P","Defend_P","Eruption+1","Vigilance","Tantrum","Crescendo+1","FlurryOfBlows","EmptyFist"],"relics":["PureWater","NeowsBlessing","Boot","Damaru"],"acts_visited":["Exordium"],"potions_floor_usage":[6,8,16],"damage_taken":[{"damage":0,"enemies":"Small Slimes","floor":1,"turns":1},{"damage":0,"enemies":"2 Louse","floor":4,"turns":2},{"damage":0,"enemies":"3 Sentries","floor":6,"turns":1},{"damage":6,"enemies":"Jaw Worm","floor":7,"turns":4},{"damage":19,"enemies":"Lagavulin","floor":8,"turns":3},{"damage":9,"enemies":"Exordium Wildlife","floor":12,"turns":5},{"damage":2,"enemies":"Looter","floor":13,"turns":3},{"damage":0,"enemies":"3 Louse","floor":14,"turns":2},{"damage":29,"enemies":"The Guardian","floor":16,"turns":6}],"seed_played":"2217289729202998175","potions_obtained":[{"floor":4,"key":"Explosive Potion"},{"floor":7,"key":"Block Potion"},{"floor":13,"key":"Ancient Potion"}],"is_trial":false,"path_per_floor":["M","$","?","M","?","E","M","E","T","$","R","M","M","M","R","B"],"character_chosen":"WATCHER","items_purchased":["Tantrum"],"campfire_rested":0,"item_purchase_floors":[2],"current_hp_per_floor":[72,72,65,65,65,65,59,40,40,40,40,31,29,29,29,0,0],"gold":101,"neow_bonus":"THREE_ENEMY_KILL","is_daily":false,"chose_seed":false,"campfire_upgraded":1,"win_rate":0.0,"timestamp":1610911263,"path_taken":["M","$","?","M","?","E","M","E","T","?","R","?","M","M","R","BOSS"],"items_purchased_type":["Card"],"build_version":"2020-12-22","purchased_purges":1,"victory":false,"max_hp_per_floor":[72,72,72,72,72,72,72,72,72,72,72,72,72,72,72,72,72],"card_choices":[{"not_picked":["CrushJoints","ClearTheMind","CutThroughFate"],"picked":"SKIP","floor":1},{"not_picked":["JustLucky","Swivel"],"picked":"Crescendo","floor":4},{"not_picked":["FollowUp","FlyingSleeves"],"picked":"FlurryOfBlows","floor":6},{"not_picked":["BattleHymn","ThirdEye","Crescendo"],"picked":"SKIP","floor":7},{"not_picked":["Weave","Alpha","CutThroughFate"],"picked":"SKIP","floor":8},{"not_picked":["CrushJoints","Collect","Indignation"],"picked":"SKIP","floor":12},{"not_picked":["Evaluate","ClearTheMind","Consecrate"],"picked":"SKIP","floor":13},{"not_picked":["Weave","FollowUp"],"picked":"EmptyFist","floor":14}],"player_experience":147775,"relics_obtained":[{"floor":6,"key":"Boot"},{"floor":8,"key":"Damaru"}],"event_choices":[{"cards_removed":["Strike_P"],"damage_healed":0,"gold_gain":0,"player_choice":"Card Removal","damage_taken":7,"max_hp_gain":0,"max_hp_loss":0,"event_name":"Golden Wing","floor":3,"gold_loss":0},{"damage_healed":0,"gold_gain":0,"player_choice":"Grow","damage_taken":0,"max_hp_gain":0,"max_hp_loss":0,"event_name":"Living Wall","floor":5,"gold_loss":0,"cards_upgraded":["Eruption"]}],"is_beta":false,"boss_relics":[],"items_purged_floors":[10],"is_endless":false,"potions_floor_spawned":[4,7,13],"killed_by":"The Guardian","ascension_level":1}}