{"host":"oztwkdn1ogbv4ny9","time":1610856781,"event":{"mods":["AchievementEnabler","BaseMod","Colored Map","Hermit","Minty Spire (QoL Compilation)","Replay The Spire","StSLib","SuperFastMode","The Construct","The Cursed","The Disciple","The Hierophant","The Necromancer","The Servant 0.9.4"],"gold_per_floor":[113,213,227,227,247,247,281,301,301,301,320,34,34,34,34,34,34],"floor_reached":16,"language":"ENG","playtime":616,"items_purged":[],"score":100,"play_id":"477837e7-4f11-4819-b83f-d9aad1f81f2d","local_time":"20210116231301","is_ascension_mode":false,"campfire_choices":[{"data":"ReturningBlade","floor":6,"key":"SMITH"},{"floor":10,"key":"REST"},{"data":"SilverBlades","floor":13,"key":"SMITH"},{"data":"Starlight","floor":13,"key":"SMITH"},{"data":"ReturningBlade+1","floor":15,"key":"SMITH"},{"data":"ReturningBlade+2","floor":15,"key":"SMITH"}],"circlet_count":0,"master_deck":["Strike_S","Strike_S","Strike_S","Strike_S","Defend_S","Defend_S","Defend_S","Defend_S","KidneyShot","Exchange","ReturningBlade+3","BottledTime","Starlight+1","SilverBlades+1","BottledTime"],"relics":["Uniform","NeowsBlessing","Oddly Smooth Stone","Bottled Tornado","Replay:Arrowhead"],"acts_visited":["Exordium"],"potions_floor_usage":[7,7,11,16],"damage_taken":[{"damage":0,"enemies":"2 Louse","floor":1,"turns":1},{"damage":0,"enemies":"Cultist","floor":3,"turns":1},{"damage":0,"enemies":"Small Slimes","floor":5,"turns":1},{"damage":41,"enemies":"3 Sentries","floor":7,"turns":7},{"damage":8,"enemies":"Looter","floor":8,"turns":4},{"damage":7,"enemies":"Gremlin Gang","floor":11,"turns":3},{"damage":41,"enemies":"Slime Boss","floor":16,"turns":11}],"seed_played":"-7324525590635983353","potions_obtained":[{"floor":3,"key":"AttackPotion"},{"floor":4,"key":"Regen Potion"},{"floor":4,"key":"Toxic Potion"},{"floor":11,"key":"SkillPotion"}],"is_trial":false,"path_per_floor":["M","?","M","?","M","R","E","M","T","R","M","$","R","$","R","B"],"character_chosen":"THE_SERVANT","items_purchased":["Replay:Arrowhead"],"campfire_rested":1,"item_purchase_floors":[12],"current_hp_per_floor":[65,65,65,65,65,65,24,16,16,35,37,37,37,37,37,0,0],"gold":34,"neow_bonus":"THREE_ENEMY_KILL","is_daily":false,"chose_seed":false,"campfire_upgraded":5,"win_rate":0.0,"timestamp":1610856781,"path_taken":["M","?","?","?","?","R","E","M","T","R","M","$","R","?","R","BOSS"],"items_purchased_type":["Relic"],"build_version":"2020-12-22","purchased_purges":0,"victory":false,"max_hp_per_floor":[65,65,65,65,65,65,65,65,65,65,65,65,65,65,65,65,65],"card_choices":[{"not_picked":["Alleviate","Read"],"picked":"ReturningBlade","floor":1},{"not_picked":["FastForward","GearUp"],"picked":"BottledTime","floor":3},{"not_picked":["Sabotage","ShatteredReality"],"picked":"Starlight","floor":5},{"not_picked":["Defy","Read"],"picked":"SilverBlades","floor":7},{"not_picked":["Replace","DoubleEdge","FastForward"],"picked":"SKIP","floor":8},{"not_picked":["KillingDoll","Rewind"],"picked":"BottledTime","floor":11}],"player_experience":219608,"relics_obtained":[{"floor":7,"key":"Oddly Smooth Stone"},{"floor":9,"key":"Bottled Tornado"}],"event_choices":[{"damage_healed":0,"gold_gain":100,"player_choice":"Pray","damage_taken":0,"max_hp_gain":0,"max_hp_loss":0,"event_name":"Golden Shrine","floor":2,"gold_loss":0},{"damage_healed":0,"gold_gain":0,"player_choice":"Got Potions","damage_taken":0,"max_hp_gain":0,"max_hp_loss":0,"event_name":"Lab","floor":4,"gold_loss":0}],"is_beta":false,"boss_relics":[],"items_purged_floors":[],"is_endless":false,"potions_floor_spawned":[3,11],"killed_by":"Slime Boss","ascension_level":0}}