{"host":"xttq6c038pg3qyaq","time":1610879494,"event":{"mods":["BaseMod","Bestiary","Downfall","Hermit","Marisa（霧雨　魔理沙）","Minty Spire (QoL Compilation)","StSLib"],"gold_per_floor":[112,123,298,298,315,350,350,0,0,0,72,133,159,180,180,287,287,309,309,332,197,197,197,231,67,67,84,116,116,133,174,174,278,278,292,292,47,57,57,130,130,159,240,240,35,54,54,72,72,86],"floor_reached":51,"language":"ENG","playtime":3700,"items_purged":["Doubt","Normality"],"score":851,"play_id":"65ca5a53-8ff1-49a7-93a7-edbf97b9c642","local_time":"20210117210134","is_ascension_mode":false,"campfire_choices":[{"floor":7.0,"key":"REST"},{"data":"hermit:Scavenge","floor":10.0,"key":"SMITH"},{"floor":15.0,"key":"REST"},{"data":"hermit:TakeAim","floor":23.0,"key":"SMITH"},{"floor":29.0,"key":"REST"},{"floor":32.0,"key":"REST"},{"floor":41.0,"key":"REST"},{"floor":49.0,"key":"REST"}],"circlet_count":0,"master_deck":["hermit:Strike_Hermit+1","hermit:Strike_Hermit+1","hermit:Strike_Hermit+1","hermit:Strike_Hermit+1","hermit:Defend_Hermit+1","hermit:Defend_Hermit+1","hermit:Defend_Hermit+1","hermit:Defend_Hermit+1","hermit:Snapshot","hermit:Covet","hermit:GhostlyPresence","hermit:TakeAim+1","hermit:Headshot","hermit:CalledShot","hermit:Scavenge+1","hermit:TakeAim+1","hermit:RoundhouseKick","hermit:ItchyTrigger","hermit:Combo","Master of Strategy","Injury","hermit:Combo","hermit:DeadOrAlive","hermit:TrackingShot+1","hermit:Purgatory","hermit:Ricochet+1","hermit:TakeAim","Panache","Trip","hermit:TakeAim","Panache","Parasite","hermit:ItchyTrigger+1"],"relics":["Snecko Eye","Peace Pipe","Kunai","Gremlin Horn","Pocketwatch","Cursed Key","PreservedInsect","Pear","Smiling Mask","Sozu","Shuriken","Bag of Marbles","Mercury Hourglass","DollysMirror"],"acts_visited":["Exordium","TheCity","TheBeyond"],"potions_floor_usage":[50,50],"damage_taken":[{"damage":1.0,"enemies":"Jaw Worm","floor":1.0,"turns":2.0},{"damage":4.0,"enemies":"Small Slimes","floor":2.0,"turns":3.0},{"damage":0.0,"enemies":"2 Louse","floor":5.0,"turns":3.0},{"damage":41.0,"enemies":"Gremlin Nob","floor":6.0,"turns":5.0},{"damage":27.0,"enemies":"3 Sentries","floor":11.0,"turns":9.0},{"damage":7.0,"enemies":"3 Sentries","floor":13.0,"turns":10.0},{"damage":0.0,"enemies":"Blue Slaver","floor":14.0,"turns":4.0},{"damage":3.0,"enemies":"Slime Boss","floor":16.0,"turns":10.0},{"damage":0.0,"enemies":"Chosen","floor":18.0,"turns":5.0},{"damage":7.0,"enemies":"2 Thieves","floor":20.0,"turns":4.0},{"damage":11.0,"enemies":"Book of Stabbing","floor":24.0,"turns":5.0},{"damage":12.0,"enemies":"Centurion and Healer","floor":27.0,"turns":3.0},{"damage":28.0,"enemies":"Slavers","floor":28.0,"turns":4.0},{"damage":25.0,"enemies":"Snecko","floor":30.0,"turns":8.0},{"damage":33.0,"enemies":"Snake Plant","floor":31.0,"turns":5.0},{"damage":0.0,"enemies":"Collector","floor":33.0,"turns":6.0},{"damage":48.0,"enemies":"3 Darklings","floor":35.0,"turns":5.0},{"damage":12.0,"enemies":"Orb Walker","floor":38.0,"turns":3.0},{"damage":0.0,"enemies":"Giant Head","floor":40.0,"turns":3.0},{"damage":12.0,"enemies":"Reptomancer","floor":42.0,"turns":3.0},{"damage":10.0,"enemies":"Writhing Mass","floor":46.0,"turns":4.0},{"damage":15.0,"enemies":"4 Shapes","floor":48.0,"turns":4.0},{"damage":63,"enemies":"Time Eater","floor":50,"turns":15}],"seed_played":"744950990055379083","potions_obtained":[{"floor":2.0,"key":"FearPotion"},{"floor":5.0,"key":"Regen Potion"},{"floor":6.0,"key":"SkillPotion"},{"floor":14.0,"key":"Energy Potion"},{"floor":16.0,"key":"DuplicationPotion"},{"floor":30.0,"key":"GamblersBrew"},{"floor":31.0,"key":"SkillPotion"}],"is_trial":false,"path_per_floor":["M","M","?","?","M","E","R","$","T","R","?","?","E","M","R","B",null,"M","?","M","$","?","R","E","$","T","M","E","R","M","M","R","B",null,"M","?","$","M","?","E","R","E","T","?","$","M","?","M","R","B",null],"character_chosen":"HERMIT","items_purchased":["hermit:Scavenge","Master of Strategy","hermit:Combo","FairyPotion","Master of Strategy","hermit:TakeAim","Panache","DollysMirror"],"campfire_rested":6,"item_purchase_floors":[8,8,21,21,25,37,37,45],"current_hp_per_floor":[74,70,70,70,70,29,51,51,51,51,24,24,17,17,39,36,75,75,75,68,68,68,68,57,57,67,55,27,52,27,25,50,50,85,37,37,37,25,25,25,50,38,38,38,38,28,71,56,71,8],"gold":86,"neow_bonus":"BOSS_RELIC","is_daily":false,"chose_seed":false,"campfire_upgraded":2,"win_rate":0.0,"timestamp":1610879494,"path_taken":["M","M","?","?","M","E","R","?","T","R","?","?","E","M","R","BOSS","M","?","M","$","?","R","E","$","T","M","E","R","M","M","R","BOSS","M","?","$","M","?","E","R","E","T","?","$","M","?","M","R","BOSS"],"items_purchased_type":["Card","Card","Card","Potion","Card","Card","Card","Relic"],"build_version":"2020-12-22","purchased_purges":2,"victory":true,"max_hp_per_floor":[75,75,75,75,75,75,75,75,75,75,75,75,75,75,75,75,75,75,75,75,75,75,75,75,75,85,85,85,85,85,85,85,85,85,85,85,85,85,85,85,85,85,85,81,81,81,71,71,71,71],"card_choices":[{"not_picked":["hermit:LowProfile","hermit:FullyLoaded"],"picked":"hermit:GhostlyPresence","floor":1.0},{"not_picked":["hermit:Spite","hermit:LoneWolf"],"picked":"hermit:TakeAim","floor":2.0},{"not_picked":["hermit:Maintenance","hermit:Desperado"],"picked":"hermit:Headshot","floor":5.0},{"not_picked":["hermit:EternalForm","hermit:Headshot"],"picked":"hermit:CalledShot","floor":6.0},{"not_picked":["hermit:EyeOfTheStorm","hermit:Manifest"],"picked":"hermit:TakeAim","floor":11.0},{"not_picked":["hermit:HighCaliber","hermit:Roulette","hermit:CalledShot"],"picked":"SKIP","floor":13.0},{"not_picked":["hermit:CalledShot","hermit:SprayPray","hermit:ShadowCloak"],"picked":"SKIP","floor":14.0},{"not_picked":["hermit:EternalForm","hermit:Reprieve"],"picked":"hermit:RoundhouseKick","floor":16.0},{"not_picked":["hermit:HoleUp+1","hermit:Desperado"],"picked":"hermit:ItchyTrigger","floor":18.0},{"not_picked":["hermit:Quickdraw","hermit:Grudge","hermit:Cheat"],"picked":"SKIP","floor":20.0},{"not_picked":["hermit:HoleUp","hermit:Misfire","hermit:Showdown"],"picked":"SKIP","floor":24.0},{"not_picked":["hermit:Dive","hermit:Quickdraw+1"],"picked":"hermit:Combo","floor":27.0},{"not_picked":["hermit:EyeOfTheStorm","hermit:Glare"],"picked":"hermit:DeadOrAlive","floor":28.0},{"not_picked":["hermit:HoleUp","hermit:Desperado+1","hermit:CursedWeapon"],"picked":"SKIP","floor":30.0},{"not_picked":["hermit:Desperado+1","hermit:Misfire"],"picked":"hermit:TrackingShot+1","floor":31.0},{"not_picked":["hermit:Reprieve","hermit:HighNoon"],"picked":"hermit:Purgatory","floor":33.0},{"not_picked":["hermit:LoneWolf","hermit:Feint+1"],"picked":"hermit:Ricochet+1","floor":35.0},{"not_picked":["hermit:Manifest+1","hermit:Brawl","hermit:Glare+1"],"picked":"SKIP","floor":38.0},{"not_picked":["Mind Blast","Metamorphosis"],"picked":"Trip","floor":39.0},{"not_picked":["hermit:Glare+1","hermit:CalledShot+1"],"picked":"hermit:TakeAim","floor":40.0},{"not_picked":["hermit:Ricochet","hermit:BodyArmor+1","hermit:CursedWeapon"],"picked":"SKIP","floor":42.0},{"not_picked":["hermit:LoneWolf","hermit:Malice+1"],"picked":"hermit:ItchyTrigger+1","floor":46.0},{"not_picked":["hermit:SprayPray+1","hermit:FullyLoaded","hermit:Desperado+1"],"picked":"SKIP","floor":48.0}],"player_experience":588688,"relics_obtained":[{"floor":6.0,"key":"Peace Pipe"},{"floor":9.0,"key":"Kunai"},{"floor":11.0,"key":"Gremlin Horn"},{"floor":13.0,"key":"Pocketwatch"},{"floor":24.0,"key":"PreservedInsect"},{"floor":26.0,"key":"Pear"},{"floor":28.0,"key":"Smiling Mask"},{"floor":40.0,"key":"Shuriken"},{"floor":42.0,"key":"Bag of Marbles"},{"floor":43.0,"key":"Mercury Hourglass"}],"event_choices":[{"damage_healed":0.0,"max_hp_gain":0.0,"max_hp_loss":0.0,"gold_gain":175.0,"event_name":"Liars Game","player_choice":"AGREE","floor":3.0,"gold_loss":0.0,"damage_taken":0.0,"cards_obtained":["Doubt"]},{"damage_healed":0.0,"max_hp_gain":0.0,"max_hp_loss":0.0,"gold_gain":0.0,"event_name":"Living Wall","player_choice":"Grow","floor":4.0,"gold_loss":0.0,"damage_taken":0.0,"cards_upgraded":["hermit:TakeAim"]},{"damage_healed":0.0,"max_hp_gain":0.0,"max_hp_loss":0.0,"gold_gain":0.0,"event_name":"Dead Adventurer","player_choice":"Searched \u00271\u0027 times","floor":11.0,"gold_loss":0.0,"damage_taken":0.0},{"damage_healed":0.0,"max_hp_gain":0.0,"max_hp_loss":0.0,"gold_gain":61.0,"event_name":"Golden Wing","player_choice":"Gained Gold","floor":12.0,"gold_loss":0.0,"damage_taken":0.0},{"damage_healed":0.0,"max_hp_gain":0.0,"max_hp_loss":0.0,"gold_gain":0.0,"event_name":"Back to Basics","player_choice":"Simplicity","floor":19.0,"gold_loss":0.0,"damage_taken":0.0,"cards_upgraded":["hermit:Strike_Hermit","hermit:Strike_Hermit","hermit:Strike_Hermit","hermit:Strike_Hermit","hermit:Defend_Hermit","hermit:Defend_Hermit","hermit:Defend_Hermit","hermit:Defend_Hermit"]},{"damage_healed":0.0,"max_hp_gain":0.0,"max_hp_loss":0.0,"gold_gain":0.0,"event_name":"Vampires","player_choice":"Ignored","floor":22.0,"gold_loss":0.0,"damage_taken":0.0},{"cards_removed":["Master of Strategy"],"damage_healed":0.0,"max_hp_gain":0.0,"max_hp_loss":0.0,"gold_gain":0.0,"event_name":"Falling","player_choice":"Removed Skill","floor":36.0,"gold_loss":0.0,"damage_taken":0.0},{"damage_healed":0.0,"max_hp_gain":0.0,"max_hp_loss":0.0,"gold_gain":0.0,"event_name":"SensoryStone","player_choice":"Memory 1","floor":39.0,"gold_loss":0.0,"damage_taken":0.0},{"damage_healed":0.0,"max_hp_gain":0.0,"max_hp_loss":4.0,"gold_gain":0.0,"event_name":"Winding Halls","player_choice":"Max HP","floor":44.0,"gold_loss":0.0,"damage_taken":0.0},{"damage_healed":71.0,"max_hp_gain":0.0,"max_hp_loss":10.0,"gold_gain":0.0,"event_name":"The Moai Head","player_choice":"Heal","floor":47.0,"gold_loss":0.0,"damage_taken":0.0}],"is_beta":false,"boss_relics":[{"not_picked":["Coffee Dripper","Calling Bell"],"picked":"Cursed Key"},{"not_picked":["Velvet Choker","Empty Cage"],"picked":"Sozu"}],"items_purged_floors":[8,45],"is_endless":false,"potions_floor_spawned":[2,5,6,14,16,27,30,31,38,42],"ascension_level":0}}