{"host":"51mqhfpmwwd4kxyt","time":1610897656,"event":{"mods":["BaseMod","Downfall","Highlight Path","Minty Spire (QoL Compilation)","READ ME - Guardian Mod","StSLib","The Cursed","The Servant 0.9.4"],"gold_per_floor":[115,132,132,150,168,168,183,183,183,202,215,59,59,76,76,173,173,193,205,216,216,216],"floor_reached":21,"language":"ENG","playtime":797,"items_purged":[],"score":239,"play_id":"a08c6bff-be44-474a-935c-b6ee2a3a5894","local_time":"20210117103416","is_ascension_mode":true,"campfire_choices":[{"floor":6,"key":"REST"},{"floor":15,"key":"REST"}],"circlet_count":0,"master_deck":["Strike_G+1","Defend_G","Defend_G","Defend_G","Defend_G","Defend_G","Survivor","Neutralize","Finisher+1","Concentrate","Masterful Stab","Infinite Blades","Acrobatics","Blade Dance","Tools of the Trade","Accuracy","Accuracy","Flash of Steel","Adrenaline","Reflex","Footwork"],"relics":["Ring of the Snake","NeowsBlessing","Whetstone","Bottled Flame","Empty Cage"],"acts_visited":["Exordium","TheCity"],"potions_floor_usage":[5,14,16,21],"damage_taken":[{"damage":0,"enemies":"Cultist","floor":1,"turns":1},{"damage":0,"enemies":"2 Louse","floor":2,"turns":2},{"damage":0,"enemies":"Jaw Worm","floor":4,"turns":1},{"damage":30,"enemies":"Gremlin Gang","floor":5,"turns":6},{"damage":6,"enemies":"Blue Slaver","floor":7,"turns":4},{"damage":4,"enemies":"Looter","floor":10,"turns":3},{"damage":0,"enemies":"Large Slime","floor":11,"turns":3},{"damage":4,"enemies":"Blue Slaver","floor":14,"turns":2},{"damage":32,"enemies":"Hexaghost","floor":16,"turns":7},{"damage":11,"enemies":"Shell Parasite","floor":18,"turns":3},{"damage":6,"enemies":"Spheric Guardian","floor":19,"turns":3},{"damage":28,"enemies":"Cultist and Chosen","floor":20,"turns":6},{"damage":24,"enemies":"Sentry and Sphere","floor":21,"turns":3}],"seed_played":"168920604357145362","potions_obtained":[{"floor":1,"key":"SteroidPotion"},{"floor":5,"key":"champ:CounterPotion"},{"floor":10,"key":"FearPotion"},{"floor":11,"key":"SkillPotion"},{"floor":14,"key":"ColorlessPotion"}],"is_trial":false,"path_per_floor":["M","M","?","M","M","R","M","T","T","M","M","$","?","M","R","B",null,"M","M","M","M"],"character_chosen":"THE_SILENT","items_purchased":["Accuracy","Flash of Steel"],"campfire_rested":2,"item_purchase_floors":[12,12],"current_hp_per_floor":[63,63,63,63,33,54,48,48,48,44,44,44,44,40,61,29,60,49,43,15,0,0],"gold":216,"neow_bonus":"THREE_ENEMY_KILL","is_daily":false,"chose_seed":false,"campfire_upgraded":0,"win_rate":0.0,"timestamp":1610897656,"path_taken":["M","?","?","M","?","R","M","?","T","M","M","$","?","M","R","BOSS","M","?","?","M"],"items_purchased_type":["Card","Card"],"build_version":"2020-12-22","purchased_purges":0,"victory":false,"max_hp_per_floor":[70,70,70,70,70,70,70,70,70,70,70,70,70,70,70,70,70,70,70,70,70,70],"card_choices":[{"not_picked":["Masterful Stab","Poisoned Stab"],"picked":"Finisher","floor":1},{"not_picked":["Backflip","Crippling Poison"],"picked":"Concentrate","floor":2},{"not_picked":["Flying Knee","Acrobatics"],"picked":"Infinite Blades","floor":4},{"not_picked":["Sucker Punch","Dagger Throw"],"picked":"Acrobatics","floor":5},{"not_picked":["Prepared","Cloak And Dagger"],"picked":"Blade Dance","floor":7},{"not_picked":["Dagger Throw","Flying Knee"],"picked":"Tools of the Trade","floor":10},{"not_picked":["Deflect","Bouncing Flask"],"picked":"Accuracy","floor":11},{"not_picked":["Eviscerate","Dagger Throw","Backstab"],"picked":"SKIP","floor":14},{"not_picked":["Doppelganger","Die Die Die"],"picked":"Adrenaline","floor":16},{"not_picked":["Dagger Throw","Deadly Poison+1","Skewer"],"picked":"SKIP","floor":18},{"not_picked":["Underhanded Strike+1","Quick Slash"],"picked":"Reflex","floor":19},{"not_picked":["Skewer+1","PiercingWail"],"picked":"Footwork","floor":20}],"player_experience":401984,"relics_obtained":[{"floor":8,"key":"Whetstone"},{"floor":9,"key":"Bottled Flame"}],"event_choices":[{"damage_healed":0,"gold_gain":0,"cards_transformed":["Strike_G"],"player_choice":"Transformed","damage_taken":0,"max_hp_gain":0,"max_hp_loss":0,"event_name":"Transmorgrifier","floor":3,"gold_loss":0,"cards_obtained":["Masterful Stab"]},{"cards_removed":["Strike_G"],"damage_healed":0,"gold_gain":0,"player_choice":"Purged","damage_taken":0,"max_hp_gain":0,"max_hp_loss":0,"event_name":"Purifier","floor":13,"gold_loss":0}],"is_beta":false,"boss_relics":[{"not_picked":["Tiny House","Coffee Dripper"],"picked":"Empty Cage"}],"items_purged_floors":[],"is_endless":false,"potions_floor_spawned":[1,5,10,11,14],"killed_by":"Sentry and Sphere","ascension_level":7}}