{"host":"lb27wy21808d043q","time":1610888474,"event":{"mods":["AchievementEnabler","BaseMod","BetterRewards","Clockwork Mod","Colored Map","Conspire","Curses Come First","Halation","Highlight Path","Hubris","Infinite Spire","Marisa????????","Minty Spire (QoL Compilation)","Replay The Spire","StSLib","The Bug Knight","The Servant 0.9.4","Yuri Mod"],"gold_per_floor":[117,129,129,143,143,143,177,189,201,213,239,270,282,282],"floor_reached":13,"language":"ENG","playtime":803,"items_purged":[],"score":85,"play_id":"645fed48-c64c-4c65-ac5a-52c5b3a644d1","local_time":"20210117140114","is_ascension_mode":false,"campfire_choices":[{"data":"Toxin Wave","floor":6,"key":"SMITH"},{"data":"Survivor","floor":10,"key":"SMITH"}],"circlet_count":0,"master_deck":["Strike_G","Strike_G","Strike_G","Strike_G","Strike_G","Defend_G","Defend_G","Defend_G","Defend_G","Defend_G","Survivor+1","Neutralize","Toxin Wave+1","Endless Agony","Pain","Escape Plan","Acrobatics","Dagger Spray","Burst"],"relics":["m_SnakeCloak","NeowsBlessing","WarpedTongs","infinitespire:Cubic Diamond","MawBank","conspire:Dentures"],"acts_visited":["Exordium"],"potions_floor_usage":[7,13,13,13],"damage_taken":[{"damage":0,"enemies":"2 Louse","floor":1,"turns":1},{"damage":0,"enemies":"Cultist","floor":2,"turns":1},{"damage":2,"enemies":"conspire:RoseBush","floor":4,"turns":1},{"damage":25,"enemies":"HollowMod:MossKnight","floor":7,"turns":11},{"damage":8,"enemies":"Blue Slaver","floor":11,"turns":3},{"damage":10,"enemies":"Looter","floor":12,"turns":3},{"damage":33,"enemies":"Gremlin Nob","floor":13,"turns":3}],"seed_played":"4613903108847957337","potions_obtained":[{"floor":2,"key":"FearPotion"},{"floor":8,"key":"infinitespire:BlackPotion"},{"floor":8,"key":"DuplicationPotion"},{"floor":8,"key":"Reflective Coating"}],"is_trial":false,"path_per_floor":["M","M","?","M","?","R","E","?","T","R","M","M","E"],"character_chosen":"THE_SILENT","items_purchased":[],"campfire_rested":0,"item_purchase_floors":[],"current_hp_per_floor":[70,70,70,68,68,68,43,43,43,43,35,25,0,0],"gold":282,"neow_bonus":"THREE_ENEMY_KILL","is_daily":false,"chose_seed":false,"campfire_upgraded":2,"win_rate":0.0,"timestamp":1610888474,"path_taken":["M","M","?","?","?","R","E","?","T","R","M","M","E"],"items_purchased_type":[],"build_version":"2020-12-22","purchased_purges":0,"victory":false,"max_hp_per_floor":[70,70,70,70,70,70,70,70,70,70,70,70,70,70],"card_choices":[{"not_picked":["Prepared","Predator"],"picked":"Toxin Wave","floor":1},{"not_picked":["Underhanded Strike","ReplayTheSpireMod:Speed Training"],"picked":"Endless Agony","floor":2},{"not_picked":["Flying Knee","Sucker Punch"],"picked":"Escape Plan","floor":4},{"not_picked":["Dash","Deadly Poison"],"picked":"Acrobatics","floor":7},{"not_picked":["Underhanded Strike","Acrobatics"],"picked":"Dagger Spray","floor":11},{"not_picked":["Quick Slash","Bane"],"picked":"Burst","floor":12}],"player_experience":9106,"relics_obtained":[{"floor":7,"key":"MawBank"},{"floor":9,"key":"conspire:Dentures"}],"event_choices":[{"damage_healed":0,"gold_gain":0,"player_choice":"Rummage","damage_taken":0,"relics_obtained":["WarpedTongs"],"max_hp_gain":0,"max_hp_loss":0,"event_name":"Accursed Blacksmith","floor":3,"gold_loss":0,"cards_obtained":["Pain"]},{"damage_healed":0,"gold_gain":0,"player_choice":"Got Potions","damage_taken":0,"max_hp_gain":0,"max_hp_loss":0,"event_name":"Lab","floor":8,"gold_loss":0}],"is_beta":false,"boss_relics":[],"items_purged_floors":[],"is_endless":false,"potions_floor_spawned":[2,11],"killed_by":"Gremlin Nob","ascension_level":0}}