{"host":"h9c2ptiayi21rmia","time":1610912802,"event":{"mods":["AchievementEnabler","Aspiration","BaseMod","Better Altar","Better Match","Better Note","Better Sensory Stone","Better Skull","Better Third Choice","Better Vampires","Block Reminder","ChefMod","Dio Mod","Evolution","Hermit","Hubris","JesterMod","Jorbs\u0027s Wanderer Trilogy","Kratos Character Expansion","Minty Spire (QoL Compilation)","Permanent Neow","Relic Stats","Replay The Spire","Shade Mod","Small Relic Pack","StS++","StSLib","The Dragon Tamer","The Marked","TheSwordswoman"],"gold_per_floor":[116,136,86,86,104,104,138,149,149,149,74,89,89,35,35,136,136,154,154,2,16,31,31,61,81,105,124,124,154,170,196,196,299,299,309,759,801,851,851,851,879,879,902,928,944,944,944],"floor_reached":46,"language":"ENG","playtime":5222,"items_purged":[],"score":566,"play_id":"ffdba8de-ca0d-4bbd-8df8-06e4a4a32a2b","local_time":"20210117144642","is_ascension_mode":false,"campfire_choices":[{"data":"dioMod:GoodbyeJojo","floor":6,"key":"SMITH"},{"data":"dioMod:SecretPlan","floor":10,"key":"SMITH"},{"data":"dioMod:RoadRoller","floor":13,"key":"SMITH"},{"data":"dioMod:ZaWarudo","floor":23,"key":"SMITH"},{"floor":32,"key":"REST"},{"data":"dioMod:Pluck","floor":40,"key":"SMITH"}],"circlet_count":0,"master_deck":["dioMod:Strike","dioMod:Strike","dioMod:Strike","dioMod:Strike","Bite","dioMod:Defend","dioMod:Defend","dioMod:Defend","dioMod:Defend","dioMod:DaggerSpree","dioMod:GoodbyeJojo+1","dioMod:DominatingPresence","dioMod:ComposedMuda","dioMod:SecretPlan+1","dioMod:DarkRebirth","dioMod:BloodSplash","dioMod:Hiss","dioMod:VengefulMuda","Injury","dioMod:ZaWarudo+1","dioMod:TripleThreat+1","dioMod:MudaMudaMuda","dioMod:DoubleTime","dioMod:HeavyLifting","dioMod:DaggerSpree+1","dioMod:LaserVision+1","dioMod:DisarmingVoice+1","dioMod:LaserVision+1","dioMod:DaggerToss+1","dioMod:ComboFever+1","dioMod:Pluck+1","dioMod:CautiousMuda+1","dioMod:WRYYY","dioMod:PathToHeaven","dioMod:FlyAway+1","dioMod:DaggerToss+1","dioMod:SlashThroughTime+1","dioMod:ComboFever","dioMod:Roundabout","Midas Touch","ReplayTheSpireMod:Splinters","dioMod:DoubleTime+1","dioMod:FlyAway+1","dioMod:TheWalk","dioMod:CautiousMuda+1"],"relics":["dioMod:VampireBlood","EVO:Axolotl","aspiration:DSix","betterThird:SlimedRelic","KratosMod:amulet","StSpp:Monolith","Molten Egg 2","SlaversCollar","Blood Vial","Dream Catcher","Red Mask","ReplayTheSpireMod:Lightbulb","Philosopher\u0027s Stone","hubris:NiceRug","hubris:ToyBattleship","Boot","ReplayTheSpireMod:CursedCoin","Gremlin Horn","Iron Hammer","Bag of Preparation","Replay:Accelerometer"],"acts_visited":["Exordium","TheCity","TheBeyond"],"potions_floor_usage":[7,8,12,18,21,22,29,33,38,38,41],"damage_taken":[{"damage":0,"enemies":"Small Slimes","floor":1,"turns":3},{"damage":1,"enemies":"Jaw Worm","floor":2,"turns":3},{"damage":6,"enemies":"Cultist","floor":5,"turns":3},{"damage":8,"enemies":"Gremlin Nob","floor":7,"turns":3},{"damage":1,"enemies":"2 Fungi Beasts","floor":8,"turns":2},{"damage":11,"enemies":"Exordium Thugs","floor":12,"turns":4},{"damage":31,"enemies":"Slime Boss","floor":16,"turns":7},{"damage":25,"enemies":"2 Thieves","floor":18,"turns":5},{"damage":9,"enemies":"3 Byrds","floor":21,"turns":7},{"damage":16,"enemies":"Snake Plant","floor":22,"turns":2},{"damage":26,"enemies":"Gremlin Leader","floor":24,"turns":4},{"damage":49,"enemies":"3 Cultists","floor":25,"turns":7},{"damage":23,"enemies":"Snecko","floor":27,"turns":6},{"damage":0,"enemies":"Masked Bandits","floor":29,"turns":2},{"damage":14,"enemies":"Chosen and Byrds","floor":30,"turns":6},{"damage":14,"enemies":"Book of Stabbing","floor":31,"turns":5},{"damage":59,"enemies":"Automaton","floor":33,"turns":9},{"damage":36,"enemies":"3 Shapes","floor":35,"turns":4},{"damage":31,"enemies":"hubris:Merchant","floor":36,"turns":8},{"damage":9,"enemies":"Mind Bloom Boss Battle","floor":38,"turns":4},{"damage":19,"enemies":"Nemesis","floor":41,"turns":3},{"damage":0,"enemies":"Nemesis","floor":42,"turns":2},{"damage":70,"enemies":"Giant Head","floor":44,"turns":11},{"damage":0,"enemies":"Orb Walker","floor":45,"turns":4},{"damage":0,"enemies":"3 Darklings","floor":46,"turns":1}],"seed_played":"-8598234070846335508","potions_obtained":[{"floor":1,"key":"Fire Potion"},{"floor":2,"key":"LiquidBronze"},{"floor":5,"key":"Reflective Coating"},{"floor":8,"key":"Adrenaline Potion"},{"floor":18,"key":"DuplicationPotion"},{"floor":21,"key":"Fire Potion"},{"floor":27,"key":"dioMod:HumanBlood"},{"floor":31,"key":"Death Potion"},{"floor":36,"key":"Adrenaline Potion"},{"floor":36,"key":"GamblersBrew"},{"floor":36,"key":"FearPotion"},{"floor":37,"key":"Reflective Coating"},{"floor":37,"key":"StSpp:SecondWindPotion"},{"floor":38,"key":"FearPotion"},{"floor":44,"key":"GamblersBrew"},{"floor":45,"key":"Fire Potion"}],"is_trial":false,"path_per_floor":["M","M","?","T","M","R","E","M","T","R","?","M","R","$","R","B",null,"M","?","$","M","M","R","E","M","T","M","?","?","M","E","R","B",null,"M","$","?","?","?","R","E","?","T","E","M","M"],"character_chosen":"THE_DEFAULT","items_purchased":["dioMod:VengefulMuda","dioMod:MudaMudaMuda","dioMod:DoubleTime","dioMod:HeavyLifting"],"campfire_rested":1,"item_purchase_floors":[14,20,20,20],"current_hp_per_floor":[75,75,64,64,65,65,62,72,72,72,72,69,69,69,69,49,75,61,85,85,85,73,73,55,24,24,14,14,33,33,26,52,14,85,61,48,48,46,46,46,34,41,41,13,20,23,23],"gold":944,"neow_bonus":"DSIX","is_daily":false,"chose_seed":false,"campfire_upgraded":5,"win_rate":0.0,"timestamp":1610912802,"path_taken":["M","M","?","?","?","R","E","M","T","R","?","M","R","$","R","BOSS","M","?","$","?","M","R","E","M","T","M","?","?","M","E","R","BOSS","M","$","?","?","?","R","E","?","T","E","?","M"],"items_purchased_type":["Card","Card","Card","Card"],"build_version":"2020-12-22","purchased_purges":0,"victory":false,"max_hp_per_floor":[75,75,75,75,75,75,75,75,75,75,75,75,75,75,75,75,75,75,85,85,85,85,85,85,85,85,85,85,85,85,85,85,85,85,85,85,85,85,85,85,85,85,85,85,85,85,85],"relic_stats":{"Blood Vial":39,"Dream Catcher":1,"Gremlin Horn":[0,0],"counters":[25,115],"Bag of Preparation":[6],"Boot":[4],"obtain_stats":[{"Replay:Accelerometer":44,"Gremlin Horn":38,"ReplayTheSpireMod:CursedCoin":36,"Bag of Preparation":43,"EVO:Axolotl":0,"Boot":36,"Blood Vial":24,"SlaversCollar":17,"Dream Catcher":26,"KratosMod:amulet":7,"dioMod:VampireBlood":0,"betterThird:SlimedRelic":3,"Molten Egg 2":15,"Philosopher\u0027s Stone":34,"Iron Hammer":41,"Red Mask":29,"hubris:ToyBattleship":36,"aspiration:DSix":0,"ReplayTheSpireMod:Lightbulb":31,"StSpp:Monolith":9,"hubris:NiceRug":36},{"Replay:Accelerometer":23,"Gremlin Horn":20,"ReplayTheSpireMod:CursedCoin":19,"Bag of Preparation":22,"EVO:Axolotl":0,"Boot":19,"Blood Vial":11,"SlaversCollar":7,"Dream Catcher":12,"KratosMod:amulet":4,"dioMod:VampireBlood":0,"betterThird:SlimedRelic":2,"Molten Egg 2":6,"Philosopher\u0027s Stone":17,"Iron Hammer":21,"Red Mask":14,"hubris:ToyBattleship":19,"aspiration:DSix":0,"ReplayTheSpireMod:Lightbulb":16,"StSpp:Monolith":5,"hubris:NiceRug":19},{"Replay:Accelerometer":110,"Gremlin Horn":94,"ReplayTheSpireMod:CursedCoin":90,"Bag of Preparation":99,"EVO:Axolotl":0,"Boot":90,"Blood Vial":43,"SlaversCollar":25,"Dream Catcher":50,"KratosMod:amulet":12,"dioMod:VampireBlood":0,"betterThird:SlimedRelic":6,"Molten Egg 2":18,"Philosopher\u0027s Stone":78,"Iron Hammer":97,"Red Mask":58,"hubris:ToyBattleship":90,"aspiration:DSix":0,"ReplayTheSpireMod:Lightbulb":69,"StSpp:Monolith":14,"hubris:NiceRug":90}]},"card_choices":[{"not_picked":["dioMod:DaggerToss","dioMod:Hiss"],"picked":"dioMod:DaggerSpree","floor":1},{"not_picked":["dioMod:WRYYY","dioMod:TripleThreat"],"picked":"dioMod:GoodbyeJojo","floor":2},{"not_picked":["dioMod:Roundabout","dioMod:Donut"],"picked":"dioMod:DominatingPresence","floor":5},{"not_picked":["dioMod:SadisticLaugh","dioMod:Despair"],"picked":"dioMod:ComposedMuda","floor":7},{"not_picked":["dioMod:ComboFever","dioMod:DaggerSpree"],"picked":"dioMod:SecretPlan","floor":8},{"not_picked":["dioMod:PhantomBlood","dioMod:Refresh"],"picked":"dioMod:RoadRoller","floor":11},{"not_picked":["dioMod:DisarmingVoice","dioMod:BloodSuck"],"picked":"dioMod:DarkRebirth","floor":11},{"not_picked":["dioMod:FlyAway","dioMod:HeavyLifting"],"picked":"dioMod:BloodSplash","floor":11},{"not_picked":["dioMod:DominatingPresence","dioMod:DaggerToss"],"picked":"dioMod:Hiss","floor":12},{"not_picked":["dioMod:TheWalk","dioMod:SevenPageMuda+1"],"picked":"dioMod:ZaWarudo","floor":16},{"not_picked":["dioMod:SecretPlan+1","dioMod:VengefulMuda+1"],"picked":"dioMod:TripleThreat+1","floor":18},{"not_picked":["dioMod:SecretPlan","dioMod:VengefulMuda+1"],"picked":"dioMod:DaggerSpree+1","floor":21},{"not_picked":["dioMod:SecretPlan","dioMod:BloodShield"],"picked":"dioMod:LaserVision+1","floor":22},{"not_picked":["dioMod:BloodSplash+1","dioMod:DominatingPresence+1"],"picked":"dioMod:DisarmingVoice+1","floor":24},{"not_picked":["dioMod:BloodTransfusion","dioMod:DisarmingVoice+1"],"picked":"dioMod:LaserVision+1","floor":25},{"not_picked":["dioMod:Diversion+1","dioMod:BloodSplash"],"picked":"dioMod:DaggerToss+1","floor":27},{"not_picked":["dioMod:WRYYY","dioMod:CoffinBath"],"picked":"dioMod:ComboFever+1","floor":29},{"not_picked":["dioMod:TripleThreat+1","dioMod:CautiousMuda+1"],"picked":"dioMod:Pluck","floor":30},{"not_picked":["dioMod:SecretPlan","dioMod:DisarmingVoice+1"],"picked":"dioMod:CautiousMuda+1","floor":31},{"not_picked":["dioMod:SecretPlan+1","dioMod:CoffinBath+1"],"picked":"dioMod:WRYYY","floor":32},{"not_picked":["dioMod:UltimateSacrifice","dioMod:SevenPageMuda+1"],"picked":"dioMod:PathToHeaven","floor":33},{"not_picked":["dioMod:WRYYY","dioMod:BloodTransfusion+1"],"picked":"dioMod:FlyAway+1","floor":35},{"not_picked":[],"picked":"dioMod:DaggerToss+1","floor":36},{"not_picked":[],"picked":"dioMod:SlashThroughTime+1","floor":36},{"not_picked":[],"picked":"dioMod:ComboFever","floor":36},{"not_picked":[],"picked":"dioMod:Roundabout","floor":36},{"not_picked":[],"picked":"Flash of Steel+1","floor":36},{"not_picked":[],"picked":"Midas Touch","floor":36},{"not_picked":["dioMod:DarkRebirth"],"picked":"SKIP","floor":36},{"not_picked":["dioMod:DaggerSpree+1","dioMod:ComposedMuda+1"],"picked":"dioMod:DoubleTime+1","floor":37},{"not_picked":["dioMod:SecretPlan+1","dioMod:BloodShield"],"picked":"dioMod:FlyAway+1","floor":38},{"not_picked":["dioMod:HeavyLifting","dioMod:SecretPlan+1"],"picked":"dioMod:TheWalk","floor":41},{"not_picked":["dioMod:ComboFever","dioMod:DominatingPresence","dioMod:CoffinBath+1"],"picked":"SKIP","floor":44},{"not_picked":["dioMod:Refresh","dioMod:Roundabout"],"picked":"dioMod:CautiousMuda+1","floor":45}],"player_experience":200719,"relics_obtained":[{"floor":7,"key":"KratosMod:amulet"},{"floor":9,"key":"StSpp:Monolith"},{"floor":24,"key":"Blood Vial"},{"floor":26,"key":"Dream Catcher"},{"floor":29,"key":"Red Mask"},{"floor":31,"key":"ReplayTheSpireMod:Lightbulb"},{"floor":36,"key":"hubris:ToyBattleship"},{"floor":36,"key":"Boot"},{"floor":36,"key":"ReplayTheSpireMod:CursedCoin"},{"floor":38,"key":"Gremlin Horn"},{"floor":41,"key":"Iron Hammer"},{"floor":43,"key":"Bag of Preparation"},{"floor":44,"key":"Replay:Accelerometer"}],"event_choices":[{"damage_healed":0,"gold_gain":0,"player_choice":"Slimed","damage_taken":11,"max_hp_gain":0,"max_hp_loss":0,"event_name":"betterThird:BetterGoop","floor":3,"gold_loss":50},{"damage_healed":0,"gold_gain":0,"player_choice":"1","damage_taken":0,"max_hp_gain":0,"max_hp_loss":0,"event_name":"betterMatch:BetterMatch","floor":11,"gold_loss":0,"cards_obtained":["betterMatch:RareCard","betterMatch:UncommonCard","betterMatch:CommonCard"]},{"cards_removed":["dioMod:RoadRoller"],"damage_healed":14,"gold_gain":0,"player_choice":"Offered Rare","damage_taken":0,"max_hp_gain":10,"max_hp_loss":0,"event_name":"Bonfire Elementals","floor":19,"gold_loss":0},{"cards_removed":["dioMod:ZaWarudo"],"damage_healed":0,"gold_gain":0,"player_choice":"Give","damage_taken":0,"max_hp_gain":0,"max_hp_loss":0,"event_name":"betterNote:BetterNote","floor":28,"gold_loss":0,"cards_obtained":["None"]},{"damage_healed":0,"gold_gain":0,"player_choice":"Fought Bandits","damage_taken":0,"max_hp_gain":0,"max_hp_loss":0,"event_name":"Masked Bandits","floor":29,"gold_loss":0},{"damage_healed":0,"gold_gain":0,"player_choice":"Fight","damage_taken":0,"max_hp_gain":0,"max_hp_loss":0,"event_name":"MindBloom","floor":38,"gold_loss":0},{"cards_removed":["Flash of Steel"],"damage_healed":0,"gold_gain":0,"player_choice":"Removed Attack","damage_taken":0,"max_hp_gain":0,"max_hp_loss":0,"event_name":"Falling","floor":39,"gold_loss":0}],"is_beta":false,"boss_relics":[{"not_picked":["Replay:Wanted Poster","ReplayTheSpireMod:DimensionalGlitch"],"picked":"SlaversCollar"},{"not_picked":["aspiration:SecretTechniqueScroll","StSpp:PileOfSugar"],"picked":"Philosopher\u0027s Stone"}],"items_purged_floors":[],"is_endless":false,"potions_floor_spawned":[1,2,5,8,18,21,27,31,38,44,45],"killed_by":"3 Darklings","ascension_level":0}}