{"host":"KYO","time":1610849882,"event":{"mods":["ATMod(°¢èªMod)","BaseMod","Minty Spire (QoL Compilation)","Shop Mod","StSLib","SuperFastMode","[IsaacMod]ÒÔÈö¼âËþ","¡¾ÒÅÎï¿¨ÅÆ¡¿REMEMod"],"gold_per_floor":[391,466,503,548,575,575,640,640,666,726,726,766,827,873,873,977,977,994,1034,95,137,185,248,294,328,383,383,426,61,80,112,112,186,186,229,229,215,232,232,289,289,289,337,349,408,479,158,204,204,234,264,264,264,130,170,150],"floor_reached":57,"language":"ZHS","playtime":2870,"items_purged":["Strike_R","Defend_R","Defend_R","Defend_R"],"score":3059,"play_id":"9d79259e-8f7e-4be1-82aa-c5bab5afa5d5","local_time":"20210117101802","is_ascension_mode":true,"campfire_choices":[{"data":"Wish","floor":6.0,"key":"SMITH"},{"data":"Battle Trance","floor":8.0,"key":"SMITH"},{"data":"AT_DiedThrough","floor":11.0,"key":"SMITH"},{"floor":15.0,"key":"REST"},{"data":"REME_ACTH","floor":32.0,"key":"SMITH"},{"floor":41.0,"key":"RECALL"},{"data":"Apotheosis","floor":44.0,"key":"SMITH"},{"data":"Madness","floor":49.0,"key":"SMITH"},{"data":"Madness","floor":53.0,"key":"SMITH"}],"circlet_count":0,"master_deck":["AscendersBane","Strike_R","Strike_R","Strike_R+1","Defend_R","Bash+1","AT_ShrugMaster","Wish+1","Offering","Battle Trance+1","Rampage","AT_DiedThrough+1","Feel No Pain","AT_CaressingTears","Limit Break","True Grit","REME_BattleFury","REME_ACTH+1","Burning Pact","Juggernaut","Madness+1","Madness+1","AT_LightSaberMaster","Apotheosis+1","Demon Form+1"],"relics":["Burning Blood","HushsDoor","AT_ATBox","REME_ComplimentaryCards","Leech","AT_GreenNoBalance","AT_RedTearstoneRing","AT_ArcaneBoots","MerchantsRug","HandDrill","TheBible","BookofShadows","Bottled Tornado","AT_TrinityForce","Frozen Egg 2","Du-Vu Doll","Membership Card","Gremlin Horn","Bird Faced Urn","REME_OnlineShoppingPlatform","AnarchistCookbook"],"acts_visited":["Exordium","TheCity","TheBeyond","TheEnding"],"potions_floor_usage":[55,56],"damage_taken":[{"damage":15.0,"enemies":"Small Slimes","floor":1.0,"turns":4.0},{"damage":16.0,"enemies":"Jaw Worm","floor":3.0,"turns":4.0},{"damage":7.0,"enemies":"Cultist","floor":4.0,"turns":3.0},{"damage":20.0,"enemies":"3 Sentries","floor":7.0,"turns":10.0},{"damage":39.0,"enemies":"Gremlin Nob","floor":10.0,"turns":4.0},{"damage":7.0,"enemies":"2 Fungi Beasts","floor":12.0,"turns":4.0},{"damage":12.0,"enemies":"Lagavulin","floor":13.0,"turns":6.0},{"damage":26.0,"enemies":"Lots of Slimes","floor":14.0,"turns":6.0},{"damage":30.0,"enemies":"The Guardian","floor":16.0,"turns":11.0},{"damage":22.0,"enemies":"Shell Parasite","floor":18.0,"turns":2.0},{"damage":22.0,"enemies":"2 Thieves","floor":19.0,"turns":4.0},{"damage":13.0,"enemies":"3 Cultists","floor":21.0,"turns":6.0},{"damage":25.0,"enemies":"Snecko","floor":22.0,"turns":5.0},{"damage":35.0,"enemies":"Slavers","floor":23.0,"turns":5.0},{"damage":6.0,"enemies":"Cultist and Chosen","floor":24.0,"turns":5.0},{"damage":24.0,"enemies":"Gremlin Leader","floor":25.0,"turns":4.0},{"damage":22.0,"enemies":"Snake Plant","floor":28.0,"turns":3.0},{"damage":3.0,"enemies":"Snecko","floor":30.0,"turns":5.0},{"damage":0.0,"enemies":"Book of Stabbing","floor":31.0,"turns":3.0},{"damage":6.0,"enemies":"Automaton","floor":33.0,"turns":6.0},{"damage":6.0,"enemies":"3 Shapes","floor":35.0,"turns":3.0},{"damage":3.0,"enemies":"Orb Walker","floor":38.0,"turns":2.0},{"damage":39.0,"enemies":"Reptomancer","floor":40.0,"turns":4.0},{"damage":0.0,"enemies":"Transient","floor":45.0,"turns":6.0},{"damage":0.0,"enemies":"Nemesis","floor":46.0,"turns":5.0},{"damage":31.0,"enemies":"Jaw Worm Horde","floor":48.0,"turns":3.0},{"damage":60.0,"enemies":"Time Eater","floor":50.0,"turns":7.0},{"damage":26.0,"enemies":"Awakened One","floor":51.0,"turns":4.0},{"damage":44,"enemies":"Shield and Spear","floor":55,"turns":3},{"damage":32,"enemies":"The Heart","floor":56,"turns":6}],"seed_played":"-3316523080366413633","potions_obtained":[{"floor":3.0,"key":"HeartOfIron"},{"floor":4.0,"key":"BloodPotion"},{"floor":10.0,"key":"Block Potion"},{"floor":16.0,"key":"FairyPotion"}],"is_trial":false,"path_per_floor":["M","?","M","M","T","R","E","R","T","E","R","M","E","M","R","B",null,"M","M","$","M","M","E","M","E","T","?","M","$","M","E","R","B",null,"M","?","$","M","?","E","R","?","T","R","M","E","$","M","R","B","B",null,"R","$","E","B",null],"character_chosen":"IRONCLAD","items_purchased":["AT_SpeedBoots","MerchantsRug","HandDrill","Whetstone","REME_BattleFury","BookofShadows","AT_LightSaberMaster","Membership Card","Gremlin Horn","Bird Faced Urn","REME_OnlineShoppingPlatform"],"campfire_rested":1,"item_purchase_floors":[20,20,20,20,20,29,37,47,47,54,54],"current_hp_per_floor":[62,51,44,45,45,45,37,37,37,17,17,36,33,22,42,20,56,19,24,24,34,21,20,41,30,30,30,24,24,46,57,57,65,73,75,61,61,67,67,42,42,42,42,42,54,75,75,51,51,31,21,62,62,62,40,43],"gold":150,"neow_bonus":"TWO_FIFTY_GOLD","is_daily":false,"chose_seed":false,"campfire_upgraded":7,"win_rate":0.0,"timestamp":1610849882,"path_taken":["M","?","M","M","?","R","E","R","T","E","R","?","E","M","R","BOSS","M","M","$","M","M","E","?","E","T","?","M","$","?","E","R","BOSS","M","?","?","?","?","E","R","?","T","R","?","E","$","M","R","BOSS","BOSS","R","$","E","BOSS"],"items_purchased_type":["Relic","Relic","Relic","Relic","Card","Relic","Card","Relic","Relic","Relic","Relic"],"build_version":"2020-12-18","purchased_purges":4,"victory":true,"max_hp_per_floor":[68,68,68,68,68,68,68,68,68,68,68,68,68,68,68,68,68,68,68,68,68,68,68,68,75,75,75,75,75,75,75,75,75,75,75,75,75,75,75,75,75,75,75,75,75,75,75,75,75,75,75,75,75,75,75,75],"card_choices":[{"not_picked":["Clothesline","AT_GerminateFire","Flex"],"picked":"SKIP","floor":1.0},{"not_picked":["Rupture","Anger"],"picked":"Offering","floor":3.0},{"not_picked":["Carnage","Headbutt"],"picked":"Battle Trance","floor":4.0},{"not_picked":["Cleave","Entrench"],"picked":"Rampage","floor":7.0},{"not_picked":["Pommel Strike","Ghostly Armor"],"picked":"AT_DiedThrough","floor":10.0},{"not_picked":["Heavy Blade","True Grit"],"picked":"Feel No Pain","floor":12.0},{"not_picked":["Perfected Strike","Havoc"],"picked":"AT_CaressingTears","floor":13.0},{"not_picked":["Dual Wield","Spot Weakness"],"picked":"Bomb","floor":14.0},{"not_picked":["Offering","Barricade"],"picked":"Limit Break","floor":16.0},{"not_picked":["Flame Barrier","Pommel Strike"],"picked":"True Grit","floor":18.0},{"not_picked":["Flex","Clothesline","Cleave"],"picked":"SKIP","floor":19.0},{"not_picked":["Rupture","Seeing Red","Armaments"],"picked":"SKIP","floor":21.0},{"not_picked":["Dropkick","Infernal Blade","Body Slam"],"picked":"SKIP","floor":22.0},{"not_picked":["Whirlwind","Rage","Headbutt"],"picked":"SKIP","floor":23.0},{"not_picked":["Pommel Strike","Flame Barrier","Thunderclap"],"picked":"SKIP","floor":24.0},{"not_picked":["REME_SingleHolding","Sword Boomerang"],"picked":"REME_ACTH","floor":25.0},{"not_picked":["Warcry+1","AT_ManFootWork+1","Cleave"],"picked":"SKIP","floor":28.0},{"not_picked":["Infernal Blade","Ghostly Armor","AT_DiedThrough"],"picked":"SKIP","floor":30.0},{"not_picked":["Infernal Blade","Reaper"],"picked":"Burning Pact","floor":31.0},{"not_picked":["Double Tap","Reaper"],"picked":"Juggernaut","floor":33.0},{"not_picked":["Twin Strike","Sword Boomerang+1","Headbutt"],"picked":"SKIP","floor":35.0},{"not_picked":["Body Slam","Iron Wave","AT_IchimonjiDouble+1"],"picked":"SKIP","floor":38.0},{"not_picked":["Perfected Strike+1","Heavy Blade","Dropkick"],"picked":"SKIP","floor":40.0},{"not_picked":["REME_PuzzleBox","Master of Strategy"],"picked":"Apotheosis","floor":42.0},{"not_picked":["AT_IchimonjiDouble+1","Armaments","AT_BodySlamDance"],"picked":"SKIP","floor":45.0},{"not_picked":["Shrug It Off","Flame Barrier+1","Bloodletting+1"],"picked":"SKIP","floor":46.0},{"not_picked":["Combust+1","Bloodletting","Battle Trance"],"picked":"SKIP","floor":48.0},{"not_picked":["AT_DrawKnifeCut","Headbutt"],"picked":"Demon Form+1","floor":55}],"player_experience":604791,"relics_obtained":[{"floor":7.0,"key":"AT_SilverBalance"},{"floor":9.0,"key":"AT_RedTearstoneRing"},{"floor":10.0,"key":"Potion Belt"},{"floor":13.0,"key":"Bottled Flame"},{"floor":23.0,"key":"TheBible"},{"floor":25.0,"key":"Strawberry"},{"floor":26.0,"key":"Ancient Tea Set"},{"floor":31.0,"key":"Bottled Tornado"},{"floor":40.0,"key":"Frozen Egg 2"},{"floor":43.0,"key":"MawBank"},{"floor":46.0,"key":"Du-Vu Doll"},{"floor":55,"key":"AnarchistCookbook"}],"event_choices":[{"damage_healed":0.0,"max_hp_gain":0.0,"max_hp_loss":0.0,"gold_gain":75.0,"event_name":"World of Goop","player_choice":"Gather Gold","floor":2.0,"gold_loss":0.0,"damage_taken":11.0},{"damage_healed":0.0,"max_hp_gain":0.0,"max_hp_loss":0.0,"gold_gain":0.0,"event_name":"The Mausoleum","player_choice":"Ignored","floor":27.0,"gold_loss":0.0,"damage_taken":0.0},{"damage_healed":0.0,"max_hp_gain":0.0,"max_hp_loss":0.0,"gold_gain":0.0,"event_name":"Winding Halls","player_choice":"Embrace Madness","floor":36.0,"gold_loss":0.0,"damage_taken":14.0,"cards_obtained":["Madness","Madness"]},{"cards_removed":["Strike_R"],"damage_healed":0.0,"max_hp_gain":0.0,"max_hp_loss":0.0,"gold_gain":0.0,"event_name":"Falling","player_choice":"Removed Attack","floor":39.0,"gold_loss":0.0,"damage_taken":0.0},{"damage_healed":0.0,"max_hp_gain":0.0,"max_hp_loss":0.0,"gold_gain":0.0,"event_name":"SensoryStone","player_choice":"Memory 1","floor":42.0,"gold_loss":0.0,"damage_taken":0.0}],"is_beta":true,"boss_relics":[{"not_picked":["Busted Crown","Tiny House"],"picked":"Sozu"},{"not_picked":[]},{"not_picked":["Mark of Pain","Runic Cube"],"picked":"AT_TrinityForce"},{"not_picked":[]}],"items_purged_floors":[20,29,47,54],"is_endless":false,"potions_floor_spawned":[3,4,7,10,16,18,21,22,23,30,31,38,46,48],"ascension_level":20}}