{"host":"y3h3n3f7seyagppx","time":1610917422,"event":{"mods":["AlwaysNeverKeys","BaseMod","Better Vampires","Colored Powertips","DeckTracker","Emptier Cage","Minty Spire (QoL Compilation)","Permanent Neow","Quick Restart","Rare Cards Sparkle","Relic Sorter","Relic Stats","StSLib","Transform Curses"],"gold_per_floor":[215,490,503,102,120,149,149,149,149],"floor_reached":8,"language":"ENG","playtime":866,"items_purged":["Regret"],"score":112,"play_id":"7c483ee7-6671-4d07-be12-71c396945562","local_time":"20210117160342","is_ascension_mode":true,"campfire_choices":[{"data":"Backstab","floor":7,"key":"SMITH"}],"circlet_count":0,"master_deck":["AscendersBane","Strike_G","Strike_G","Strike_G","Strike_G","Strike_G","Defend_G","Defend_G","Defend_G","Defend_G","Defend_G","Survivor","Neutralize","Masterful Stab","Poisoned Stab","Blade Dance","Backstab+1"],"relics":["Ring of the Snake","Pantograph","Blood Vial"],"acts_visited":["Exordium"],"potions_floor_usage":[6],"damage_taken":[{"damage":5,"enemies":"Jaw Worm","floor":1,"turns":5},{"damage":3,"enemies":"Cultist","floor":3,"turns":4},{"damage":0,"enemies":"2 Louse","floor":5,"turns":2},{"damage":23,"enemies":"3 Sentries","floor":6,"turns":10},{"damage":37,"enemies":"Lagavulin","floor":8,"turns":6}],"seed_played":"-6808526638913484241","potions_obtained":[],"is_trial":false,"path_per_floor":["M","?","M","$","M","E","R","E"],"character_chosen":"THE_SILENT","items_purchased":["Pantograph","SkillPotion"],"campfire_rested":0,"item_purchase_floors":[4,4],"current_hp_per_floor":[54,54,51,51,51,28,28,0,0],"gold":149,"neow_bonus":"HUNDRED_GOLD","is_daily":false,"chose_seed":false,"campfire_upgraded":1,"win_rate":0.0,"timestamp":1610917422,"path_taken":["M","?","M","$","M","E","R","E"],"items_purchased_type":["Relic","Potion"],"build_version":"2020-12-22","purchased_purges":1,"victory":false,"max_hp_per_floor":[66,66,66,66,66,66,66,66,66],"relic_stats":{"Blood Vial":2,"counters":[5,27],"Pantograph":0,"obtain_stats":[{"Blood Vial":6,"Pantograph":4,"Ring of the Snake":0},{"Blood Vial":4,"Pantograph":2,"Ring of the Snake":0},{"Blood Vial":21,"Pantograph":9,"Ring of the Snake":0}],"Ring of the Snake":[10]},"card_choices":[{"not_picked":["Underhanded Strike","Deflect"],"picked":"Masterful Stab","floor":1},{"not_picked":["Escape Plan","Acrobatics"],"picked":"Poisoned Stab","floor":3},{"not_picked":["Prepared","Slice"],"picked":"Blade Dance","floor":5},{"not_picked":["Deflect","Caltrops"],"picked":"Backstab","floor":6}],"player_experience":21175588,"relics_obtained":[{"floor":6,"key":"Blood Vial"}],"event_choices":[{"damage_healed":0,"gold_gain":275,"player_choice":"Desecrate","damage_taken":0,"max_hp_gain":0,"max_hp_loss":0,"event_name":"Golden Shrine","floor":2,"gold_loss":0,"cards_obtained":["Regret"]}],"is_beta":false,"boss_relics":[],"items_purged_floors":[4],"is_endless":false,"potions_floor_spawned":[],"killed_by":"Lagavulin","ascension_level":20}}