{"host":"gzsdmyo07u314vug","time":1610844784,"event":{"mods":["2.2 Compatiblity","Bard","BaseMod","Colored Powertips","GifTheSpireLib","Hermit","Minty Spire (QoL Compilation)","Quick Restart","Rare Cards Sparkle","Relic Stats","Replay The Spire","Robot Space Explorer","Shop Mod","StSLib","The Bug Knight","The Construct","The Elementalist","The Hierophant","The IronCluck","The Marked","The Runesmith","The Servant 0.9.4","Unceasing Turn Reminder","everything is the same but u backflip on backflip","slay the spire mod where everything is the same but ironclad has a cowboy hat","vexMod"],"gold_per_floor":[116,185,185,37,97,170,14,49,49,88,88,88,20,40,40,129,129,180,26,26,68,68,68],"floor_reached":22,"language":"ENG","playtime":1685,"items_purged":[],"score":232,"play_id":"ba612732-903f-4d7f-823b-6887f1a68313","local_time":"20210116215304","is_ascension_mode":false,"campfire_choices":[],"circlet_count":0,"master_deck":["hierophant:Strike_Hierophant","hierophant:Strike_Hierophant","hierophant:Strike_Hierophant","hierophant:Strike_Hierophant","hierophant:Punish","hierophant:Defend_Hierophant","hierophant:Defend_Hierophant","hierophant:Defend_Hierophant","hierophant:Defend_Hierophant","hierophant:ChurchCoffers","hierophant:RustyCrate","hierophant:Doubloon","hierophant:Doubloon","hierophant:FieryStrike","hierophant:Refuge+1","hierophant:Doubloon","hierophant:CoinFling","hierophant:Doubloon","hierophant:Doubloon","hierophant:Refuge","hierophant:AuricBeam","hierophant:Upheaval","hierophant:Rebuild","hierophant:Encroach","hierophant:Mercenaries","hierophant:Community+1","hierophant:Doubloon","hierophant:Generosity","hierophant:HammerAndAnvil"],"relics":["hierophant:PropheticMaskRelic","NeowsBlessing","Sundial","Replay:Bottled Snecko","Matryoshka","Sozu"],"acts_visited":["Exordium","TheCity"],"potions_floor_usage":[],"damage_taken":[],"seed_played":"-4274546772391245417","potions_obtained":[],"is_trial":false,"path_per_floor":[],"character_chosen":"HIEROPHANT","items_purchased":[],"campfire_rested":0,"item_purchase_floors":[],"current_hp_per_floor":[],"gold":68,"neow_bonus":"THREE_ENEMY_KILL","is_daily":false,"chose_seed":false,"campfire_upgraded":2,"win_rate":0.0,"timestamp":1610844784,"path_taken":[],"items_purchased_type":["Card","Card","Card","Card","Card"],"build_version":"2020-12-22","purchased_purges":0,"victory":false,"max_hp_per_floor":[],"relic_stats":{"Sozu":1,"counters":[11,57],"Sundial":[6],"obtain_stats":[{"Sozu":17,"Matryoshka":9,"NeowsBlessing":0,"Sundial":2,"hierophant:PropheticMaskRelic":0,"Replay:Bottled Snecko":6},{"Sozu":7,"Matryoshka":4,"NeowsBlessing":0,"Sundial":1,"hierophant:PropheticMaskRelic":0,"Replay:Bottled Snecko":3},{"Sozu":32,"Matryoshka":8,"NeowsBlessing":0,"Sundial":1,"hierophant:PropheticMaskRelic":0,"Replay:Bottled Snecko":3}]},"card_choices":[],"player_experience":684175,"relics_obtained":[],"event_choices":[],"is_beta":false,"boss_relics":[],"items_purged_floors":[],"is_endless":false,"potions_floor_spawned":[],"killed_by":"3 Cultists","ascension_level":0}}