{"host":"3h5qf14xt40jhha0","time":1610857617,"event":{"mods":["AlwaysNeverKeys","BaseMod","Colored Powertips","Minty Spire (QoL Compilation)","Permanent Neow","Relic Stats","StSLib"],"gold_per_floor":[118,118,190,190,33,71,71,71,94,117,117,161,180,205,205,298,298,321,342,366,366,366],"floor_reached":21,"language":"ENG","playtime":878,"items_purged":["Strike_G"],"score":378,"play_id":"9f0ab36c-91f3-4552-a321-557e2663ff83","local_time":"20210116232657","is_ascension_mode":true,"campfire_choices":[{"data":"Poisoned Stab","floor":7,"key":"SMITH"},{"data":"Neutralize","floor":11,"key":"SMITH"},{"data":"Bane","floor":15,"key":"SMITH"}],"circlet_count":0,"master_deck":["AscendersBane","Survivor","Neutralize+1","Choke","Bane+1","Poisoned Stab+1","Flying Knee","Footwork","Reflex","Predator","Quick Slash","Bullet Time","Underhanded Strike","Underhanded Strike","Underhanded Strike","Burst","Sucker Punch","All Out Attack","Deflect","Flechettes","Acrobatics"],"relics":["Busted Crown","Golden Idol","StrikeDummy","CultistMask","Happy Flower","Omamori","Pandora\u0027s Box"],"acts_visited":["Exordium","TheCity"],"potions_floor_usage":[16],"damage_taken":[{"damage":0,"enemies":"2 Louse","floor":1,"turns":3},{"damage":42,"enemies":"Lagavulin","floor":6,"turns":9},{"damage":7,"enemies":"Jaw Worm","floor":10,"turns":3},{"damage":18,"enemies":"Gremlin Nob","floor":12,"turns":4},{"damage":0,"enemies":"Cultist","floor":13,"turns":4},{"damage":5,"enemies":"Gremlin Gang","floor":14,"turns":5},{"damage":8,"enemies":"Hexaghost","floor":16,"turns":8},{"damage":3,"enemies":"Chosen","floor":18,"turns":3},{"damage":19,"enemies":"3 Byrds","floor":19,"turns":4},{"damage":15,"enemies":"Sentry and Sphere","floor":20,"turns":4},{"damage":15,"enemies":"Shelled Parasite and Fungi","floor":21,"turns":1}],"seed_played":"-1053843821675988878","potions_obtained":[{"floor":1,"key":"FairyPotion"},{"floor":12,"key":"Ancient Potion"},{"floor":13,"key":"Dexterity Potion"}],"is_trial":false,"path_per_floor":["M","?","?","?","$","E","R","?","T","M","R","E","M","M","R","B",null,"M","M","M","M"],"character_chosen":"THE_SILENT","items_purchased":["Poisoned Stab","Flying Knee"],"campfire_rested":0,"item_purchase_floors":[5,5],"current_hp_per_floor":[59,59,59,59,59,17,17,17,17,10,10,18,18,13,13,5,46,43,24,9,0,0],"gold":366,"neow_bonus":"BOSS_RELIC","is_daily":false,"chose_seed":false,"campfire_upgraded":3,"win_rate":0.0,"timestamp":1610857617,"path_taken":["M","?","?","?","$","E","R","?","T","M","R","E","M","M","R","BOSS","M","M","?","?"],"items_purchased_type":["Card","Card"],"build_version":"2020-12-22","purchased_purges":1,"victory":false,"max_hp_per_floor":[66,66,66,60,60,60,60,60,60,60,60,60,60,60,60,60,60,60,60,60,60,60],"relic_stats":{"Busted Crown":20,"Happy Flower":[12],"counters":[11,48],"Golden Idol":64,"Pandora\u0027s Box":["Underhanded Strike","Underhanded Strike","Underhanded Strike","Burst","Sucker Punch","All Out Attack","Deflect","Flechettes"],"obtain_stats":[{"Busted Crown":0,"Happy Flower":9,"Golden Idol":4,"Pandora\u0027s Box":17,"CultistMask":8,"Omamori":12,"StrikeDummy":6,"Ring of the Snake":0},{"Busted Crown":0,"Happy Flower":2,"Golden Idol":1,"Pandora\u0027s Box":7,"CultistMask":2,"Omamori":4,"StrikeDummy":2,"Ring of the Snake":0},{"Busted Crown":0,"Happy Flower":12,"Golden Idol":3,"Pandora\u0027s Box":36,"CultistMask":12,"Omamori":19,"StrikeDummy":12,"Ring of the Snake":0}]},"card_choices":[{"not_picked":[],"picked":"Choke","floor":1},{"not_picked":["Choke"],"picked":"SKIP","floor":6},{"not_picked":[],"picked":"Footwork","floor":10},{"not_picked":[],"picked":"Reflex","floor":12},{"not_picked":[],"picked":"Predator","floor":13},{"not_picked":[],"picked":"Quick Slash","floor":14},{"not_picked":[],"picked":"Bullet Time","floor":16},{"not_picked":[],"picked":"Acrobatics","floor":18},{"not_picked":["Flechettes"],"picked":"SKIP","floor":19},{"not_picked":["Poisoned Stab"],"picked":"SKIP","floor":20}],"player_experience":1349371,"relics_obtained":[{"floor":6,"key":"StrikeDummy"},{"floor":9,"key":"Happy Flower"},{"floor":12,"key":"Omamori"}],"event_choices":[{"damage_healed":0,"gold_gain":0,"cards_transformed":["Strike_G"],"player_choice":"Change","damage_taken":0,"max_hp_gain":0,"max_hp_loss":0,"event_name":"Living Wall","floor":2,"gold_loss":0,"cards_obtained":["Bane"]},{"damage_healed":0,"gold_gain":72,"player_choice":"Gained Gold","damage_taken":0,"max_hp_gain":0,"max_hp_loss":0,"event_name":"Golden Wing","floor":3,"gold_loss":0},{"damage_healed":0,"gold_gain":0,"player_choice":"Lose Max HP","damage_taken":0,"relics_obtained":["Golden Idol"],"max_hp_gain":0,"max_hp_loss":6,"event_name":"Golden Idol","floor":4,"gold_loss":0},{"damage_healed":0,"gold_gain":0,"player_choice":"Trade","damage_taken":0,"relics_obtained":["CultistMask"],"max_hp_gain":0,"max_hp_loss":0,"event_name":"FaceTrader","floor":8,"gold_loss":0}],"is_beta":false,"boss_relics":[{"not_picked":["Sozu","Philosopher\u0027s Stone"],"picked":"Pandora\u0027s Box"}],"items_purged_floors":[5],"is_endless":false,"potions_floor_spawned":[1,12,13],"killed_by":"Shelled Parasite and Fungi","ascension_level":20}}