{"host":"fkig9nrckec4xsh0","time":1610860620,"event":{"mods":["BaseMod","Colored Map","Minty Spire (QoL Compilation)","Quick Restart","Replay The Spire","StSLib"],"gold_per_floor":[109,109,122,171,67,97,97,130,155,172,61,61,61,116,116,211,211,231,231,245,160,85,112,130,130,130,144,144,177,177,24,24,123,123,143,198,211,261,272,299,299,330,330,365,10,67,97,97,97,115],"floor_reached":51,"language":"ENG","playtime":2345,"items_purged":["Strike_G"],"score":1078,"play_id":"2ac1c47e-b23b-475d-888b-2830fe327d2c","local_time":"20210117001700","is_ascension_mode":true,"campfire_choices":[{"data":"ReplayTheSpireMod:Scrap Shanks","floor":7,"key":"SMITH"},{"data":"Night Terror","floor":15,"key":"SMITH"},{"floor":28,"key":"REST"},{"data":"Tools of the Trade","floor":32,"key":"SMITH"},{"data":"Envenom","floor":49,"key":"SMITH"}],"circlet_count":0,"master_deck":["Strike_G","Strike_G","Strike_G+1","Defend_G","Defend_G","Defend_G","Defend_G","Defend_G","Survivor","Neutralize","Dagger Spray+1","ReplayTheSpireMod:Speed Training","Acrobatics","Blade Dance+1","Accuracy+1","Cloak And Dagger","ReplayTheSpireMod:Scrap Shanks+1","Night Terror+1","Hidden Blade","Quick Slash+1","Deflect","Tools of the Trade+1","Footwork","Pot Of Greed","Pot Of Greed","Quick Slash+1","Pot Of Greed","ReplayTheSpireMod:Speed Training+1","Deflect+1","Phantasmal Killer","Phantasmal Killer","Burst","Underhanded Strike","Tactician","Tactician+1","Burst","Envenom+1","Flying Knee+1","ReplayTheSpireMod:The Works+1","Pot Of Greed","ReplayTheSpireMod:Scrap Shanks+1","Cloak And Dagger+1","ReplayTheSpireMod:Speed Training"],"relics":["Ring of the Snake","NeowsBlessing","Dream Catcher","Pet Ghost","Juzu Bracelet","Oddly Smooth Stone","Tiny Chest","WristBlade","Nloth\u0027s Gift","Ancient Tea Set","Grinning Jar","Mercury Hourglass","Meat on the Bone","Matryoshka","Bag of Marbles","Philosopher\u0027s Stone","Basket Of Snakes","Pocketwatch","Toy Ornithopter","Lantern","Shuriken","Whetstone","Vampiric Spirits","ReplayFunnel","Gremlin Horn","ClockworkSouvenir","Replay:Bandana","Darkstone Periapt"],"acts_visited":["Exordium","TheCity","TheBeyond"],"potions_floor_usage":[8,14,16,23,24,24,36,46,50,50],"damage_taken":[{"damage":0,"enemies":"Cultist","floor":1,"turns":1},{"damage":0,"enemies":"2 Louse","floor":3,"turns":1},{"damage":0,"enemies":"3 Sentries","floor":6,"turns":2},{"damage":34,"enemies":"Gremlin Nob","floor":8,"turns":5},{"damage":9,"enemies":"Jaw Worm","floor":10,"turns":2},{"damage":7,"enemies":"Lagavulin Event","floor":14,"turns":5},{"damage":20,"enemies":"Slime Boss","floor":16,"turns":10},{"damage":3,"enemies":"Spheric Guardian","floor":18,"turns":3},{"damage":13,"enemies":"2 Thieves","floor":20,"turns":2},{"damage":42,"enemies":"Book of Stabbing","floor":23,"turns":5},{"damage":11,"enemies":"Snake Plant","floor":24,"turns":4},{"damage":0,"enemies":"Cultist and Chosen","floor":27,"turns":4},{"damage":14,"enemies":"Slavers","floor":29,"turns":6},{"damage":26,"enemies":"Collector","floor":33,"turns":6},{"damage":0,"enemies":"Orb Walker","floor":35,"turns":3},{"damage":7,"enemies":"2 Orb Walkers","floor":36,"turns":4},{"damage":0,"enemies":"3 Darklings","floor":37,"turns":2},{"damage":0,"enemies":"Mind Bloom Boss Battle","floor":38,"turns":3},{"damage":0,"enemies":"Jaw Worm Horde","floor":39,"turns":4},{"damage":38,"enemies":"Nemesis","floor":40,"turns":5},{"damage":36,"enemies":"Reptomancer","floor":42,"turns":4},{"damage":4,"enemies":"R_Hoarder","floor":44,"turns":6},{"damage":0,"enemies":"Giant Head","floor":46,"turns":3},{"damage":4,"enemies":"4 Shapes","floor":47,"turns":2},{"damage":33,"enemies":"Donu and Deca","floor":50,"turns":4}],"seed_played":"-5244609245529563937","potions_obtained":[{"floor":1,"key":"AttackPotion"},{"floor":3,"key":"Block Potion"},{"floor":14,"key":"Adrenaline Potion"},{"floor":16,"key":"Explosive Potion"},{"floor":18,"key":"DuplicationPotion"},{"floor":23,"key":"SpeedPotion"},{"floor":29,"key":"Elixir"},{"floor":33,"key":"DistilledChaos"},{"floor":35,"key":"DuplicationPotion"},{"floor":38,"key":"Reflective Coating"},{"floor":42,"key":"DistilledChaos"},{"floor":46,"key":"Weak Potion"},{"floor":47,"key":"Block Potion"}],"is_trial":false,"path_per_floor":["M","T","M","?","$","E","R","E","T","M","$","?","?","?","R","B",null,"M","?","M","?","?","E","M","T","T","M","R","E","?","$","R","B",null,"M","?","M","?","M","E","T","E","T","E","$","E","M","?","R","B",null],"character_chosen":"THE_SILENT","items_purchased":["Accuracy+1","Cloak And Dagger","Quick Slash+1","Bag of Marbles","ClockworkSouvenir","ReplayTheSpireMod:Scrap Shanks+1","Replay:Bandana"],"campfire_rested":1,"item_purchase_floors":[5,5,11,31,45,45,45],"current_hp_per_floor":[70,70,70,53,53,53,53,19,19,10,10,10,33,26,26,6,70,67,67,54,54,54,12,1,1,1,13,34,32,32,32,32,18,70,70,63,63,63,63,37,37,13,13,28,28,70,66,66,66,38],"gold":115,"neow_bonus":"THREE_ENEMY_KILL","is_daily":false,"chose_seed":false,"campfire_upgraded":4,"win_rate":0.0,"timestamp":1610860620,"path_taken":["M","?","M","?","$","E","R","E","T","M","$","?","?","?","R","BOSS","M","?","M","?","?","E","M","?","T","M","R","E","?","$","R","BOSS","M","?","M","?","M","E","?","E","T","E","$","E","M","?","R","BOSS"],"items_purchased_type":["Card","Card","Card","Relic","Relic","Card","Relic"],"build_version":"2020-12-22","purchased_purges":1,"victory":true,"max_hp_per_floor":[70,70,70,70,70,70,70,70,70,70,70,70,70,70,70,70,70,70,70,70,70,70,70,70,70,70,70,70,70,70,70,70,70,70,70,70,70,70,70,70,70,70,70,70,70,70,70,66,66,66],"card_choices":[{"not_picked":["ReplayTheSpireMod:Tripwire","Cloak And Dagger"],"picked":"Dagger Spray","floor":1},{"not_picked":["Leg Sweep","Sneak Up"],"picked":"ReplayTheSpireMod:Speed Training","floor":3},{"not_picked":["Poisoned Stab","Cloak And Dagger"],"picked":"Acrobatics","floor":4},{"not_picked":["Catalyst","ReplayTheSpireMod:Tripwire"],"picked":"Blade Dance","floor":4},{"not_picked":["Reflex","Fluid Movement"],"picked":"ReplayTheSpireMod:Scrap Shanks","floor":6},{"not_picked":["Outmaneuver","Poisoned Stab"],"picked":"Night Terror","floor":8},{"not_picked":["Toxin Wave","ReplayTheSpireMod:The Works"],"picked":"Hidden Blade","floor":10},{"not_picked":["Underhanded Strike","Catalyst"],"picked":"Deflect","floor":14},{"not_picked":["Glass Knife","Poison Darts"],"picked":"Tools of the Trade","floor":16},{"not_picked":["Deflect","Prepared","Distraction"],"picked":"SKIP","floor":18},{"not_picked":["Die Die Die","Quick Slash"],"picked":"Footwork","floor":20},{"not_picked":["Bullet Time","Bouncing Flask"],"picked":"Quick Slash+1","floor":23},{"not_picked":["Sucker Punch","Eviscerate+1","Flying Knee"],"picked":"SKIP","floor":24},{"not_picked":["Slice+1","Deflect"],"picked":"ReplayTheSpireMod:Speed Training+1","floor":27},{"not_picked":["PiercingWail","Skewer"],"picked":"Deflect+1","floor":28},{"not_picked":["Finisher","Outmaneuver"],"picked":"Phantasmal Killer","floor":29},{"not_picked":["Die Die Die","Corpse Explosion"],"picked":"Burst","floor":33},{"not_picked":["Catalyst","Flying Knee"],"picked":"Underhanded Strike","floor":35},{"not_picked":["Sucker Punch","Backflip"],"picked":"Tactician","floor":36},{"not_picked":["Backflip","Setup","Outmaneuver"],"picked":"SKIP","floor":37},{"not_picked":["Acrobatics","Deflect"],"picked":"Tactician+1","floor":38},{"not_picked":["Riddle With Holes","Expertise+1"],"picked":"Burst","floor":39},{"not_picked":["Bouncing Flask","Wraith Form v2"],"picked":"Envenom","floor":40},{"not_picked":["Concentrate","ReplayTheSpireMod:Necrosis"],"picked":"Flying Knee+1","floor":42},{"not_picked":["Grand Finale","Blur+1"],"picked":"ReplayTheSpireMod:The Works+1","floor":44},{"not_picked":["Doppelganger","Atom Bomb"],"picked":"Cloak And Dagger+1","floor":46},{"not_picked":["Sucker Punch+1","Quick Slash"],"picked":"ReplayTheSpireMod:Speed Training","floor":47}],"player_experience":320677,"relics_obtained":[{"floor":2,"key":"Dream Catcher"},{"floor":4,"key":"Replay:Bottled Snecko"},{"floor":6,"key":"Pet Ghost"},{"floor":8,"key":"Juzu Bracelet"},{"floor":9,"key":"Oddly Smooth Stone"},{"floor":23,"key":"Grinning Jar"},{"floor":25,"key":"Mercury Hourglass"},{"floor":26,"key":"Meat on the Bone"},{"floor":29,"key":"Matryoshka"},{"floor":36,"key":"Basket Of Snakes"},{"floor":38,"key":"Pocketwatch"},{"floor":40,"key":"Toy Ornithopter"},{"floor":41,"key":"Lantern"},{"floor":41,"key":"Shuriken"},{"floor":42,"key":"Whetstone"},{"floor":43,"key":"Vampiric Spirits"},{"floor":43,"key":"ReplayFunnel"},{"floor":44,"key":"Gremlin Horn"},{"floor":46,"key":"Darkstone Periapt"}],"event_choices":[{"damage_healed":23,"gold_gain":0,"player_choice":"Banana","damage_taken":0,"max_hp_gain":0,"max_hp_loss":0,"event_name":"Big Fish","floor":13,"gold_loss":0},{"damage_healed":0,"gold_gain":0,"player_choice":"Searched \u00272\u0027 times","damage_taken":0,"relics_obtained":["Tiny Chest"],"max_hp_gain":0,"max_hp_loss":0,"event_name":"Dead Adventurer","floor":14,"gold_loss":0},{"damage_healed":0,"gold_gain":0,"player_choice":"Traded Relic","damage_taken":0,"relics_obtained":["Nloth\u0027s Gift"],"max_hp_gain":0,"max_hp_loss":0,"event_name":"N\u0027loth","floor":19,"relics_lost":["Replay:Bottled Snecko"],"gold_loss":0},{"damage_healed":0,"gold_gain":0,"player_choice":"Obtained Relic","damage_taken":0,"relics_obtained":["Ancient Tea Set"],"max_hp_gain":0,"max_hp_loss":0,"event_name":"Addict","floor":21,"gold_loss":85},{"cards_removed":["Strike_G"],"damage_healed":0,"gold_gain":0,"player_choice":"Gave Gold","damage_taken":0,"max_hp_gain":0,"max_hp_loss":0,"event_name":"Beggar","floor":22,"gold_loss":75},{"damage_healed":0,"gold_gain":0,"player_choice":"Copied","damage_taken":0,"max_hp_gain":0,"max_hp_loss":0,"event_name":"Duplicator","floor":30,"gold_loss":0,"cards_obtained":["Phantasmal Killer"]},{"damage_healed":0,"gold_gain":0,"player_choice":"Fight","damage_taken":0,"max_hp_gain":0,"max_hp_loss":0,"event_name":"Mysterious Sphere","floor":36,"gold_loss":0},{"damage_healed":0,"gold_gain":0,"player_choice":"Fight","damage_taken":0,"max_hp_gain":0,"max_hp_loss":0,"event_name":"MindBloom","floor":38,"gold_loss":0},{"damage_healed":0,"gold_gain":0,"player_choice":"Max HP","damage_taken":0,"max_hp_gain":0,"max_hp_loss":4,"event_name":"Winding Halls","floor":48,"gold_loss":0}],"is_beta":false,"boss_relics":[{"not_picked":["SlaversCollar","Snecko Scales"],"picked":"WristBlade"},{"not_picked":["Snecko Eye","Painkiller Herb"],"picked":"Philosopher\u0027s Stone"}],"items_purged_floors":[11],"is_endless":false,"potions_floor_spawned":[1,3,14,16,18,23,29,33,35,38,42,46,47],"ascension_level":3}}