{"host":"i09pxcjttd31eh4q","time":1610897336,"event":{"mods":["AchievementEnabler","BaseMod","Colored Map","Keyboard Shortcuts","Minty Spire (QoL Compilation)","StSLib","SuperFastMode"],"gold_per_floor":[114,127,138,138,47,47,80,80,156,190,290,311,336,356,356,356,356],"floor_reached":16,"language":"KOR","playtime":381,"items_purged":[],"score":224,"play_id":"297ef65a-2e84-4e3e-b205-ff0150dcb813","local_time":"20210118002856","is_ascension_mode":true,"campfire_choices":[{"data":"Blade Dance","floor":6,"key":"SMITH"},{"data":"Neutralize","floor":8,"key":"SMITH"},{"floor":15,"key":"REST"}],"circlet_count":0,"master_deck":["AscendersBane","Strike_G","Strike_G","Strike_G","Strike_G","Defend_G","Defend_G","Defend_G","Defend_G","Defend_G","Survivor","Neutralize+1","Blade Dance+1","Backflip","Flash of Steel","Backstab","Corpse Explosion","Backflip","Blur"],"relics":["Ring of the Snake","Golden Idol","Regal Pillow","Mummified Hand","CaptainsWheel"],"acts_visited":[],"potions_floor_usage":[7,10,13,16],"damage_taken":[{"damage":7,"enemies":"Jaw Worm","floor":1,"turns":7},{"damage":7,"enemies":"Small Slimes","floor":2,"turns":4},{"damage":1,"enemies":"Cultist","floor":3,"turns":5},{"damage":15,"enemies":"3 Sentries","floor":7,"turns":9},{"damage":17,"enemies":"Lagavulin","floor":10,"turns":8},{"damage":0,"enemies":"Large Slime","floor":12,"turns":5},{"damage":0,"enemies":"Lots of Slimes","floor":13,"turns":1},{"damage":0,"enemies":"Looter","floor":14,"turns":3},{"damage":36,"enemies":"Slime Boss","floor":16,"turns":9}],"seed_played":"-5563843327424373395","potions_obtained":[{"floor":2,"key":"Energy Potion"},{"floor":3,"key":"DuplicationPotion"},{"floor":7,"key":"Explosive Potion"},{"floor":13,"key":"EssenceOfSteel"},{"floor":14,"key":"GhostInAJar"}],"is_trial":false,"path_per_floor":["M","M","M","?","$","R","E","R","T","E","?","M","M","M","R","B"],"character_chosen":"THE_SILENT","items_purchased":["Flash of Steel"],"campfire_rested":1,"item_purchase_floors":[5],"current_hp_per_floor":[52,45,44,44,44,44,29,29,29,12,12,12,12,12,45,9,9],"gold":356,"neow_bonus":"REMOVE_CARD","is_daily":false,"chose_seed":false,"campfire_upgraded":2,"win_rate":0.0,"timestamp":1610897336,"path_taken":["M","M","M","?","$","R","E","R","T","E","?","?","M","M","R","BOSS"],"items_purchased_type":["Card"],"build_version":"2020-12-22","purchased_purges":0,"victory":false,"max_hp_per_floor":[66,66,66,60,60,60,60,60,60,60,60,60,60,60,60,60,60],"card_choices":[{"not_picked":["Slice","Sucker Punch"],"picked":"Blade Dance","floor":1},{"not_picked":["Caltrops","Heel Hook"],"picked":"Backflip","floor":2},{"not_picked":["Flechettes","Heel Hook","Catalyst"],"picked":"SKIP","floor":3},{"not_picked":["Expertise","Underhanded Strike"],"picked":"Backstab","floor":7},{"not_picked":["Predator","Catalyst","Riddle With Holes"],"picked":"SKIP","floor":10},{"not_picked":["Prepared","Quick Slash"],"picked":"Corpse Explosion","floor":12},{"not_picked":["Underhanded Strike","Finisher"],"picked":"Backflip","floor":13},{"not_picked":["Deadly Poison","Eviscerate"],"picked":"Blur","floor":14}],"player_experience":867630,"relics_obtained":[{"floor":7,"key":"Regal Pillow"},{"floor":9,"key":"Mummified Hand"},{"floor":10,"key":"CaptainsWheel"}],"event_choices":[{"damage_healed":0,"gold_gain":0,"player_choice":"Lose Max HP","damage_taken":0,"relics_obtained":["Golden Idol"],"max_hp_gain":0,"max_hp_loss":6,"event_name":"Golden Idol","floor":4,"gold_loss":0},{"damage_healed":0,"gold_gain":100,"player_choice":"Gold","damage_taken":0,"max_hp_gain":0,"max_hp_loss":0,"event_name":"Wheel of Change","floor":11,"gold_loss":0}],"is_beta":false,"boss_relics":[],"items_purged_floors":[],"is_endless":false,"potions_floor_spawned":[2,3,7,13,14],"killed_by":"Slime Boss","ascension_level":20}}