{"host":"pyvqvk2ltcevcwmf","time":1610864563,"event":{"mods":["BaseMod","BetterRewards","Good Game Mod","Marisa£®ÏF”Í°°ƒß¿Ì…≥£©","Minty Spire (QoL Compilation)","Poor People Problems","Rare Cards Sparkle","Shop Mod","Spicy Shops","StSLib","The Alterego","The Servant 0.9.4","Youmu£®ªÍ∆«—˝√Œ£©"],"gold_per_floor":[112,131,131,131,141,141,216,275,301,355,355,396,396,441,441,564,564,601,526,69,69,122,196,268,268,268,268,268,342,512,555,555,708,708,747,1746,1746,1805,375,430,510,537,537,641,641,692,765,765,765,831],"floor_reached":51,"language":"ZHS","playtime":5258,"items_purged":["Defend_MRS","Defend_MRS","Defend_MRS"],"score":832,"play_id":"c2691d70-d7bf-4ace-86ac-eff2e655a550","local_time":"20210117142243","is_ascension_mode":false,"campfire_choices":[{"data":"WitchOfGreed","floor":6.0,"key":"SMITH"},{"data":"TheWorld","floor":11.0,"key":"SMITH"},{"floor":15.0,"key":"REST"},{"data":"Robbery","floor":25.0,"key":"SMITH"},{"data":"CasketOfStar","floor":27.0,"key":"SMITH"},{"floor":32.0,"key":"REST"},{"floor":45.0,"key":"REST"},{"floor":49,"key":"REST"}],"circlet_count":0,"master_deck":["Strike_MRS","Strike_MRS","Strike_MRS","Defend_MRS","MasterSpark","UpSweep","TheWorld+1","LuminesStrike","OrrerysSun","WitchOfGreed+1","MysteriousBeam+1","PowerUp","CasketOfStar+1","UnstableBomb","BinaryStars","RefractionSpark","Robbery+1","Singularity+1","AsteroidBelt","GrandCross+1","MysteriousBeam","SuperNova","MagicChant+1","Robbery+1","ShootTheMoon+1","WitchOfGreed","AsteroidBelt","MachineGunSpark","Regret","RefractionSpark+1","SprinkleStarSeal","EnergyFlow","OrrerysSun+1","UltimateShortwave","WitchOfGreed","Wraith"],"relics":["MiniHakkero","REME:ComplimentaryCards","NeowsBlessing","MealTicket","HandmadeGrimoire","Pen Nib","Omamori","SlaversCollar","Akabeko","MerchantsRug","Oddly Smooth Stone","Vajra","Incense Burner","Bottled Flame","ExperimentalFamiliar","Lee\u0027s Waffle","Bronze Scales","Medical Kit","HornCleat","Eternal Feather","Art of War","Juzu Bracelet","Darkstone Periapt"],"acts_visited":["Exordium","TheCity","TheBeyond"],"potions_floor_usage":[50],"damage_taken":[{"damage":0.0,"enemies":"2 Louse","floor":1.0,"turns":1.0},{"damage":0.0,"enemies":"Small Slimes","floor":2.0,"turns":1.0},{"damage":0.0,"enemies":"Cultist","floor":5.0,"turns":1.0},{"damage":23.0,"enemies":"Gremlin Nob","floor":8.0,"turns":5.0},{"damage":7.0,"enemies":"3 Sentries","floor":10.0,"turns":5.0},{"damage":5.0,"enemies":"2 Fungi Beasts","floor":12.0,"turns":3.0},{"damage":6.0,"enemies":"Large Slime","floor":14.0,"turns":2.0},{"damage":34.0,"enemies":"Hexaghost","floor":16.0,"turns":9.0},{"damage":3.0,"enemies":"3 Byrds","floor":18.0,"turns":4.0},{"damage":0.0,"enemies":"Chosen","floor":22.0,"turns":4.0},{"damage":25.0,"enemies":"Book of Stabbing","floor":23.0,"turns":3.0},{"damage":0.0,"enemies":"Centurion and Healer","floor":24.0,"turns":2.0},{"damage":27.0,"enemies":"Shelled Parasite and Fungi","floor":29.0,"turns":5.0},{"damage":0.0,"enemies":"Gremlin Leader","floor":30.0,"turns":4.0},{"damage":14.0,"enemies":"Snake Plant","floor":31.0,"turns":3.0},{"damage":34.0,"enemies":"Collector","floor":33.0,"turns":6.0},{"damage":35.0,"enemies":"3 Shapes","floor":35.0,"turns":3.0},{"damage":9.0,"enemies":"Orb Walker","floor":38.0,"turns":2.0},{"damage":0.0,"enemies":"Nemesis","floor":40.0,"turns":1.0},{"damage":22.0,"enemies":"Transient","floor":41.0,"turns":5.0},{"damage":0.0,"enemies":"Jaw Worm Horde","floor":42.0,"turns":2.0},{"damage":44.0,"enemies":"4 Shapes","floor":44.0,"turns":5.0},{"damage":56,"enemies":"Reptomancer","floor":46,"turns":3},{"damage":0,"enemies":"Sphere and 2 Shapes","floor":47,"turns":3},{"damage":32,"enemies":"Donu and Deca","floor":50,"turns":7}],"seed_played":"-8961572834593137298","potions_obtained":[{"floor":5.0,"key":"Dexterity Potion"},{"floor":8.0,"key":"BlessingOfTheForge"},{"floor":8.0,"key":"SteroidPotion"},{"floor":12.0,"key":"Fire Potion"},{"floor":18.0,"key":"SneckoOil"},{"floor":21.0,"key":"LiquidBronze"},{"floor":22.0,"key":"SmokeBomb"},{"floor":23.0,"key":"AttackPotion"},{"floor":29.0,"key":"GamblersBrew"},{"floor":31.0,"key":"ShroomBrew"},{"floor":31.0,"key":"FairyPotion"},{"floor":38.0,"key":"BottledSpark"},{"floor":38.0,"key":"Energy Potion"},{"floor":40.0,"key":"BottledSpark"},{"floor":42.0,"key":"Weak Potion"},{"floor":46,"key":"LiquidMemories"}],"is_trial":false,"path_per_floor":["M","M","?","?","M","R","?","E","T","E","R","M","?","M","R","B",null,"M","?","$","?","M","E","M","R","T","R","T","M","E","M","R","B",null,"M","?","?","M","$","E","M","M","T","M","R","E","M","?","R","B",null],"character_chosen":"MARISA","items_purchased":["Robbery","Akabeko","MerchantsRug","WitchOfGreed","AsteroidBelt","Lee\u0027s Waffle","MachineGunSpark","Bronze Scales","Medical Kit","HornCleat","Eternal Feather"],"campfire_rested":4,"item_purchase_floors":[20,20,20,39,39,39,39,39,39,39,39],"current_hp_per_floor":[75,75,75,68,68,68,57,34,34,27,27,22,22,16,38,4,75,72,72,75,75,75,50,50,50,50,50,50,23,23,9,31,22,75,40,40,40,31,82,82,60,60,60,16,58,2,2,8,55,23],"gold":831,"neow_bonus":"THREE_ENEMY_KILL","is_daily":false,"chose_seed":false,"campfire_upgraded":4,"win_rate":0.0,"timestamp":1610864563,"path_taken":["M","M","?","?","M","R","?","E","T","E","R","M","?","?","R","BOSS","M","?","$","?","?","E","M","R","T","R","?","M","E","M","R","BOSS","M","?","?","M","$","E","M","M","T","M","R","E","M","?","R","BOSS"],"items_purchased_type":["Card","Relic","Relic","Card","Card","Relic","Card","Relic","Relic","Relic","Relic"],"build_version":"2020-12-22","purchased_purges":3,"victory":true,"max_hp_per_floor":[75,75,75,75,75,75,75,75,75,75,75,75,75,75,75,75,75,75,75,75,75,75,75,75,75,75,75,75,75,75,75,75,75,75,75,75,75,75,82,82,82,82,82,82,82,82,82,88,88,88],"card_choices":[{"not_picked":["Orbital","DC"],"picked":"LuminesStrike","floor":1.0},{"not_picked":["SuperPerseids","ShootingEcho"],"picked":"OrrerysSun","floor":2.0},{"not_picked":["EventHorizon","ShootTheMoon"],"picked":"WitchOfGreed","floor":5.0},{"not_picked":["DoubleSpark","GrandCross"],"picked":"MysteriousBeam","floor":8.0},{"not_picked":["GravityBeat","LuminesStrike"],"picked":"PowerUp","floor":10.0},{"not_picked":["GalacticHalo","NonDirectionalLaser"],"picked":"CasketOfStar","floor":12.0},{"not_picked":["DragonMeteor","GalacticHalo"],"picked":"UnstableBomb","floor":14.0},{"not_picked":["MaximisePower","AbsoluteMagnitude"],"picked":"BinaryStars","floor":16.0},{"not_picked":["UnstableBomb","GravityBeat"],"picked":"RefractionSpark","floor":18.0},{"not_picked":["GasGiant","ShootingEcho+1","EventHorizon+1"],"picked":"SKIP","floor":22.0},{"not_picked":["DC","Acceleration","EscapeVelocity"],"picked":"SKIP","floor":23.0},{"not_picked":["WitchOfGreed+1","PowerUp"],"picked":"Singularity+1","floor":24.0},{"not_picked":["MagicAbsorber","MysteriousBeam"],"picked":"AsteroidBelt","floor":29.0},{"not_picked":["DoubleSpark+1","GalacticHalo"],"picked":"GrandCross+1","floor":30.0},{"not_picked":["LuminesStrike","Occultation"],"picked":"MysteriousBeam","floor":31.0},{"not_picked":["CasketOfStar","ManaRampage"],"picked":"SuperNova","floor":33.0},{"not_picked":["Orbital","GasGiant"],"picked":"MagicChant+1","floor":35.0},{"not_picked":["Orbital+1","DarkSpark+1"],"picked":"ShootTheMoon+1","floor":38.0},{"not_picked":["OneTimeOff","ShootTheMoon"],"picked":"RefractionSpark+1","floor":40.0},{"not_picked":["6A+1","LuminesStrike+1"],"picked":"SprinkleStarSeal","floor":41.0},{"not_picked":["WitchOfGreed+1","DC"],"picked":"EnergyFlow","floor":42.0},{"not_picked":["ShootingEcho","Occultation"],"picked":"OrrerysSun+1","floor":44.0},{"not_picked":["ChargingUp","NonDirectionalLaser"],"picked":"UltimateShortwave","floor":46},{"not_picked":["DC","LuminesStrike"],"picked":"WitchOfGreed","floor":47}],"player_experience":156433,"relics_obtained":[{"floor":8.0,"key":"HandmadeGrimoire"},{"floor":9.0,"key":"Pen Nib"},{"floor":10.0,"key":"Omamori"},{"floor":23.0,"key":"Oddly Smooth Stone"},{"floor":26.0,"key":"Vajra"},{"floor":28.0,"key":"Incense Burner"},{"floor":30.0,"key":"Bottled Flame"},{"floor":40.0,"key":"Art of War"},{"floor":43.0,"key":"Juzu Bracelet"},{"floor":46,"key":"Darkstone Periapt"}],"event_choices":[{"damage_healed":0.0,"max_hp_gain":0.0,"max_hp_loss":0.0,"gold_gain":0.0,"event_name":"Big Fish","player_choice":"Box","floor":3.0,"gold_loss":0.0,"damage_taken":0.0,"relics_obtained":["MealTicket"],"cards_obtained":["Regret"]},{"cards_removed":["Regret"],"damage_healed":0.0,"max_hp_gain":0.0,"max_hp_loss":0.0,"gold_gain":0.0,"event_name":"Golden Wing","player_choice":"Card Removal","floor":4.0,"gold_loss":0.0,"damage_taken":7.0},{"damage_healed":0.0,"max_hp_gain":0.0,"max_hp_loss":0.0,"gold_gain":75.0,"event_name":"World of Goop","player_choice":"Gather Gold","floor":7.0,"gold_loss":0.0,"damage_taken":11.0},{"damage_healed":0.0,"max_hp_gain":0.0,"max_hp_loss":0.0,"gold_gain":0.0,"event_name":"Accursed Blacksmith","player_choice":"Forge","floor":13.0,"gold_loss":0.0,"damage_taken":0.0,"cards_upgraded":["MysteriousBeam"]},{"cards_removed":["Strike_MRS"],"damage_healed":0.0,"max_hp_gain":0.0,"max_hp_loss":0.0,"gold_gain":0.0,"event_name":"Beggar","player_choice":"Gave Gold","floor":19.0,"gold_loss":75.0,"damage_taken":0.0},{"damage_healed":0.0,"max_hp_gain":0.0,"max_hp_loss":0.0,"gold_gain":0.0,"event_name":"Lab","player_choice":"Got Potions","floor":21.0,"gold_loss":0.0,"damage_taken":0.0},{"damage_healed":0.0,"max_hp_gain":0.0,"max_hp_loss":0.0,"gold_gain":999.0,"event_name":"MindBloom","player_choice":"Gold","floor":36.0,"gold_loss":0.0,"damage_taken":0.0,"cards_obtained":["Normality","Normality"]},{"damage_healed":0.0,"max_hp_gain":0.0,"max_hp_loss":0.0,"gold_gain":0.0,"event_name":"Duplicator","player_choice":"Copied","floor":37.0,"gold_loss":0.0,"damage_taken":0.0,"cards_obtained":["Robbery"]},{"damage_healed":0,"gold_gain":0,"player_choice":"Ignored","damage_taken":0,"max_hp_gain":0,"max_hp_loss":0,"event_name":"OrinTheCat","floor":48,"gold_loss":0}],"is_beta":false,"boss_relics":[{"not_picked":["Philosopher\u0027s Stone","Runic Dome"],"picked":"SlaversCollar"},{"not_picked":["Empty Cage","Astrolabe"],"picked":"ExperimentalFamiliar"}],"items_purged_floors":[20,39,39],"is_endless":false,"potions_floor_spawned":[5,8,12,23,29,31,38,40,42],"ascension_level":0}}