{"host":"jyuuog6ydc2s7nd8","time":1610870233,"event":{"mods":["BaseMod","Better Vampires","Minty Spire (QoL Compilation)","Shop Mod","StSLib","The Hierophant","The Servant 0.9.4","TheBandit","[IsaacMod]ÒÔÈö¼âËþ"],"gold_per_floor":[114,124,124,49,49,75,86,97,121,133,163,163,63,95,95,95,95],"floor_reached":16,"language":"ZHS","playtime":518,"items_purged":["Strike_G","Strike_G"],"score":240,"play_id":"0fa01e84-a185-4130-a25c-14b176ee5116","local_time":"20210117155713","is_ascension_mode":true,"campfire_choices":[{"data":"Acrobatics","floor":12,"key":"SMITH"},{"data":"Prepared","floor":15,"key":"SMITH"}],"circlet_count":0,"master_deck":["AscendersBane","Strike_G","Strike_G","Strike_G","Defend_G","Defend_G","Defend_G","Defend_G","Survivor","Neutralize+1","Quick Slash+1","Acrobatics+1","Unload","Dagger Throw","Prepared+1"],"relics":["HushsDoor","HoveringKite","TheBean","Strawberry","Whetstone","UnicornStump","Bag of Marbles"],"acts_visited":["Exordium"],"potions_floor_usage":[6,14,16],"damage_taken":[{"damage":6,"enemies":"Cultist","floor":1,"turns":3},{"damage":2,"enemies":"Jaw Worm","floor":2,"turns":3},{"damage":3,"enemies":"3 Sentries","floor":6,"turns":3},{"damage":0,"enemies":"2 Louse","floor":7,"turns":2},{"damage":3,"enemies":"Blue Slaver","floor":8,"turns":3},{"damage":0,"enemies":"3 Louse","floor":10,"turns":2},{"damage":8,"enemies":"Gremlin Nob","floor":11,"turns":3},{"damage":49,"enemies":"3 Sentries","floor":14,"turns":13},{"damage":6,"enemies":"Hexaghost","floor":16,"turns":10}],"seed_played":"-8633407296439691339","potions_obtained":[{"floor":2,"key":"EssenceOfSteel"},{"floor":7,"key":"Regen Potion"},{"floor":8,"key":"BlessingOfTheForge"}],"is_trial":false,"path_per_floor":["M","M","?","$","?","E","M","M","T","M","E","R","$","E","R","B"],"character_chosen":"THE_SILENT","items_purchased":[],"campfire_rested":0,"item_purchase_floors":[],"current_hp_per_floor":[53,51,51,51,44,48,48,45,45,45,37,37,37,3,3,0,0],"gold":95,"neow_bonus":"BOSS_RELIC","is_daily":false,"chose_seed":false,"campfire_upgraded":2,"win_rate":0.0,"timestamp":1610870233,"path_taken":["M","?","?","$","?","E","M","M","T","M","E","R","$","E","R","BOSS"],"items_purchased_type":[],"build_version":"2020-12-22","purchased_purges":2,"victory":false,"max_hp_per_floor":[66,66,66,66,66,73,73,73,73,73,73,73,73,73,73,73,73],"card_choices":[{"not_picked":[],"picked":"ChaosCard","floor":0},{"not_picked":["Choke","Prepared"],"picked":"Quick Slash","floor":1},{"not_picked":["Infinite Blades","Sucker Punch"],"picked":"Bomb","floor":2},{"not_picked":["Endless Agony","Slice"],"picked":"Acrobatics","floor":6},{"not_picked":["Deadly Poison","Sucker Punch"],"picked":"Unload","floor":7},{"not_picked":["Dodge and Roll","Blade Dance","Flying Knee"],"picked":"SKIP","floor":8},{"not_picked":["Setup","Heel Hook","Dodge and Roll"],"picked":"SKIP","floor":10},{"not_picked":["Infinite Blades","PiercingWail"],"picked":"Dagger Throw","floor":11},{"not_picked":["Setup","All Out Attack"],"picked":"Prepared","floor":14}],"player_experience":1823510,"relics_obtained":[{"floor":6,"key":"Strawberry"},{"floor":9,"key":"Whetstone"},{"floor":11,"key":"UnicornStump"},{"floor":14,"key":"Bag of Marbles"}],"event_choices":[{"damage_healed":0,"gold_gain":0,"player_choice":"Ignored","damage_taken":0,"max_hp_gain":0,"max_hp_loss":0,"event_name":"Liars Game","floor":3,"gold_loss":0},{"cards_removed":["Defend_G"],"damage_healed":0,"gold_gain":0,"player_choice":"Card Removal","damage_taken":7,"max_hp_gain":0,"max_hp_loss":0,"event_name":"Golden Wing","floor":5,"gold_loss":0}],"is_beta":false,"boss_relics":[],"items_purged_floors":[4,13],"is_endless":false,"potions_floor_spawned":[2,7,8,10],"killed_by":"Hexaghost","ascension_level":20}}