{"host":"6jrd8fn9k88n08be","time":1610849718,"event":{"mods":["BaseMod","Minty Spire (QoL Compilation)","StSLib"],"gold_per_floor":[113,130,147,222,232,264,264,295,346,373,373,373,383,383,383,486,486,497,377,347,361,379,379,379],"floor_reached":23,"language":"ENG","playtime":1644,"items_purged":["Strike_P"],"score":232,"play_id":"dfcdfa20-599a-45db-abd2-4e620d6a2040","local_time":"20210116211518","is_ascension_mode":true,"campfire_choices":[{"floor":7,"key":"REST"},{"floor":11,"key":"REST"},{"data":"Vigilance","floor":15,"key":"SMITH"}],"circlet_count":0,"master_deck":["Strike_P","Strike_P+1","Strike_P","Defend_P","Defend_P","Defend_P","Defend_P","Eruption+1","Vigilance+1","CrushJoints","CutThroughFate","Devotion","EmptyBody","EmptyFist","Tantrum","LessonLearned","FollowUp","Ragnarok+1","CurseOfTheBell","Wireheading","Wireheading","EmptyBody","FearNoEvil"],"relics":["PureWater","NeowsBlessing","Bottled Flame","Kunai","Dream Catcher","Smiling Mask","InkBottle","Calling Bell","Boot","White Beast Statue","Thread and Needle"],"acts_visited":["Exordium","TheCity"],"potions_floor_usage":[5,6,16,23,23],"damage_taken":[{"damage":0,"enemies":"2 Louse","floor":1,"turns":1},{"damage":0,"enemies":"Cultist","floor":2,"turns":1},{"damage":0,"enemies":"Small Slimes","floor":3,"turns":1},{"damage":9,"enemies":"Exordium Thugs","floor":5,"turns":4},{"damage":32,"enemies":"Gremlin Nob","floor":6,"turns":3},{"damage":11,"enemies":"Lagavulin","floor":8,"turns":7},{"damage":12,"enemies":"3 Sentries","floor":10,"turns":9},{"damage":0,"enemies":"Red Slaver","floor":13,"turns":2},{"damage":13,"enemies":"Hexaghost","floor":16,"turns":6},{"damage":12,"enemies":"2 Thieves","floor":18,"turns":3},{"damage":8,"enemies":"Chosen","floor":21,"turns":3},{"damage":62,"enemies":"3 Cultists","floor":22,"turns":7},{"damage":26,"enemies":"Slavers","floor":23,"turns":2}],"seed_played":"-3675701452676177431","potions_obtained":[{"floor":1,"key":"SneckoOil"},{"floor":5,"key":"FearPotion"},{"floor":10,"key":"Explosive Potion"},{"floor":13,"key":"ColorlessPotion"},{"floor":16,"key":"Ancient Potion"},{"floor":18,"key":"BottledMiracle"},{"floor":20,"key":"FairyPotion"},{"floor":21,"key":"GamblersBrew"},{"floor":22,"key":"Dexterity Potion"}],"is_trial":false,"path_per_floor":["M","M","M","?","M","E","R","E","T","E","R","?","M","?","R","B",null,"M","$","?","M","M","E"],"character_chosen":"WATCHER","items_purchased":["Wireheading"],"campfire_rested":2,"item_purchase_floors":[19],"current_hp_per_floor":[72,72,72,61,52,20,41,30,30,18,39,39,39,39,39,26,72,60,60,60,52,21,0,0],"gold":379,"neow_bonus":"THREE_ENEMY_KILL","is_daily":false,"chose_seed":false,"campfire_upgraded":1,"win_rate":0.0,"timestamp":1610849718,"path_taken":["M","M","M","?","M","E","R","E","T","E","R","?","?","?","R","BOSS","M","$","?","?","M","E"],"items_purchased_type":["Card"],"build_version":"2020-12-22","purchased_purges":1,"victory":false,"max_hp_per_floor":[72,72,72,72,72,72,72,72,72,72,72,72,72,72,72,72,72,72,72,72,72,72,72,72],"card_choices":[{"not_picked":["FollowUp","SandsOfTime"],"picked":"CrushJoints","floor":1},{"not_picked":["Nirvana","Weave"],"picked":"CutThroughFate","floor":2},{"not_picked":["BowlingBash","CutThroughFate"],"picked":"Devotion","floor":3},{"not_picked":["Study","Prostrate"],"picked":"EmptyBody","floor":5},{"not_picked":["PathToVictory","ThirdEye","Meditate"],"picked":"SKIP","floor":6},{"not_picked":["EmptyBody","ThirdEye"],"picked":"EmptyFist","floor":8},{"not_picked":["PathToVictory","FollowUp"],"picked":"Tantrum","floor":10},{"not_picked":["Nirvana","Consecrate"],"picked":"LessonLearned","floor":11},{"not_picked":["Consecrate","EmptyFist"],"picked":"FollowUp","floor":13},{"not_picked":["Alpha","DevaForm"],"picked":"Ragnarok","floor":16},{"not_picked":["Nirvana+1","CrushJoints"],"picked":"Wireheading","floor":18},{"not_picked":["FlurryOfBlows","FlyingSleeves"],"picked":"EmptyBody","floor":21},{"not_picked":["TalkToTheHand","Indignation"],"picked":"FearNoEvil","floor":22}],"player_experience":68729,"relics_obtained":[{"floor":6,"key":"Bottled Flame"},{"floor":8,"key":"Kunai"},{"floor":9,"key":"Dream Catcher"},{"floor":10,"key":"Smiling Mask"},{"floor":17,"key":"Boot"},{"floor":17,"key":"White Beast Statue"},{"floor":17,"key":"Thread and Needle"}],"event_choices":[{"damage_healed":0,"gold_gain":75,"player_choice":"Gather Gold","damage_taken":11,"max_hp_gain":0,"max_hp_loss":0,"event_name":"World of Goop","floor":4,"gold_loss":0},{"damage_healed":0,"gold_gain":0,"player_choice":"Gave Potion","damage_taken":0,"relics_obtained":["InkBottle"],"max_hp_gain":0,"max_hp_loss":0,"event_name":"WeMeetAgain","floor":12,"gold_loss":0},{"damage_healed":0,"gold_gain":0,"player_choice":"Forge","damage_taken":0,"max_hp_gain":0,"max_hp_loss":0,"event_name":"Accursed Blacksmith","floor":14,"gold_loss":0,"cards_upgraded":["Eruption"]},{"damage_healed":0,"gold_gain":0,"player_choice":"Bought 2 Potions","damage_taken":0,"max_hp_gain":0,"max_hp_loss":0,"event_name":"The Woman in Blue","floor":20,"gold_loss":0}],"is_beta":false,"boss_relics":[{"not_picked":["SacredBark","SlaversCollar"],"picked":"Calling Bell"}],"items_purged_floors":[19],"is_endless":false,"potions_floor_spawned":[1,5,10,13,16,18,21,22],"killed_by":"Slavers","ascension_level":2}}