{"host":"ecuvtzmejf7hhjpv","time":1610897138,"event":{"mods":["AchievementEnabler","Act Like it!","Aspiration","BaseMod","Better Altar","Better Match","Better Note","Better Sensory Stone","Better Skull","Better Third Choice","BetterRewards","Conspire","Custom Start","Gensokyo","GifTheSpireLib","Hallownest","Hermit","Hubris","Kratos Character Expansion","Luminous","Marisa????????","Minty Spire (QoL Compilation)","Prisma Mod","Remilia??????","Replay The Spire","Robot Space Explorer","Spicy Shops","StSLib","The Animator","The Blackbeard","The Bug Knight","The Construct","The Cursed","The Disciple","The Dragon Tamer","The Forsaken","The Hierophant","The Jungle","The Marked","The Necromancer","The Poker Player","The Wild Card","TheSwordswoman"],"gold_per_floor":[159,198,236,276,14,14,91,167,194,194,293,293,293,376,376,483,483,541,568,650,650,700,776,804,804,804,804,804,432,432,499,499,647,647,721,793,793,793,299,299,350,453,453,453,453,499,499,72,72,132,132,132,12,67,81],"floor_reached":56,"language":"ENG","playtime":2408,"items_purged":[],"score":1335,"play_id":"da5679a4-edc0-48a9-89d3-9daf33da9cc7","local_time":"20210117092538","is_ascension_mode":false,"campfire_choices":[{"data":"HandOfGreed","floor":6.0,"key":"SMITH"},{"data":"FavorOfDestiny","floor":25,"key":"SMITH"},{"data":"ScarletMeister","floor":27,"key":"SMITH"},{"data":"RedMoon","floor":30,"key":"SMITH"},{"floor":32,"key":"REST"},{"data":"1","floor":40,"key":"LIFT"},{"data":"2","floor":44,"key":"LIFT"},{"floor":49,"key":"RECALL"},{"data":"3","floor":52,"key":"LIFT"}],"circlet_count":0,"master_deck":["Strike_RM","Strike_RM","Strike_RM","Strike_RM","Defend_RM","Defend_RM","Defend_RM","RedMoon+1","ScarletShoot","UnstableMagic","VampireClaw+1","MastersStateliness+1","HandOfGreed+1","DiffusionOfMisfortune","BombardNight","Ultimatum","UnstableMagic+1","HunterOfTheNight","MiserableFate","ForecastOfChange","AfternoonTea","UnstableMagic+1","ScarletMeister+1","CharismaGuard","UnstableMagic+1","ScarletImprint+1","Stigmanizer","FavorOfDestiny+1","UnstableMagic+1","ScarletCoffin","UnstableMagic+1","MastersStateliness+1","FitfulNightmare","CharismaGuard","PrismaMod:MiyuUncommonAttack+1","Madness","Madness","PrismaMod:IllyaPartialInstallAssassin+1","HeartBreak","ReplayTheSpireMod:IOU","Mayhem","TwelveNightmare","Blade Dance"],"relics":["ScarletHat","Shuriken","Membership Card","Replay:Bandana","Gremlin Horn","aspiration:ArtOfWarUpgrade","Replay:Bottled Steam","SlaversCollar","Question Card","aspiration:HummingbirdHeart","aspiration:Lifesprig","hubris:ToyBattleship","Orichalcum","ClockworkSouvenir","Frozen Eye","hubris:CrackedHourglass","hubris:SphereOfDissonance","PrismaticShard","aspiration:Nostalgia","Vampire_Amulet","Happy Flower","Girya","Ancient Tea Set","Replay:Wax Seal","Chemical X","hubris:CrystalStatue","hubris:PeanutButter","ReplayFunnel","Strange Spoon","White Beast Statue","ScarletDevilRocket"],"acts_visited":["Exordium","TheCity","TheBeyond","TheEnding"],"potions_floor_usage":[11,16,16,18,19,24,33,42,46,46,50,55,55,55],"damage_taken":[{"damage":0.0,"enemies":"Small Slimes","floor":1.0,"turns":6.0},{"damage":0.0,"enemies":"conspire:RoseBush","floor":2.0,"turns":7.0},{"damage":0.0,"enemies":"2 Louse","floor":3.0,"turns":3.0},{"damage":0.0,"enemies":"Blue Slaver","floor":4.0,"turns":6.0},{"damage":4.0,"enemies":"conspire:2 RoseBushes","floor":7.0,"turns":7.0},{"damage":0,"enemies":"HollowMod:MossKnight","floor":8,"turns":6},{"damage":0,"enemies":"3 Sentries","floor":11,"turns":7},{"damage":0,"enemies":"Large Slime","floor":14,"turns":5},{"damage":0,"enemies":"Slime Boss","floor":16,"turns":7},{"damage":40,"enemies":"3 Byrds","floor":18,"turns":8},{"damage":0,"enemies":"Spheric Guardian","floor":19,"turns":3},{"damage":1,"enemies":"3 Cultists","floor":20,"turns":6},{"damage":0,"enemies":"conspire:HollyBat","floor":22,"turns":10},{"damage":4,"enemies":"conspire:Head Lice","floor":23,"turns":4},{"damage":0,"enemies":"Centurion and Healer","floor":24,"turns":5},{"damage":25,"enemies":"Snake Plant","floor":31,"turns":4},{"damage":0,"enemies":"Champ","floor":33,"turns":7},{"damage":0,"enemies":"Orb Walker","floor":35,"turns":6},{"damage":0,"enemies":"3 Shapes","floor":36,"turns":3},{"damage":0,"enemies":"Transient","floor":41,"turns":5},{"damage":0,"enemies":"Giant Head","floor":42,"turns":6},{"damage":0,"enemies":"Nemesis","floor":46,"turns":3},{"damage":23,"enemies":"Replay:Hell Engine","floor":50,"turns":8},{"damage":20,"enemies":"Shield and Spear","floor":54,"turns":6},{"damage":24,"enemies":"The Heart","floor":55,"turns":6}],"seed_played":"2717645172039819779","potions_obtained":[{"floor":7,"key":"Swift Potion"},{"floor":11,"key":"Weak Potion"},{"floor":14,"key":"Explosive Potion"},{"floor":16,"key":"ColorlessPotion"},{"floor":18,"key":"Reflective Coating"},{"floor":19,"key":"DuplicationPotion"},{"floor":20,"key":"Death Potion"},{"floor":23,"key":"Adrenaline Potion"},{"floor":33,"key":"DistilledChaos"},{"floor":36,"key":"Strength Potion"}],"is_trial":false,"path_per_floor":["M","M","M","M","$","R","M","E","T","?","E","?","R","M","R","B",null,"M","M","M","?","M","E","M","R","T","R","?","$","R","M","R","B",null,"M","M","?","?","$","R","M","E","T","R","?","E","?","$","R","B",null,"R","$","E","B",null],"character_chosen":"REMILIA","items_purchased":["UnstableMagic","VampireClaw","MastersStateliness","HandOfGreed","DiffusionOfMisfortune","Shuriken","BombardNight","Membership Card","Replay:Bandana","MiserableFate","aspiration:Lifesprig","hubris:ToyBattleship","Orichalcum","ClockworkSouvenir","Frozen Eye","CharismaGuard","hubris:SphereOfDissonance","PrismaticShard","aspiration:Nostalgia","Happy Flower","Girya","Chemical X","hubris:CrystalStatue","hubris:PeanutButter","HeartBreak","PowerPotion","ReplayFunnel","Mayhem","Strange Spoon","TwelveNightmare"],"campfire_rested":1,"item_purchase_floors":[0,0,0,0,0,0,0,5,5,5,29,29,29,29,29,39,39,39,39,39,39,48,48,48,48,48,53,53,53,53],"current_hp_per_floor":[42,44,46,50,50,50,48,48,48,33,33,33,33,35,35,37,75,35,35,36,36,38,43,48,48,48,48,48,48,48,26,48,55,75,75,75,75,75,75,75,75,75,75,75,66,68,68,68,68,54,75,75,75,66,73],"gold":81,"neow_bonus":"","is_daily":false,"chose_seed":false,"campfire_upgraded":4,"win_rate":0.0,"timestamp":1610897138,"path_taken":["M","M","M","M","$","R","M","E","T","?","E","?","R","M","R","BOSS","M","M","M","?","M","E","M","R","T","R","?","$","R","M","R","BOSS","M","M","?","?","$","R","M","E","T","R","?","E","?","$","R","BOSS","R","$","E","BOSS"],"items_purchased_type":["Card","Card","Card","Card","Card","Relic","Card","Relic","Relic","Card","Relic","Relic","Relic","Relic","Relic","Card","Relic","Relic","Relic","Relic","Relic","Relic","Relic","Relic","Card","Potion","Relic","Card","Relic","Card"],"build_version":"2020-12-22","purchased_purges":0,"victory":true,"max_hp_per_floor":[75,75,75,75,75,75,75,75,75,75,75,75,75,75,75,75,75,75,75,75,75,75,75,75,75,75,75,75,75,75,75,75,75,75,75,75,75,75,75,75,75,75,75,75,75,75,75,75,75,75,75,75,75,75,75],"card_choices":[{"not_picked":["StarOfDavid","DiffusionOfMisfortune","BlasphemousPunishment"],"picked":"SKIP","floor":1.0},{"not_picked":["AfternoonTea","EndlessAdversity"],"picked":"Ultimatum","floor":2.0},{"not_picked":["BadLadyScramble","StarOfDavid"],"picked":"UnstableMagic","floor":3.0},{"not_picked":["MastersStateliness","TwelveNightmare"],"picked":"HunterOfTheNight","floor":3.0},{"not_picked":["BloodHunter","BadLadyScramble","UnderTheZenith"],"picked":"SKIP","floor":4.0},{"not_picked":["DiffusionOfMisfortune","BlasphemousPunishment"],"picked":"ForecastOfChange","floor":7},{"not_picked":["UnderTheZenith","EmergencyRegeneration","StarOfDavid"],"picked":"SKIP","floor":8},{"not_picked":["Ultimatum","BloodHunter"],"picked":"AfternoonTea","floor":11},{"not_picked":["BombardNight","RedRainbow"],"picked":"UnstableMagic","floor":11},{"not_picked":["RedRainbow","BombardNight","BlasphemousPunishment"],"picked":"SKIP","floor":14},{"not_picked":["BloodyHallows","CeilingFear"],"picked":"ScarletMeister","floor":16},{"not_picked":["DiffusionOfMisfortune","RedRainbow","BloodyTrap+1"],"picked":"SKIP","floor":18},{"not_picked":["RedRainbow","DiffusionOfMisfortune"],"picked":"CharismaGuard","floor":19},{"not_picked":["BloodHunter","NightDance","BlasphemousPunishment+1"],"picked":"SKIP","floor":20},{"not_picked":["EternalNight","UnstableMagic"],"picked":"ScarletImprint+1","floor":22},{"not_picked":["CeilingFear","RedRainbow"],"picked":"Stigmanizer","floor":23},{"not_picked":["BlasphemousPunishment","BombardNight+1","TwelveNightmare+1"],"picked":"FavorOfDestiny","floor":24},{"not_picked":["Ultimatum+1","VampireKiss","BloodHunter"],"picked":"UnstableMagic+1","floor":31},{"not_picked":["HeartBreak","BloodRain","KillingBlow"],"picked":"ScarletCoffin","floor":33},{"not_picked":["NightDance+1","BloodHunter","DiffusionOfMisfortune+1"],"picked":"UnstableMagic+1","floor":35},{"not_picked":["RedNightlessCastle+1","ScarletImprint+1","VampireClaw+1"],"picked":"MastersStateliness+1","floor":36},{"not_picked":["PrismaMod:MiyuCheapDexBuff","TheCursedMod:ReleasedKnowledge+1","TheCursedMod:CursedMace+1","Beam Cell"],"picked":"SKIP","floor":41},{"not_picked":["hubris:SharpeningStone+1","aspiration:Polymerization","TheCursedMod:ReleasedKnowledge+1"],"picked":"PrismaMod:MiyuUncommonAttack+1","floor":42},{"not_picked":["HollowMod:SharpenedNail","theMarked:HeritageOfTheMarked+1","construct:Anticipate"],"picked":"PrismaMod:IllyaPartialInstallAssassin+1","floor":46},{"not_picked":["Echonomics","animator:HiiragiShinya+1","hermit:FlashPowder"],"picked":"Blade Dance","floor":54}],"player_experience":961901,"relics_obtained":[{"floor":8,"key":"Gremlin Horn"},{"floor":9,"key":"Art of War"},{"floor":11,"key":"Replay:Bottled Steam"},{"floor":23,"key":"Question Card"},{"floor":26,"key":"aspiration:HummingbirdHeart"},{"floor":42,"key":"Ancient Tea Set"},{"floor":46,"key":"Replay:Wax Seal"},{"floor":54,"key":"White Beast Statue"},{"floor":54,"key":"ScarletDevilRocket"}],"event_choices":[{"damage_healed":48,"gold_gain":0,"player_choice":"Upgrade","damage_taken":15,"max_hp_gain":0,"max_hp_loss":75,"event_name":"betterThird:BetterShining","floor":10,"gold_loss":0,"cards_upgraded":["VampireClaw","UnstableMagic"]},{"damage_healed":0,"gold_gain":0,"player_choice":"Copied","damage_taken":0,"max_hp_gain":0,"max_hp_loss":0,"event_name":"Duplicator","floor":21,"gold_loss":0,"cards_obtained":["UnstableMagic"]},{"damage_healed":0,"gold_gain":0,"player_choice":"Upgraded","damage_taken":0,"max_hp_gain":0,"max_hp_loss":0,"event_name":"Upgrade Shrine","floor":28,"gold_loss":0,"cards_upgraded":["UnstableMagic"]},{"damage_healed":0,"gold_gain":0,"player_choice":"Embrace Madness","damage_taken":9,"max_hp_gain":0,"max_hp_loss":0,"event_name":"Winding Halls","floor":45,"gold_loss":0,"cards_obtained":["Madness","Madness"]},{"cards_removed":["Defend_RM"],"damage_healed":0,"gold_gain":0,"player_choice":"Removed Skill","damage_taken":0,"max_hp_gain":0,"max_hp_loss":0,"event_name":"Falling","floor":47,"gold_loss":0}],"is_beta":false,"boss_relics":[{"not_picked":["Philosopher\u0027s Stone","Ring of Chaos"],"picked":"SlaversCollar"},{"not_picked":["Replay:Ancient Bell","Astrolabe"],"picked":"hubris:CrackedHourglass"}],"items_purged_floors":[],"is_endless":false,"potions_floor_spawned":[3,7,11,14,16,18,19,20,23,33,35,36,42],"ascension_level":0}}