{"host":"4ag909k4xupnj24b","time":1610860707,"event":{"mods":["BaseMod","Minty Spire (QoL Compilation)","StSLib"],"gold_per_floor":[110,126,145,160,180,180,206,82,156,156,167,167,182,207,207,309,309,319,351,351,311,323,333,38,38,38,38,63,76,76,88,88,183,183,193,54,67,79,79,79,114,130,130,165,185,407,407,0,0,0],"floor_reached":51,"language":"ENG","playtime":10929,"items_purged":["Strike_B","Meteor Strike","Parasite"],"score":814,"play_id":"96bdbc57-5c36-42f2-b741-b7b8745df271","local_time":"20210116211827","is_ascension_mode":false,"campfire_choices":[{"data":"Gash","floor":6,"key":"SMITH"},{"floor":10,"key":"REST"},{"data":"Doom and Gloom","floor":12,"key":"SMITH"},{"data":"Beam Cell","floor":15,"key":"SMITH"},{"floor":25,"key":"DIG"},{"floor":27,"key":"DIG"},{"floor":30,"key":"REST"},{"floor":32,"key":"DIG"},{"floor":40,"key":"DIG"},{"floor":47,"key":"DIG"},{"floor":49,"key":"DIG"}],"circlet_count":0,"master_deck":["Zap","Dualcast","Doom and Gloom+1","Cold Snap","Gash+1","Glacier+1","Go for the Eyes","Beam Cell+1","Rebound","Chill","All For One","Seek+1","Skim+1","Beam Cell","Scrape+1","Gash","Echo Form","Static Discharge","All For One","Static Discharge","Defragment+1","Buffer","Gash+1","Loop"],"relics":["Cracked Core","Bag of Preparation","Ornamental Fan","Thread and Needle","Empty Cage","Red Mask","Shovel","Toy Ornithopter","War Paint","Bag of Marbles","Oddly Smooth Stone","Peace Pipe","Pandora\u0027s Box","Pear","Shuriken","Darkstone Periapt","Incense Burner","Mummified Hand","Bottled Flame","Art of War"],"acts_visited":["Exordium","TheCity","TheBeyond"],"potions_floor_usage":[7,16,19,31,33,33,41,50,50],"damage_taken":[{"damage":1,"enemies":"Jaw Worm","floor":1,"turns":3},{"damage":5,"enemies":"Small Slimes","floor":2,"turns":3},{"damage":0,"enemies":"2 Louse","floor":3,"turns":2},{"damage":6,"enemies":"Red Slaver","floor":4,"turns":3},{"damage":30,"enemies":"Exordium Thugs","floor":5,"turns":7},{"damage":12,"enemies":"Gremlin Nob","floor":7,"turns":3},{"damage":0,"enemies":"Blue Slaver","floor":11,"turns":2},{"damage":0,"enemies":"3 Louse","floor":13,"turns":2},{"damage":0,"enemies":"3 Sentries","floor":14,"turns":3},{"damage":0,"enemies":"Slime Boss","floor":16,"turns":7},{"damage":11,"enemies":"Spheric Guardian","floor":18,"turns":4},{"damage":0,"enemies":"Masked Bandits","floor":19,"turns":5},{"damage":0,"enemies":"3 Byrds","floor":22,"turns":3},{"damage":3,"enemies":"Snake Plant","floor":23,"turns":5},{"damage":27,"enemies":"Gremlin Leader","floor":28,"turns":5},{"damage":0,"enemies":"Centurion and Healer","floor":29,"turns":4},{"damage":0,"enemies":"3 Cultists","floor":31,"turns":2},{"damage":0,"enemies":"Collector","floor":33,"turns":6},{"damage":0,"enemies":"Orb Walker","floor":35,"turns":3},{"damage":0,"enemies":"3 Darklings","floor":37,"turns":5},{"damage":1,"enemies":"Writhing Mass","floor":38,"turns":5},{"damage":29,"enemies":"Nemesis","floor":41,"turns":5},{"damage":2,"enemies":"Spire Growth","floor":42,"turns":4},{"damage":5,"enemies":"Reptomancer","floor":44,"turns":4},{"damage":1,"enemies":"Maw","floor":45,"turns":5},{"damage":22,"enemies":"Awakened One","floor":50,"turns":7}],"seed_played":"7359885857442788986","potions_obtained":[{"floor":1,"key":"EssenceOfSteel"},{"floor":4,"key":"SteroidPotion"},{"floor":14,"key":"Explosive Potion"},{"floor":16,"key":"PowerPotion"},{"floor":18,"key":"AttackPotion"},{"floor":28,"key":"Explosive Potion"},{"floor":29,"key":"Strength Potion"},{"floor":31,"key":"PowerPotion"},{"floor":35,"key":"FocusPotion"},{"floor":38,"key":"SkillPotion"}],"is_trial":true,"path_per_floor":["M","M","M","M","M","R","E","$","T","R","M","R","M","E","R","B",null,"M","?","?","?","M","M","$","R","T","R","E","M","R","M","R","B",null,"M","$","M","M","?","R","E","M","T","E","M","?","R","$","R","B",null],"character_chosen":"DEFECT","items_purchased":["Rebound","Shovel","Defragment","Loop","Bottled Flame"],"campfire_rested":2,"item_purchase_floors":[8,24,36,48,48],"current_hp_per_floor":[74,69,69,63,33,33,21,21,21,43,43,43,43,43,43,43,75,64,64,50,50,50,47,47,47,47,47,20,20,44,49,49,59,80,80,80,80,79,79,89,61,59,59,54,53,53,53,53,53,41],"gold":0,"neow_bonus":"","is_daily":false,"chose_seed":true,"campfire_upgraded":3,"win_rate":0.0,"timestamp":1610860707,"path_taken":["M","M","M","M","M","R","E","$","T","R","M","R","M","E","R","BOSS","M","?","?","?","M","M","$","R","T","R","E","?","R","M","R","BOSS","M","$","M","M","?","R","E","M","T","E","?","?","R","$","R","BOSS"],"items_purchased_type":["Card","Relic","Card","Card","Relic"],"build_version":"2020-12-22","purchased_purges":3,"victory":true,"max_hp_per_floor":[75,75,75,75,75,75,75,75,75,75,75,75,75,75,75,75,75,75,75,80,80,80,80,80,80,80,80,80,80,80,80,80,80,80,80,80,80,80,80,90,90,90,90,90,90,90,90,87,87,87],"card_choices":[{"not_picked":["Hologram","Steam"],"picked":"Doom and Gloom","floor":1},{"not_picked":["Hologram","Stack"],"picked":"Cold Snap","floor":2},{"not_picked":["Go for the Eyes","Stack"],"picked":"Gash","floor":3},{"not_picked":["Darkness","Go for the Eyes"],"picked":"Glacier","floor":4},{"not_picked":["Turbo","Chill"],"picked":"Go for the Eyes","floor":5},{"not_picked":["Aggregate","Hello World"],"picked":"Beam Cell","floor":7},{"not_picked":["Ball Lightning","Leap","Heatsinks"],"picked":"SKIP","floor":11},{"not_picked":["Heatsinks","Ball Lightning"],"picked":"Chill","floor":13},{"not_picked":["Cold Snap","Stack"],"picked":"All For One","floor":14},{"not_picked":["Amplify","Fission"],"picked":"Seek","floor":16},{"not_picked":["Cold Snap","Beam Cell"],"picked":"Skim+1","floor":18},{"not_picked":["Compile Driver","Sweeping Beam"],"picked":"Beam Cell","floor":19},{"not_picked":["Conserve Battery","Fusion","Chaos"],"picked":"SKIP","floor":22},{"not_picked":["Redo","Barrage+1","Darkness"],"picked":"SKIP","floor":23},{"not_picked":["Go for the Eyes+1","Compile Driver+1"],"picked":"Scrape+1","floor":28},{"not_picked":["Sunder","Darkness"],"picked":"Gash","floor":29},{"not_picked":["Streamline+1","Steam Power","Cold Snap+1"],"picked":"SKIP","floor":31},{"not_picked":["Turbo+1","BootSequence","Rebound"],"picked":"SKIP","floor":35},{"not_picked":["Streamline","Glacier+1","Recycle"],"picked":"SKIP","floor":37},{"not_picked":["Storm","Tempest","Fusion"],"picked":"SKIP","floor":38},{"not_picked":["Redo","Fusion"],"picked":"Buffer","floor":41},{"not_picked":["Turbo+1","Conserve Battery"],"picked":"Gash+1","floor":42},{"not_picked":["Force Field+1","Ball Lightning","Barrage+1"],"picked":"SKIP","floor":44},{"not_picked":["Cold Snap","Tempest+1","Redo+1"],"picked":"SKIP","floor":45}],"player_experience":846302,"relics_obtained":[{"floor":7,"key":"Bag of Preparation"},{"floor":9,"key":"Ornamental Fan"},{"floor":14,"key":"Thread and Needle"},{"floor":19,"key":"Red Mask"},{"floor":25,"key":"Toy Ornithopter"},{"floor":26,"key":"War Paint"},{"floor":27,"key":"Bag of Marbles"},{"floor":28,"key":"Oddly Smooth Stone"},{"floor":32,"key":"Peace Pipe"},{"floor":40,"key":"Pear"},{"floor":41,"key":"Shuriken"},{"floor":43,"key":"Darkstone Periapt"},{"floor":44,"key":"Incense Burner"},{"floor":47,"key":"Mummified Hand"},{"floor":49,"key":"Art of War"}],"event_choices":[{"damage_healed":0,"gold_gain":0,"player_choice":"Fought Bandits","damage_taken":0,"max_hp_gain":0,"max_hp_loss":0,"event_name":"Masked Bandits","floor":19,"gold_loss":0},{"damage_healed":0,"gold_gain":0,"player_choice":"Shed Blood","damage_taken":19,"max_hp_gain":5,"max_hp_loss":0,"event_name":"Forgotten Altar","floor":20,"gold_loss":0},{"damage_healed":0,"gold_gain":0,"player_choice":"Upgrade","damage_taken":0,"max_hp_gain":0,"max_hp_loss":0,"event_name":"Designer","floor":21,"gold_loss":40,"cards_upgraded":["Seek"]},{"damage_healed":0,"gold_gain":0,"player_choice":"Forge","damage_taken":0,"max_hp_gain":0,"max_hp_loss":0,"event_name":"Accursed Blacksmith","floor":39,"gold_loss":0,"cards_upgraded":["Defragment"]},{"damage_healed":0,"gold_gain":222,"player_choice":"Wore Mask","damage_taken":0,"max_hp_gain":0,"max_hp_loss":0,"event_name":"Tomb of Lord Red Mask","floor":46,"gold_loss":0}],"is_beta":false,"boss_relics":[{"not_picked":["Fusion Hammer","FrozenCore"],"picked":"Empty Cage"},{"not_picked":["Nuclear Battery","Philosopher\u0027s Stone"],"picked":"Pandora\u0027s Box"}],"items_purged_floors":[8,36,48],"is_endless":false,"potions_floor_spawned":[1,4,14,16,18,28,29,31,35,38],"ascension_level":0}}