{"host":"m6aaltr68g9tvoay","time":1610853164,"event":{"mods":["AchievementEnabler","BaseMod","Colored Map","Downfall","Minty Spire (QoL Compilation)","StSLib"],"gold_per_floor":[99,111,130,177,194,206,206,232,243,43,72,11,161,161,175,275,275,275,286,286,361,379,479,525,558,182,182,23,23,23,40,56,155,155,155,165,178,189,119,139,139,139,189,189,207,107,107,134,34,34,34,34,34],"floor_reached":52,"language":"ENG","playtime":5977,"items_purged":["downfall:Icky","bronze:Strike"],"score":869,"play_id":"eecf47d8-6e1c-4fda-bae7-fe42c3afd051","local_time":"20210116191244","is_ascension_mode":true,"campfire_choices":[{"floor":1,"key":"RECALL"},{"floor":10,"key":"REST"},{"data":"bronze:Library","floor":18,"key":"SMITH"},{"floor":27,"key":"REST"},{"floor":29,"key":"REST"},{"data":"bronze:FindAndReplace","floor":35,"key":"SMITH"},{"floor":44,"key":"REST"},{"floor":47,"key":"REST"},{"floor":49,"key":"REST"}],"circlet_count":0,"master_deck":["bronze:Strike","bronze:Defend","bronze:Defend","bronze:Defend","bronze:Defend","bronze:Replicate","bronze:Goto","bronze:Library+1","bronze:BugBarrage","bronze:Repair","bronze:Repulsor","bronze:ChildClass","bronze:WildBeam","bronze:Frontload","bronze:BronzeOrb","bronze:Branch","bronze:DigitalCarnage","bronze:GetLatest","bronze:HardenedForm","CurseOfTheBell","bronze:Constructor","bronze:InfiniteBeams+1","bronze:ChosenStrike","J.A.X.","bronze:Separator+1","bronze:ThunderWave","bronze:WhirlingStrike+1","bronze:Flail","bronze:FindAndReplace+1","bronze:Branch+1","bronze:Terminator","bronze:InfiniteLoop","bronze:ForLoop+1","bronze:FollowUp+1","Panache","bronze:Shell+1","bronze:Turbo+1"],"relics":["bronze:PlatinumCore","Letter Opener","Ginger","downfall:HeartBlessingBlue","downfall:HeartBlessingRed","Thread and Needle","Calling Bell","Dream Catcher","Pear","StoneCalendar","MutagenicStrength","Strawberry","Lizard Tail","Medical Kit","Membership Card","Meat on the Bone","Chemical X","Blood Vial","Pantograph","Gambling Chip","Akabeko","Frozen Egg 2","downfall:HeartBlessingGreen"],"acts_visited":["Exordium","TheCity","TheBeyond","TheEnding"],"potions_floor_usage":[8,11,20,25,25,33,36,40,40],"damage_taken":[{"damage":11,"enemies":"Cultist","floor":2,"turns":4},{"damage":7,"enemies":"Small Slimes","floor":3,"turns":5},{"damage":17,"enemies":"Jaw Worm","floor":5,"turns":6},{"damage":12,"enemies":"Blue Slaver","floor":6,"turns":7},{"damage":6,"enemies":"Gremlin Nob","floor":8,"turns":3},{"damage":13,"enemies":"Red Slaver","floor":9,"turns":6},{"damage":7,"enemies":"Lagavulin","floor":11,"turns":6},{"damage":0,"enemies":"downfall:FleeingMerchant","floor":12,"turns":4},{"damage":14,"enemies":"Exordium Wildlife","floor":15,"turns":4},{"damage":42,"enemies":"WA_ARCHETYPE_RETAIN","floor":16,"turns":8},{"damage":3,"enemies":"Shell Parasite","floor":19,"turns":3},{"damage":3,"enemies":"3 Byrds","floor":20,"turns":4},{"damage":28,"enemies":"Centurion and Healer","floor":22,"turns":5},{"damage":30,"enemies":"downfall:Augmenter","floor":23,"turns":6},{"damage":28,"enemies":"Gremlin Leader","floor":25,"turns":5},{"damage":3,"enemies":"downfall:FleeingMerchant","floor":26,"turns":4},{"damage":6,"enemies":"downfall:FleeingMerchant","floor":28,"turns":4},{"damage":5,"enemies":"Chosen and Byrds","floor":31,"turns":5},{"damage":0,"enemies":"3 Cultists","floor":32,"turns":3},{"damage":50,"enemies":"SI_MIRROR_ARCHETYPE","floor":33,"turns":7},{"damage":44,"enemies":"3 Darklings","floor":36,"turns":4},{"damage":0,"enemies":"Orb Walker","floor":37,"turns":4},{"damage":9,"enemies":"Jaw Worm Horde","floor":38,"turns":5},{"damage":0,"enemies":"downfall:FleeingMerchant","floor":39,"turns":1},{"damage":21,"enemies":"3 Darklings","floor":40,"turns":3},{"damage":55,"enemies":"3 Darklings","floor":43,"turns":7},{"damage":0,"enemies":"Sphere and 2 Shapes","floor":45,"turns":3},{"damage":42,"enemies":"Nemesis","floor":48,"turns":7},{"damage":38,"enemies":"DF_ARCHETYPE_ORBS","floor":50,"turns":10},{"damage":186,"enemies":"downfall:CharBossMerchant","floor":52,"turns":10}],"seed_played":"-3322028890598879623","potions_obtained":[{"floor":2,"key":"Fire Potion"},{"floor":3,"key":"SmokeBomb"},{"floor":6,"key":"bronze:FreeFunctionsPotion"},{"floor":8,"key":"Block Potion"},{"floor":21,"key":"downfall:CursedFountainPotion"},{"floor":23,"key":"Weak Potion"},{"floor":25,"key":"Explosive Potion"},{"floor":32,"key":"Strength Potion"},{"floor":33,"key":"Guardian:BlockOnCardUsePotion"},{"floor":38,"key":"ColorlessPotion"},{"floor":45,"key":"Explosive Potion"}],"is_trial":false,"path_per_floor":["R","M","M","T","M","M","T","E","M","R","E","$","?","?","M","B",null,"R","M","M","?","M","?","T","E","$","R","$","R","?","M","M","B",null,"R","M","M","M","$","M","T","?","?","R","M","$","R","E","R","B",null,"E"],"character_chosen":"THE_AUTOMATON","items_purchased":["bronze:Branch","Medical Kit","CultistPotion","bronze:Flail","Membership Card","Meat on the Bone","Chemical X","Panache","Blood Vial","Akabeko","PowerPotion"],"campfire_rested":6,"item_purchase_floors":[12,26,26,26,28,39,39,39,39,46,46],"current_hp_per_floor":[70,59,52,52,42,37,37,38,32,66,66,66,66,66,59,24,90,90,87,90,90,69,39,46,25,29,58,59,88,88,90,90,47,97,97,53,60,51,51,44,44,44,35,64,66,66,95,58,87,66,97,0,0],"gold":34,"neow_bonus":"ONE_RANDOM_RARE_CARD","is_daily":false,"chose_seed":false,"campfire_upgraded":2,"win_rate":0.0,"timestamp":1610853164,"path_taken":["R","M","M","?","M","M","T","E","M","R","E","$","?","?","M","BOSS","R","M","M","?","?","?","T","E","$","R","$","R","?","M","M","BOSS","R","M","M","M","$","M","T","?","?","R","?","$","R","E","R","BOSS","E"],"items_purchased_type":["Card","Relic","Potion","Card","Relic","Relic","Relic","Card","Relic","Relic","Potion"],"build_version":"2020-12-22","purchased_purges":2,"victory":false,"max_hp_per_floor":[70,70,70,70,70,70,70,70,70,80,80,80,80,80,80,80,90,90,90,90,90,90,90,97,97,97,97,97,97,97,97,97,97,97,97,97,97,97,97,97,97,97,97,97,97,97,97,97,97,97,97,97,97],"card_choices":[{"not_picked":["bronze:Overload","bronze:Deprecate"],"picked":"bronze:BugBarrage","floor":2},{"not_picked":["bronze:CutThrough","bronze:Separator"],"picked":"bronze:Repair","floor":3},{"not_picked":["bronze:Invalidate","bronze:BugBarrage"],"picked":"bronze:Repulsor","floor":5},{"not_picked":["bronze:BitShift","bronze:DelayedGuard"],"picked":"bronze:ChildClass","floor":6},{"not_picked":["bronze:BugBarrage","bronze:Shield"],"picked":"bronze:WildBeam","floor":8},{"not_picked":["bronze:ForLoop","bronze:WildBeam"],"picked":"bronze:Frontload","floor":9},{"not_picked":["bronze:Branch","bronze:HyperBeam"],"picked":"bronze:BronzeOrb","floor":11},{"not_picked":["bronze:Invalidate","bronze:Overheat"],"picked":"bronze:WildBeam","floor":12},{"not_picked":["bronze:Constructor","bronze:Deprecate"],"picked":"bronze:GetLatest","floor":15},{"not_picked":["bronze:Break","bronze:HyperBeam"],"picked":"bronze:HardenedForm","floor":16},{"not_picked":["bronze:DelayedGuard","bronze:Turbo"],"picked":"bronze:Constructor","floor":19},{"not_picked":["bronze:Invalidate","bronze:FineTuning"],"picked":"bronze:InfiniteBeams+1","floor":22},{"not_picked":[],"picked":"J.A.X.","floor":23},{"not_picked":["bronze:Constructor","bronze:Optimize+1"],"picked":"bronze:Separator+1","floor":23},{"not_picked":["bronze:BugBarrage+1","bronze:DelayedSlice","bronze:Constructor+1"],"picked":"SKIP","floor":25},{"not_picked":["bronze:BitShift","bronze:Shield"],"picked":"bronze:WhirlingStrike+1","floor":26},{"not_picked":["bronze:Invalidate","bronze:CutThrough","bronze:Frontload"],"picked":"SKIP","floor":28},{"not_picked":["bronze:BronzeArmor","bronze:ChosenStrike"],"picked":"bronze:FindAndReplace","floor":29},{"not_picked":["bronze:CutThrough","bronze:Optimize"],"picked":"bronze:Branch+1","floor":31},{"not_picked":["bronze:GetLatest","bronze:Iterate"],"picked":"bronze:Terminator","floor":32},{"not_picked":["bronze:BurnOut","bronze:Hardcode"],"picked":"bronze:InfiniteLoop","floor":33},{"not_picked":["bronze:DarkDash","bronze:Separator"],"picked":"bronze:ForLoop+1","floor":36},{"not_picked":["bronze:Allocate+1","bronze:FineTuning","bronze:Refactor+1"],"picked":"SKIP","floor":37},{"not_picked":["bronze:Deprecate","bronze:BitShift","bronze:Invalidate"],"picked":"SKIP","floor":38},{"not_picked":["bronze:ChildClass+1","bronze:Refactor"],"picked":"bronze:FollowUp+1","floor":39},{"not_picked":["bronze:Invalidate+1","bronze:Deprecate+1","bronze:CutThrough"],"picked":"SKIP","floor":40},{"not_picked":["bronze:OilSpill+1","bronze:AlphaBuild"],"picked":"bronze:Shell+1","floor":45},{"not_picked":["bronze:BronzeOrb+1","bronze:ShipIt","bronze:FineTuning+1"],"picked":"SKIP","floor":48},{"not_picked":["bronze:BronzeOrb","bronze:Branch"],"picked":"bronze:Turbo+1","floor":49}],"player_experience":1804964,"relics_obtained":[{"floor":7,"key":"Letter Opener"},{"floor":8,"key":"Ginger"},{"floor":11,"key":"Thread and Needle"},{"floor":17,"key":"Dream Catcher"},{"floor":17,"key":"Pear"},{"floor":17,"key":"StoneCalendar"},{"floor":23,"key":"MutagenicStrength"},{"floor":24,"key":"Strawberry"},{"floor":25,"key":"Lizard Tail"},{"floor":41,"key":"Pantograph"},{"floor":43,"key":"Gambling Chip"},{"floor":48,"key":"Frozen Egg 2"}],"event_choices":[{"cards_removed":["bronze:WildBeam"],"damage_healed":0,"gold_gain":0,"player_choice":"Removed Attack","damage_taken":0,"max_hp_gain":0,"max_hp_loss":0,"event_name":"Falling","floor":42,"gold_loss":0}],"is_beta":false,"boss_relics":[{"not_picked":["Astrolabe","Coffee Dripper"],"picked":"Calling Bell"},{"not_picked":["Snecko Eye","Tiny House"],"picked":"bronze:PlatinumCore"}],"items_purged_floors":[26,39],"is_endless":false,"potions_floor_spawned":[2,3,6,8,23,25,32,33,38,45],"killed_by":"downfall:CharBossMerchant","ascension_level":4}}