{"host":"d8hh7rr4yzitjeuj","time":1610853496,"event":{"mods":["2.2 Compatiblity","AchievementEnabler","Act Like it!","BaseMod","Colored Map","Colored Powertips","Highlight Path","Keyboard Shortcuts","Minty Spire (QoL Compilation)","Permanent Neow","Quick Restart","StSLib","SuperFastMode"],"gold_per_floor":[117,128,145,164,179,179,199,211,211,228,228,228,228,228,228,305,305,321,321,48,48,60,60,89,100,155,77,77,77],"floor_reached":28,"language":"KOR","playtime":1121,"items_purged":["Strike_B"],"score":464,"play_id":"2d6bf46a-0518-47bc-a5ad-eac5d26d1d09","local_time":"20210117121816","is_ascension_mode":true,"campfire_choices":[{"data":"Redo","floor":6,"key":"SMITH"},{"floor":15,"key":"REST"},{"floor":23,"key":"REST"}],"circlet_count":0,"master_deck":["AscendersBane","Strike_B","Strike_B","Strike_B","Defend_B","Defend_B","Defend_B","Defend_B","Zap+1","Dualcast","Redo+1","Hologram","Chill","All For One","Capacitor","Chaos+1","Barrage","Stack","Biased Cognition+1","Gash","Capacitor+1","Chaos","Compile Driver","Stack","Consume","Conserve Battery","Fission"],"relics":["Cracked Core","Frozen Egg 2","HornCleat","Runic Pyramid","Enchiridion","Bottled Tornado","Lantern"],"acts_visited":["Exordium","TheCity"],"potions_floor_usage":[10,10,16,24,28],"damage_taken":[{"damage":0,"enemies":"2 Louse","floor":1,"turns":2},{"damage":7,"enemies":"Jaw Worm","floor":2,"turns":2},{"damage":0,"enemies":"Small Slimes","floor":3,"turns":2},{"damage":6,"enemies":"2 Fungi Beasts","floor":4,"turns":4},{"damage":6,"enemies":"Large Slime","floor":5,"turns":6},{"damage":7,"enemies":"3 Louse","floor":7,"turns":3},{"damage":25,"enemies":"Lots of Slimes","floor":8,"turns":4},{"damage":4,"enemies":"Gremlin Gang","floor":10,"turns":6},{"damage":46,"enemies":"Slime Boss","floor":16,"turns":10},{"damage":7,"enemies":"3 Byrds","floor":18,"turns":6},{"damage":17,"enemies":"Chosen","floor":22,"turns":6},{"damage":15,"enemies":"Book of Stabbing","floor":24,"turns":5},{"damage":13,"enemies":"3 Cultists","floor":25,"turns":6},{"damage":9,"enemies":"Cultist and Chosen","floor":28,"turns":6}],"seed_played":"-6835874898261332016","potions_obtained":[{"floor":1,"key":"SneckoOil"},{"floor":5,"key":"Weak Potion"},{"floor":10,"key":"Strength Potion"},{"floor":16,"key":"ColorlessPotion"},{"floor":25,"key":"DistilledChaos"}],"is_trial":false,"path_per_floor":["M","M","M","M","M","R","M","M","T","M","?","T","?","?","R","B",null,"M","?","$","?","M","R","E","M","T","$","M"],"character_chosen":"DEFECT","items_purchased":["Capacitor+1","Chaos","Compile Driver","Fission"],"campfire_rested":2,"item_purchase_floors":[20,20,20,27],"current_hp_per_floor":[64,57,57,51,45,45,38,13,13,9,9,9,9,26,47,1,54,47,26,26,26,9,29,14,1,1,1,0,0],"gold":77,"neow_bonus":"UPGRADE_CARD","is_daily":false,"chose_seed":false,"campfire_upgraded":1,"win_rate":0.0,"timestamp":1610853496,"path_taken":["M","M","M","M","M","R","M","M","T","M","?","?","?","?","R","BOSS","M","?","$","?","?","R","E","?","T","?","M"],"items_purchased_type":["Card","Card","Card","Card"],"build_version":"2020-12-22","purchased_purges":1,"victory":false,"max_hp_per_floor":[71,71,71,71,71,71,71,71,71,71,71,71,71,71,71,71,71,71,71,71,68,68,68,68,68,68,68,68,68],"card_choices":[{"not_picked":["Compile Driver","Stack"],"picked":"Redo","floor":1},{"not_picked":["Gash","Barrage"],"picked":"Hologram","floor":2},{"not_picked":["Gash","Redo"],"picked":"Chill","floor":3},{"not_picked":["Steam","Stack"],"picked":"All For One","floor":4},{"not_picked":["Turbo","Gash"],"picked":"Capacitor","floor":5},{"not_picked":["Gash","Fission"],"picked":"Chaos","floor":7},{"not_picked":["Doom and Gloom","Cold Snap"],"picked":"Barrage","floor":8},{"not_picked":["Sweeping Beam","Hologram"],"picked":"Stack","floor":10},{"not_picked":["Fission","Hyperbeam"],"picked":"Biased Cognition+1","floor":16},{"not_picked":["Rebound+1","Lockon"],"picked":"Gash","floor":18},{"not_picked":["FTL","Hologram"],"picked":"Stack","floor":22},{"not_picked":["Rainbow","Hello World+1"],"picked":"Consume","floor":24},{"not_picked":["Steam","Ball Lightning"],"picked":"Conserve Battery","floor":25}],"player_experience":1441021,"relics_obtained":[{"floor":9,"key":"Frozen Egg 2"},{"floor":12,"key":"HornCleat"},{"floor":19,"key":"Enchiridion"},{"floor":24,"key":"Bottled Tornado"},{"floor":26,"key":"Lantern"}],"event_choices":[{"damage_healed":0,"gold_gain":0,"player_choice":"Grow","damage_taken":0,"max_hp_gain":0,"max_hp_loss":0,"event_name":"Living Wall","floor":11,"gold_loss":0,"cards_upgraded":["Chaos"]},{"damage_healed":0,"gold_gain":0,"player_choice":"Ignored","damage_taken":0,"max_hp_gain":0,"max_hp_loss":0,"event_name":"Golden Idol","floor":13,"gold_loss":0},{"damage_healed":17,"gold_gain":0,"player_choice":"Healed and dodged fight","damage_taken":0,"max_hp_gain":0,"max_hp_loss":0,"event_name":"Mushrooms","floor":14,"gold_loss":0,"cards_obtained":["Parasite"]},{"damage_healed":0,"gold_gain":0,"player_choice":"Obtained Book","damage_taken":21,"max_hp_gain":0,"max_hp_loss":0,"event_name":"Cursed Tome","floor":19,"gold_loss":0},{"cards_removed":["Parasite"],"damage_healed":0,"gold_gain":0,"player_choice":"Card Removal","damage_taken":0,"max_hp_gain":0,"max_hp_loss":0,"event_name":"Wheel of Change","floor":21,"gold_loss":0}],"is_beta":false,"boss_relics":[{"not_picked":["Ectoplasm","Black Star"],"picked":"Runic Pyramid"}],"items_purged_floors":[20],"is_endless":false,"potions_floor_spawned":[1,5,7,10,16,25],"killed_by":"Cultist and Chosen","ascension_level":20}}