{"host":"3pw9u83bdp0tylwm","time":1610857322,"event":{"mods":["AchievementEnabler","BaseMod","Colored Map","Filter the Spire","Minty Spire (QoL Compilation)","Relic Stats","Slay the Relics Exporter","StSLib"],"gold_per_floor":[115,131,131,191,202,232,232,21,21,21,34,59,71,98,110,217,229,258,270,298,310,123,157,157,182,205,120,57,69,79,109,109,214,214,234,234,251,268,282,316,316,163,189,200,200,213,213,247,247,247,247,247,9,43,43],"floor_reached":56,"language":"ENG","playtime":2277,"items_purged":["Bash","Anger","Fiend Fire","Bludgeon+1","Shrug It Off"],"score":1663,"play_id":"64abbe22-c5af-45f9-86ba-d42d1709db9d","local_time":"20210116222202","is_ascension_mode":true,"campfire_choices":[{"data":"Bludgeon","floor":7.0,"key":"SMITH"},{"data":"Pommel Strike","floor":10.0,"key":"SMITH"},{"data":"Metallicize","floor":15.0,"key":"SMITH"},{"data":"Offering","floor":24,"key":"SMITH"},{"data":"Feed","floor":32,"key":"SMITH"},{"data":"Burning Pact","floor":41,"key":"SMITH"},{"floor":47,"key":"RECALL"},{"data":"Rage","floor":49,"key":"SMITH"},{"data":"Inflame","floor":52,"key":"SMITH"}],"circlet_count":0,"master_deck":["Uppercut+1","Brutality","Metallicize+1","Burning Pact+1","Dark Embrace","Offering+1","Pommel Strike+1","Pommel Strike+1","Rage+1","Feed+1","Burning Pact+1","Inflame+1"],"relics":["Pandora\u0027s Box","Sundial","Membership Card","HornCleat","MawBank","Empty Cage","Vajra","Centennial Puzzle","Blue Candle","Bronze Scales","Orichalcum","Mummified Hand","Sozu","Kunai","DollysMirror","Art of War","Blood Vial","OrangePellets","Strawberry","Pen Nib"],"acts_visited":["Exordium","TheCity","TheBeyond","TheEnding"],"potions_floor_usage":[55,55,55],"damage_taken":[{"damage":6.0,"enemies":"2 Louse","floor":1.0,"turns":2.0},{"damage":0.0,"enemies":"Small Slimes","floor":2.0,"turns":2.0},{"damage":0.0,"enemies":"Jaw Worm","floor":5.0,"turns":3.0},{"damage":11.0,"enemies":"Gremlin Nob","floor":6.0,"turns":3.0},{"damage":6.0,"enemies":"Red Slaver","floor":11.0,"turns":2.0},{"damage":8.0,"enemies":"Lagavulin","floor":12.0,"turns":3.0},{"damage":0.0,"enemies":"Large Slime","floor":14.0,"turns":2.0},{"damage":12.0,"enemies":"Hexaghost","floor":16.0,"turns":6.0},{"damage":10.0,"enemies":"2 Thieves","floor":18.0,"turns":3.0},{"damage":0,"enemies":"Spheric Guardian","floor":20,"turns":2},{"damage":6,"enemies":"Slavers","floor":23,"turns":1},{"damage":6,"enemies":"Gremlin Leader","floor":25,"turns":1},{"damage":6,"enemies":"Snake Plant","floor":29,"turns":1},{"damage":6,"enemies":"Shelled Parasite and Fungi","floor":30,"turns":1},{"damage":6,"enemies":"Book of Stabbing","floor":31,"turns":1},{"damage":6,"enemies":"Automaton","floor":33,"turns":1},{"damage":6,"enemies":"3 Darklings","floor":35,"turns":1},{"damage":6,"enemies":"3 Shapes","floor":37,"turns":1},{"damage":6,"enemies":"Spire Growth","floor":38,"turns":1},{"damage":10,"enemies":"Writhing Mass","floor":39,"turns":2},{"damage":6,"enemies":"Reptomancer","floor":40,"turns":1},{"damage":6,"enemies":"Transient","floor":44,"turns":1},{"damage":6,"enemies":"3 Darklings","floor":46,"turns":1},{"damage":6,"enemies":"Giant Head","floor":48,"turns":1},{"damage":8,"enemies":"Time Eater","floor":50,"turns":3},{"damage":6,"enemies":"Shield and Spear","floor":54,"turns":1},{"damage":14,"enemies":"The Heart","floor":55,"turns":4}],"seed_played":"8459041791230807303","potions_obtained":[{"floor":5.0,"key":"BlessingOfTheForge"},{"floor":6.0,"key":"LiquidBronze"},{"floor":11.0,"key":"Swift Potion"},{"floor":12.0,"key":"EssenceOfSteel"},{"floor":30,"key":"Swift Potion"}],"is_trial":false,"path_per_floor":["M","M","?","?","M","E","R","$","T","R","M","E","$","M","R","B",null,"M","?","M","?","$","E","R","E","T","?","$","M","M","E","R","B",null,"M","?","M","M","M","E","R","$","T","M","?","M","R","E","R","B",null,"R","$","E","B",null],"character_chosen":"IRONCLAD","items_purchased":["Membership Card","Pommel Strike","Vajra","Centennial Puzzle","DollysMirror","OrangePellets","Strawberry"],"campfire_rested":0,"item_purchase_floors":[8,8,22,22,42,53,53],"current_hp_per_floor":[74,74,74,74,74,63,63,63,63,63,57,49,49,49,49,37,80,70,80,80,64,64,58,58,52,52,52,52,46,40,34,34,32,84,82,82,80,78,72,70,70,70,70,68,68,66,66,64,64,62,120,120,127,125,117],"gold":43,"neow_bonus":"BOSS_RELIC","is_daily":false,"chose_seed":false,"campfire_upgraded":8,"win_rate":0.0,"timestamp":1610857322,"path_taken":["M","M","?","?","M","E","R","?","T","R","M","E","$","M","R","BOSS","M","?","M","?","$","E","R","E","T","?","$","M","M","E","R","BOSS","M","?","M","?","M","E","R","$","T","M","?","?","R","E","R","BOSS","R","$","E","BOSS"],"items_purchased_type":["Relic","Card","Relic","Relic","Relic","Relic","Relic"],"build_version":"2020-12-22","purchased_purges":5,"victory":true,"max_hp_per_floor":[80,80,80,80,80,80,80,80,80,80,80,80,80,80,80,80,80,80,80,80,80,80,80,80,80,80,80,80,80,80,80,80,84,84,88,88,92,96,100,104,104,104,104,108,108,112,112,116,116,120,120,120,127,131,135],"card_choices":[{"not_picked":["Intimidate","Thunderclap"],"picked":"Shrug It Off","floor":1.0},{"not_picked":["Perfected Strike","Sword Boomerang","Cleave"],"picked":"SKIP","floor":2.0},{"not_picked":["Rage","Pommel Strike"],"picked":"Dark Embrace","floor":5.0},{"not_picked":["Spot Weakness","Reckless Charge"],"picked":"Offering","floor":6.0},{"not_picked":["Wild Strike","Sever Soul","Clothesline"],"picked":"SKIP","floor":11.0},{"not_picked":["Searing Blow","Battle Trance","Flame Barrier"],"picked":"SKIP","floor":12.0},{"not_picked":["Combust","Anger","Battle Trance"],"picked":"SKIP","floor":14.0},{"not_picked":["Perfected Strike","Fire Breathing+1"],"picked":"Pommel Strike+1","floor":18.0},{"not_picked":["Reckless Charge","Warcry","Thunderclap"],"picked":"SKIP","floor":20},{"not_picked":["Shrug It Off","Twin Strike","Headbutt+1"],"picked":"SKIP","floor":23},{"not_picked":["Rage","Twin Strike","Flame Barrier"],"picked":"SKIP","floor":25},{"not_picked":["Twin Strike","Flame Barrier"],"picked":"Rage","floor":25},{"not_picked":["Limit Break","Whirlwind","Clothesline"],"picked":"SKIP","floor":29},{"not_picked":["Heavy Blade","Metallicize+1","Cleave+1"],"picked":"SKIP","floor":30},{"not_picked":["Clash","Uppercut"],"picked":"Feed","floor":31},{"not_picked":["Combust","Flex+1","Body Slam+1"],"picked":"SKIP","floor":35},{"not_picked":["Heavy Blade","Clothesline+1","Sever Soul"],"picked":"SKIP","floor":37},{"not_picked":["Twin Strike+1","Headbutt+1","Metallicize"],"picked":"SKIP","floor":38},{"not_picked":["Cleave","Reaper","Warcry+1"],"picked":"SKIP","floor":39},{"not_picked":["Flame Barrier","Shrug It Off+1","Fire Breathing+1"],"picked":"SKIP","floor":40},{"not_picked":["Armaments+1","Evolve","Perfected Strike"],"picked":"SKIP","floor":44},{"not_picked":["Shrug It Off+1","Hemokinesis+1","Disarm"],"picked":"SKIP","floor":46},{"not_picked":["Second Wind+1","Cleave","Bloodletting+1"],"picked":"SKIP","floor":48},{"not_picked":["Barricade","Clothesline","Immolate"],"picked":"SKIP","floor":54}],"player_experience":719441,"relics_obtained":[{"floor":6.0,"key":"Sundial"},{"floor":9.0,"key":"HornCleat"},{"floor":12.0,"key":"MawBank"},{"floor":23,"key":"Blue Candle"},{"floor":25,"key":"Bronze Scales"},{"floor":31,"key":"Mummified Hand"},{"floor":40,"key":"Kunai"},{"floor":43,"key":"Art of War"},{"floor":48,"key":"Blood Vial"},{"floor":54,"key":"Pen Nib"}],"event_choices":[{"damage_healed":0.0,"max_hp_gain":0.0,"max_hp_loss":0.0,"gold_gain":0.0,"event_name":"Living Wall","player_choice":"Grow","floor":3.0,"gold_loss":0.0,"damage_taken":0.0,"cards_upgraded":["Uppercut"]},{"damage_healed":0.0,"max_hp_gain":0.0,"max_hp_loss":0.0,"gold_gain":60.0,"event_name":"Golden Wing","player_choice":"Gained Gold","floor":4.0,"gold_loss":0.0,"damage_taken":0.0},{"damage_healed":26,"gold_gain":0,"player_choice":"Heal","damage_taken":0,"max_hp_gain":0,"max_hp_loss":0,"event_name":"The Library","floor":19,"gold_loss":0},{"damage_healed":0,"gold_gain":0,"player_choice":"Obtained Book","damage_taken":16,"max_hp_gain":0,"max_hp_loss":0,"event_name":"Cursed Tome","floor":21,"gold_loss":0},{"damage_healed":0,"gold_gain":0,"player_choice":"Obtained Relic","damage_taken":0,"relics_obtained":["Orichalcum"],"max_hp_gain":0,"max_hp_loss":0,"event_name":"Addict","floor":27,"gold_loss":85},{"damage_healed":0,"gold_gain":0,"player_choice":"Ignored","damage_taken":0,"max_hp_gain":0,"max_hp_loss":0,"event_name":"SecretPortal","floor":36,"gold_loss":0},{"damage_healed":0,"gold_gain":0,"player_choice":"1 cards matched","damage_taken":0,"max_hp_gain":0,"max_hp_loss":0,"event_name":"Match and Keep!","floor":45,"gold_loss":0,"cards_obtained":["Inflame"]},{"damage_healed":0,"gold_gain":0,"player_choice":"1 cards matched","damage_taken":0,"max_hp_gain":0,"max_hp_loss":0,"event_name":"Match and Keep!","floor":45,"gold_loss":0,"cards_obtained":["Inflame"]}],"is_beta":false,"boss_relics":[{"not_picked":["Velvet Choker","Tiny House"],"picked":"Empty Cage"},{"not_picked":["Runic Pyramid","Cursed Key"],"picked":"Sozu"}],"items_purged_floors":[8,22,28,42,53],"is_endless":false,"potions_floor_spawned":[5,6,11,12,20,25,29,30,33,37,40,44,48],"ascension_level":1}}