{"host":"jak4ncvfzor9mys0","time":1610865088,"event":{"mods":["2.2 Compatiblity","AchievementEnabler","BaseMod","Better Altar","Better Match","Better Note","Better Sensory Stone","Better Skull","Better Third Choice","BetterRewards","Block Reminder","Colored Map","Colored Powertips","Dark Map","Energized Spire","Gold Saver","Hubris","Infinite Spire","Key Reminder","Minty Spire (QoL Compilation)","Rare Cards Sparkle","Red Circlet Mod","Relic Sorter","Relic Stats","Replay The Spire","Retaliation","Spicy Shops","StSLib","SuperFastMode","The Blue Laboratory"],"gold_per_floor":[4609,4609,4151,4163,4176,4176,4194,4194,4245,4278,4292,4327,4343,4358,4358,4453,4503,4516,4483,4483,4483],"floor_reached":20,"language":"ENG","playtime":2175,"items_purged":["Defend_R"],"score":302,"play_id":"21762dc6-b2c3-467c-85f5-122200d9ea54","local_time":"20210116223128","is_ascension_mode":true,"campfire_choices":[{"data":"Shrug It Off","floor":6.0,"key":"SMITH"},{"data":"ReplayTheSpireMod:Private Reserves","floor":8.0,"key":"SMITH"},{"data":"Shrug It Off","floor":15.0,"key":"SMITH"}],"circlet_count":0,"master_deck":["Strike_R","Strike_R","Strike_R","Strike_R+1","Strike_R","Defend_R","Defend_R","Defend_R","Bash","Shrug It Off+1","ReplayTheSpireMod:Private Reserves+1","Ghostly Armor","Shrug It Off+1","hubris:ReadiedAction","Demon Form","Shrug It Off"],"relics":["Burning Blood","hubris:Reverence","infinitespire:Beetle Shell","hubris:OldNail","Eternal Feather","Tiny House"],"acts_visited":["Exordium","TheCity"],"potions_floor_usage":[],"damage_taken":[{"damage":0.0,"enemies":"2 Louse","floor":1.0,"turns":3.0},{"damage":0.0,"enemies":"Cultist","floor":4.0,"turns":3.0},{"damage":7.0,"enemies":"infinitespire:Voidling","floor":5.0,"turns":4.0},{"damage":0.0,"enemies":"Lots of Slimes","floor":7.0,"turns":6.0},{"damage":21.0,"enemies":"3 Sentries","floor":10.0,"turns":11.0},{"damage":12.0,"enemies":"Exordium Thugs","floor":11.0,"turns":7.0},{"damage":6.0,"enemies":"Lagavulin","floor":12.0,"turns":5.0},{"damage":0.0,"enemies":"Large Slime","floor":13.0,"turns":8.0},{"damage":0.0,"enemies":"Looter","floor":14.0,"turns":3.0},{"damage":61.0,"enemies":"Fading Forest","floor":16.0,"turns":11.0},{"damage":34,"enemies":"Chosen","floor":18,"turns":6},{"damage":16,"enemies":"2 Thieves","floor":19,"turns":5},{"damage":59,"enemies":"Cultist and Chosen","floor":20,"turns":5}],"seed_played":"-1840803236306182173","potions_obtained":[{"floor":4.0,"key":"blueLaboratory:Moonshine"},{"floor":5.0,"key":"blueLaboratory:BottleOfVodka"},{"floor":11.0,"key":"AttackPotion"},{"floor":12.0,"key":"Fire Potion"},{"floor":17,"key":"SkillPotion"},{"floor":18,"key":"Strength Potion"}],"is_trial":false,"path_per_floor":["M","?","$","M","M","R","M","R","T","E","M","E","M","M","R","B",null,"M","M","M"],"character_chosen":"IRONCLAD","items_purchased":["Shrug It Off","Eternal Feather","ReplayTheSpireMod:Private Reserves"],"campfire_rested":0,"item_purchase_floors":[0,3,3],"current_hp_per_floor":[80,61,61,67,73,79,80,80,80,65,59,59,65,71,77,27,85,57,47,0,0],"gold":4483,"neow_bonus":"","is_daily":false,"chose_seed":false,"campfire_upgraded":3,"win_rate":0.0,"timestamp":1610865088,"path_taken":["M","?","$","M","M","R","?","R","T","E","M","E","?","M","R","BOSS","BOSS","M","M","M"],"items_purchased_type":["Card","Relic","Card"],"build_version":"2020-12-22","purchased_purges":1,"victory":false,"max_hp_per_floor":[80,80,80,80,80,80,80,80,80,80,80,80,80,80,80,80,85,85,85,85,85],"relic_stats":{"counters":[42,225],"Eternal Feather":12,"obtain_stats":[{"ReplayFunnel":22,"Regal Pillow":13,"Tiny House":17,"Magic Flower":5,"hubris:SlimyHat":17,"Sling":3,"Empty Cage":19,"Burning Blood":0,"Old Coin":23,"Replay:Bandana":10,"hubris:Icosahedron":2,"hubris:HerbalPaste":19,"TheAbacus":0,"DollysMirror":21,"MealTicket":6,"Iron Hammer":26,"Replay:Wax Seal":8,"Gremlin Food":24,"NeowsBlessing":0,"Eternal Feather":3,"infinitespire:Beetle Shell":10,"Replay:Ancient Bell":17,"Du-Vu Doll":17,"Replay:Baseball":8,"Art of War":9,"hubris:Potato":6,"FossilizedHelix":9,"hubris:OldNail":2,"Meat on the Bone":17,"hubris:Reverence":12},{"ReplayFunnel":27,"Regal Pillow":5,"Tiny House":39,"Magic Flower":18,"hubris:SlimyHat":7,"Sling":1,"Empty Cage":8,"Burning Blood":0,"Old Coin":28,"Replay:Bandana":5,"hubris:Icosahedron":1,"hubris:HerbalPaste":8,"TheAbacus":15,"DollysMirror":8,"MealTicket":3,"Iron Hammer":11,"Replay:Wax Seal":4,"Gremlin Food":10,"NeowsBlessing":0,"Eternal Feather":30,"infinitespire:Beetle Shell":34,"Replay:Ancient Bell":7,"Du-Vu Doll":7,"Replay:Baseball":20,"Art of War":4,"hubris:Potato":19,"FossilizedHelix":20,"hubris:OldNail":30,"Meat on the Bone":7,"hubris:Reverence":36},{"ReplayFunnel":136,"Regal Pillow":12,"Tiny House":209,"Magic Flower":88,"hubris:SlimyHat":29,"Sling":1,"Empty Cage":33,"Burning Blood":0,"Old Coin":142,"Replay:Bandana":12,"hubris:Icosahedron":1,"hubris:HerbalPaste":33,"TheAbacus":78,"DollysMirror":33,"MealTicket":4,"Iron Hammer":52,"Replay:Wax Seal":8,"Gremlin Food":47,"NeowsBlessing":0,"Eternal Feather":151,"infinitespire:Beetle Shell":175,"Replay:Ancient Bell":29,"Du-Vu Doll":29,"Replay:Baseball":97,"Art of War":8,"hubris:Potato":93,"FossilizedHelix":97,"hubris:OldNail":151,"Meat on the Bone":29,"hubris:Reverence":187}],"Burning Blood":227},"card_choices":[{"not_picked":["Combust","Pommel Strike","Carnage"],"picked":"SKIP","floor":1.0},{"not_picked":["Replay:Undeath\u0027s Touch","Anger"],"picked":"Ghostly Armor","floor":4.0},{"not_picked":["Anger","DDmod:PlatedThornsSkill"],"picked":"Shrug It Off","floor":5.0},{"not_picked":["Evolve","True Grit","Abandon"],"picked":"SKIP","floor":7.0},{"not_picked":["Replay:Undeath\u0027s Touch","Dual Wield","DDmod:UnstoppableAttack"],"picked":"SKIP","floor":10.0},{"not_picked":["Burning Pact","Heavy Blade"],"picked":"hubris:ReadiedAction","floor":11.0},{"not_picked":["Demonic Infusion","hubris:ReadiedAction","Battle Trance"],"picked":"SKIP","floor":12.0},{"not_picked":["Cleave","DDmod:CallousedSkill","Wild Strike"],"picked":"SKIP","floor":13.0},{"not_picked":["DDmod:UnstoppableAttack","Run Through","Sword Boomerang"],"picked":"SKIP","floor":14.0},{"not_picked":["Bludgeon","Demonic Infusion"],"picked":"Demon Form","floor":16},{"not_picked":["Anger","Pommel Strike"],"picked":"Shrug It Off","floor":17},{"not_picked":["Evolve+1","Shrug It Off","Headbutt"],"picked":"SKIP","floor":18},{"not_picked":["DDmod:UnstoppableAttack","Hemokinesis+1","Spot Weakness"],"picked":"SKIP","floor":19}],"player_experience":2769965,"relics_obtained":[{"floor":10.0,"key":"infinitespire:Beetle Shell"},{"floor":12.0,"key":"hubris:Reverence"}],"event_choices":[{"damage_healed":0.0,"max_hp_gain":0.0,"max_hp_loss":0.0,"gold_gain":0.0,"event_name":"betterSkull:BetterSkull","player_choice":"RE ","floor":2.0,"gold_loss":0.0,"damage_taken":21.0,"cards_upgraded":[],"relics_obtained":["hubris:OldNail"]}],"is_beta":false,"boss_relics":[{"not_picked":["energizedSpire:OgreHead","Philosopher\u0027s Stone"],"picked":"Tiny House"}],"items_purged_floors":[0],"is_endless":false,"potions_floor_spawned":[4,5,11,12,13,18],"killed_by":"Cultist and Chosen","ascension_level":1}}