{"host":"ve4jblr3b80flk7t","time":1610898489,"event":{"mods":["Act Like it!","BaseMod","CapriCore","Chen","Hallownest","Marisa£®ÏF”Í°°ƒß¿Ì…≥£©","Minty Spire (QoL Compilation)","Reimu£®≤©¿ˆ¡È√Œ£©","Remilia£®¿Ÿ√◊¿Ú—«£©","Replay The Spire","StSLib","The Servant 0.9.4","UnlockEverythingMod","Youmu£®ªÍ∆«—˝√Œ£©","ÛÙª÷∏ƒœ"],"gold_per_floor":[99,99,136,40,73,122,167,199,199,249,249,295,370,160,160,280,280,296,146,183,208,241,126,160,160,160,160,160,205,205,237,63,167,167,182,232,232,277,56,56,84,84,110,119,128,172,189,186,186,297,297,306,334,178,206,206],"floor_reached":55,"language":"ZHS","playtime":3109,"items_purged":["Regret"],"score":1694,"play_id":"61a4c982-1bbd-447a-9b1e-54dda6f2dd03","local_time":"20210117234809","daily_mods":["SealedDeck","Green Cards","Colorless Cards","Heirloom","Time Dilation","Flight","DeadlyEvents","Elite Swarm","Lethality"],"is_ascension_mode":false,"campfire_choices":[{"data":"Venomology","floor":11.0,"key":"SMITH"},{"data":"1","floor":15.0,"key":"LIFT"},{"data":"2","floor":25.0,"key":"LIFT"},{"data":"3","floor":27.0,"key":"LIFT"},{"data":"Prepared","floor":28.0,"key":"SMITH"},{"floor":30.0,"key":"REST"},{"floor":40.0,"key":"DIG"},{"data":"Calculated Gamble","floor":44.0,"key":"SMITH"},{"data":"EquivalentExchange","floor":49.0,"key":"SMITH"}],"circlet_count":0,"master_deck":["Rearm","FavorOfDestiny+1","Deflect","RedRainbow+1","VampirishNight","VampireKiss","ShatteredReality","Forethought","FlawlessForm","Crow Ritual","Venomology+1","TimeWarp+1","ShatteredReality","Adrenaline","Impatience","SpecialFormula","ShatteredReality","Prepared+1","TransientEternity","EquivalentExchange+1","Acrobatics","BatForm","Prepared","Starlight+1","Unruled","Dilation","Finesse","Calculated Gamble+1","Apotheosis","Sadistic Nature","Potential","Dilation","ForgedInTime+1","Slice","Flash of Steel"],"relics":["Unceasing Top","replay:Trail_Library","Pocketwatch","Kunai","Replay:Bottled Flurry","Girya","Pantograph","Mastiff:ReiMu","Potion Belt","Medical Kit","SplendidAttire","TentaclePot:ReiMu","Centennial Puzzle","Ancient Tea Set","ReplayTheSpireMod:CursedCoin","ReplayTheSpireMod:Lightbulb","Art of War","Smiling Mask","Gremlin Food","PocketWatch","Membership Card","StoneMask","Lizard Tail","Replay:Multitool","PureWhite:ReiMu","Whetstone","Bag of Preparation","Replay:Baseball","CeramicFish","FossilizedHelix","replay:Trail_Library","Singing Bowl"],"acts_visited":["Exordium","TheCity","TheBeyond","Exordium"],"potions_floor_usage":[],"damage_taken":[{"damage":3.0,"enemies":"Small Slimes","floor":3.0,"turns":1.0},{"damage":1.0,"enemies":"2 Louse","floor":5.0,"turns":1.0},{"damage":3.0,"enemies":"Gremlin Nob","floor":6.0,"turns":1.0},{"damage":3.0,"enemies":"3 Sentries","floor":7.0,"turns":1.0},{"damage":0.0,"enemies":"Gremlin Nob","floor":8.0,"turns":2.0},{"damage":7.0,"enemies":"Lagavulin","floor":10.0,"turns":3.0},{"damage":3.0,"enemies":"Replay:BlueRogue","floor":12.0,"turns":1.0},{"damage":0.0,"enemies":"Slime Boss","floor":16.0,"turns":2.0},{"damage":0.0,"enemies":"2 Thieves","floor":18.0,"turns":1.0},{"damage":3.0,"enemies":"Chosen","floor":20.0,"turns":1.0},{"damage":3.0,"enemies":"Gremlin Leader","floor":22.0,"turns":2.0},{"damage":3.0,"enemies":"Book of Stabbing","floor":24.0,"turns":1.0},{"damage":0.0,"enemies":"Slavers","floor":29.0,"turns":1.0},{"damage":3.0,"enemies":"Book of Stabbing","floor":31.0,"turns":1.0},{"damage":3.0,"enemies":"Champ","floor":33.0,"turns":1.0},{"damage":0.0,"enemies":"Orb Walker","floor":35.0,"turns":1.0},{"damage":3.0,"enemies":"Mind Bloom Boss Battle","floor":36.0,"turns":1.0},{"damage":3.0,"enemies":"Giant Head","floor":38.0,"turns":1.0},{"damage":3.0,"enemies":"R_Hoarder","floor":41.0,"turns":2.0},{"damage":3.0,"enemies":"Reptomancer","floor":46.0,"turns":1.0},{"damage":7.0,"enemies":"3 Shapes","floor":47.0,"turns":1.0},{"damage":0.0,"enemies":"Donu and Deca","floor":50.0,"turns":2.0},{"damage":0.0,"enemies":"Cultist","floor":53.0,"turns":1.0},{"damage":0.0,"enemies":"Lagavulin","floor":55.0,"turns":1.0}],"seed_played":"-6006795080655035112","potions_obtained":[{"floor":7.0,"key":"FearPotion"},{"floor":8.0,"key":"Regen Potion"},{"floor":10.0,"key":"Block Potion"},{"floor":16.0,"key":"Swift Potion"},{"floor":18.0,"key":"Venom Potion"},{"floor":18.0,"key":"Reflective Coating"},{"floor":22.0,"key":"FearPotion"},{"floor":24.0,"key":"Languid Potion"},{"floor":29.0,"key":"AttackPotion"},{"floor":41.0,"key":"ZuzhouPotion:ReiMu"},{"floor":46.0,"key":"ZuzhouPotion:ReiMu"},{"floor":50.0,"key":"SkillPotion"}],"is_trial":true,"path_per_floor":["?","?","M","$","M","E","E","E","T","E","R","E","?","$","R","B",null,"M","$","M","T","E","R","E","R","T","R","R","E","R","E","R","B",null,"M","?","?","E","$","R","E","R","T","R","R","E","M","$","R","B",null,"?","M","$","E"],"character_chosen":"THE_SERVANT","items_purchased":["Forethought","Medical Kit","ShatteredReality","TentaclePot:ReiMu","ReplayTheSpireMod:CursedCoin","ReplayTheSpireMod:Lightbulb","Membership Card","Acrobatics","PureWhite:ReiMu","Whetstone","Potential","Flash of Steel","Singing Bowl"],"campfire_rested":1,"item_purchase_floors":[4,14,14,19,23,23,32,32,39,39,48,54,54],"current_hp_per_floor":[65,75,74,74,74,75,72,75,75,74,74,75,64,64,64,75,75,75,75,75,75,75,75,75,75,75,75,75,75,75,72,72,75,75,76,77,77,78,78,78,79,79,79,79,79,80,80,80,80,85,85,85,86,86,89,89],"gold":206,"neow_bonus":"","is_daily":false,"chose_seed":false,"campfire_upgraded":4,"win_rate":0.0,"timestamp":1610898489,"path_taken":["?","?","?","$","M","E","?","E","T","E","R","E","?","?","R","BOSS","M","$","?","?","?","R","E","R","T","R","R","E","R","E","R","BOSS","M","?","?","?","?","R","E","R","T","R","R","E","?","$","R","BOSS","?","?","$","?"],"items_purchased_type":["Card","Relic","Card","Relic","Relic","Relic","Relic","Card","Relic","Relic","Card","Card","Relic"],"build_version":"2020-12-22","purchased_purges":1,"victory":false,"max_hp_per_floor":[65,75,75,75,75,75,75,75,75,75,75,75,75,75,75,75,75,75,75,75,75,75,75,75,75,75,75,75,75,75,75,75,75,75,76,77,77,78,78,78,79,79,79,79,79,80,83,83,83,85,85,85,86,86,89,89],"card_choices":[{"not_picked":["Dodge and Roll","Hidden Blade","Desolation"],"picked":"SKIP","floor":3.0},{"not_picked":["Sucker Punch","Rearm","Heel Hook"],"picked":"SKIP","floor":5.0},{"not_picked":["Initiator","Transmutation","After Image"],"picked":"SKIP","floor":6.0},{"not_picked":["CurseOfVladTepes","Die Die Die"],"picked":"FlawlessForm","floor":7.0},{"not_picked":["Panache","Midas Touch"],"picked":"Crow Ritual","floor":8.0},{"not_picked":["CeilingFear","Magnetism"],"picked":"Venomology","floor":10.0},{"not_picked":["ScarletMeister","ReplayUltimateDefense"],"picked":"Crow Ritual","floor":12.0},{"not_picked":["BloodySeventeenLaser","Metamorphosis"],"picked":"Adrenaline","floor":16.0},{"not_picked":["Starlight","BlasphemousPunishment"],"picked":"Impatience","floor":18.0},{"not_picked":["Dash","Dodge and Roll"],"picked":"SpecialFormula","floor":20.0},{"not_picked":["The Bomb","Wraith Form v2","HeartBreak"],"picked":"SKIP","floor":22.0},{"not_picked":["Metamorphosis","Magnetism"],"picked":"Crow Ritual","floor":24.0},{"not_picked":["ForecastOfChange","Apotheosis"],"picked":"TransientEternity","floor":29.0},{"not_picked":["ScarletCoffin","Phantasmal Killer"],"picked":"EquivalentExchange","floor":31.0},{"not_picked":["ReplayTheSpireMod:Brewmster","BloodyCatastrophe"],"picked":"BatForm","floor":33.0},{"not_picked":["ReplayTheSpireMod:Scrap Shanks","NightDance+1"],"picked":"Prepared","floor":35.0},{"not_picked":["ScarletImprint","Flying Knee"],"picked":"Starlight+1","floor":36.0},{"not_picked":["The Bomb","Midas Touch","Unload"],"picked":"SKIP","floor":38.0},{"not_picked":["Apotheosis","ReplayUltimateDefense"],"picked":"Dilation","floor":41.0},{"not_picked":["Corpse Explosion","Replay:Bag of Tricks"],"picked":"Sadistic Nature","floor":46.0},{"not_picked":["Underhanded Strike+1","Predator+1","ReplayTheSpireMod:Tripwire"],"picked":"SKIP","floor":47.0},{"not_picked":["BloodyHallows","SoulSculpture"],"picked":"Dilation","floor":50.0},{"not_picked":["Rearm","DiffusionOfMisfortune"],"picked":"Slice","floor":53.0},{"not_picked":["Malaise","BatForm","Magnetism"],"picked":"Singing Bowl","floor":55}],"player_experience":60057,"relics_obtained":[{"floor":6.0,"key":"Kunai"},{"floor":7.0,"key":"Replay:Bottled Flurry"},{"floor":8.0,"key":"Girya"},{"floor":9.0,"key":"Pantograph"},{"floor":10.0,"key":"Mastiff:ReiMu"},{"floor":12.0,"key":"Potion Belt"},{"floor":21.0,"key":"Centennial Puzzle"},{"floor":22.0,"key":"Ancient Tea Set"},{"floor":24.0,"key":"Art of War"},{"floor":26.0,"key":"Smiling Mask"},{"floor":29.0,"key":"Gremlin Food"},{"floor":31.0,"key":"PocketWatch"},{"floor":36.0,"key":"Lizard Tail"},{"floor":38.0,"key":"Replay:Multitool"},{"floor":40.0,"key":"Bag of Preparation"},{"floor":41.0,"key":"Replay:Baseball"},{"floor":43.0,"key":"CeramicFish"},{"floor":46.0,"key":"FossilizedHelix"}],"event_choices":[{"cards_removed":["Night Terror"],"damage_healed":0.0,"max_hp_gain":10.0,"max_hp_loss":0.0,"gold_gain":0.0,"event_name":"Bonfire Elementals","player_choice":"Offered Rare","floor":2.0,"gold_loss":0.0,"damage_taken":0.0},{"damage_healed":0.0,"max_hp_gain":0.0,"max_hp_loss":0.0,"gold_gain":75.0,"event_name":"World of Goop","player_choice":"Gather Gold","floor":13.0,"gold_loss":0.0,"damage_taken":11.0},{"damage_healed":0.0,"max_hp_gain":0.0,"max_hp_loss":0.0,"gold_gain":0.0,"event_name":"MindBloom","player_choice":"Fight","floor":36.0,"gold_loss":0.0,"damage_taken":0.0},{"damage_healed":0.0,"max_hp_gain":0.0,"max_hp_loss":0.0,"gold_gain":0.0,"cards_transformed":["Reset"],"event_name":"Transmorgrifier","player_choice":"Transformed","floor":37.0,"gold_loss":0.0,"damage_taken":0.0,"cards_obtained":["Unruled"]}],"is_beta":false,"boss_relics":[{"not_picked":["RedLine:ReiMu","Snecko Heart"],"picked":"SplendidAttire"},{"not_picked":["Cursed Key","Replay:Drink Me"],"picked":"StoneMask"},{"not_picked":["Snecko Eye","Calling Bell","Abe\u0027s Treasure"]}],"items_purged_floors":[23],"is_endless":true,"potions_floor_spawned":[7,10,16,18,22,29,35,46,50,53,55],"killed_by":"Lagavulin","ascension_level":0}}