{"host":"0fmi5fguj5lvt8pf","time":1610863374,"event":{"mods":["BaseMod","Colored Map","Curses Come First","Downfall","Minty Spire (QoL Compilation)","Permanent Neow","StSLib"],"gold_per_floor":[99,99,99,99,199,199,199,199,218,218,228,247,279,148,167,167,167],"floor_reached":16,"language":"ENG","playtime":711,"items_purged":["downfall:Malfunctioning"],"score":98,"play_id":"8ebfd855-7be6-479e-a087-5fa9344968f9","local_time":"20210116220254","is_ascension_mode":false,"campfire_choices":[{"data":"bronze:Goto","floor":1.0,"key":"SMITH"}],"circlet_count":0,"master_deck":["bronze:Strike","bronze:Strike","bronze:Defend","bronze:Defend","bronze:Defend","bronze:Replicate","bronze:Goto+1","bronze:DelayedSlice","bronze:HardenedForm","bronze:AlphaBuild","bronze:Allocate","bronze:CloningBeam","bronze:HardenedForm","bronze:BitShift","bronze:DelayedSlice","bronze:InfiniteBeams","bronze:HyperBeam","bronze:Repulsor","bronze:DelayedGuard"],"relics":["bronze:BronzeCore","downfall:HeartsMalice","Dream Catcher","StoneCalendar","Mummified Hand"],"acts_visited":["Exordium"],"potions_floor_usage":[16],"damage_taken":[{"damage":0.0,"enemies":"2 Louse","floor":2.0,"turns":1.0},{"damage":0.0,"enemies":"Jaw Worm","floor":4.0,"turns":1.0},{"damage":0.0,"enemies":"Cultist","floor":8.0,"turns":1.0},{"damage":16.0,"enemies":"Exordium Thugs","floor":9.0,"turns":4.0},{"damage":16.0,"enemies":"Exordium Wildlife","floor":11.0,"turns":3.0},{"damage":7.0,"enemies":"Large Slime","floor":12.0,"turns":7.0},{"damage":13.0,"enemies":"Lagavulin","floor":13.0,"turns":5.0},{"damage":0.0,"enemies":"downfall:FleeingMerchant","floor":14.0,"turns":4.0},{"damage":5,"enemies":"Exordium Wildlife","floor":15,"turns":4},{"damage":14,"enemies":"IC_STATUS_ARCHETYPE","floor":16,"turns":1}],"seed_played":"-2582679215710542858","potions_obtained":[{"floor":12.0,"key":"FearPotion"},{"floor":13.0,"key":"champ:CounterPotion"},{"floor":15,"key":"PowerPotion"}],"is_trial":false,"path_per_floor":["R","M","?","M","?","?","T","M","M","T","M","M","E","$","M","B"],"character_chosen":"THE_AUTOMATON","items_purchased":["bronze:Repulsor"],"campfire_rested":0,"item_purchase_floors":[14],"current_hp_per_floor":[70,70,67,67,67,67,67,67,51,51,35,28,15,15,10,0,0],"gold":167,"neow_bonus":"THREE_ENEMY_KILL","is_daily":false,"chose_seed":false,"campfire_upgraded":1,"win_rate":0.0,"timestamp":1610863374,"path_taken":["R","M","?","M","?","?","T","?","M","?","M","M","E","?","M","BOSS"],"items_purchased_type":["Card"],"build_version":"2020-12-22","purchased_purges":1,"victory":false,"max_hp_per_floor":[70,70,70,70,70,70,70,70,70,70,70,70,70,70,70,70,70],"card_choices":[{"not_picked":["bronze:ChildClass","bronze:Branch"],"picked":"bronze:DelayedSlice","floor":2.0},{"not_picked":["bronze:Overheat","bronze:BugBarrage","bronze:WildBeam"],"picked":"SKIP","floor":4.0},{"not_picked":["bronze:Turbo","bronze:CutThrough"],"picked":"bronze:CloningBeam","floor":8.0},{"not_picked":["bronze:Deprecate","bronze:BugBarrage"],"picked":"bronze:HardenedForm","floor":9.0},{"not_picked":["bronze:Fortify","bronze:Philosophize"],"picked":"bronze:BitShift","floor":11.0},{"not_picked":["bronze:NullPointer","bronze:Frontload"],"picked":"bronze:DelayedSlice","floor":12.0},{"not_picked":["bronze:FineTuning","bronze:Deprecate"],"picked":"bronze:InfiniteBeams","floor":13.0},{"not_picked":["bronze:BugBarrage","bronze:DigitalCarnage"],"picked":"bronze:HyperBeam","floor":14.0},{"not_picked":["bronze:Flail","bronze:ChildClass"],"picked":"bronze:DelayedGuard","floor":15}],"player_experience":1368290,"relics_obtained":[{"floor":10.0,"key":"StoneCalendar"},{"floor":13.0,"key":"Mummified Hand"}],"event_choices":[{"damage_healed":0.0,"max_hp_gain":0.0,"max_hp_loss":0.0,"gold_gain":0.0,"event_name":"Scrap Ooze","player_choice":"Success","floor":3.0,"gold_loss":0.0,"damage_taken":3.0,"relics_obtained":["Dream Catcher"]}],"is_beta":false,"boss_relics":[],"items_purged_floors":[14],"is_endless":false,"potions_floor_spawned":[12,13,15],"killed_by":"IC_STATUS_ARCHETYPE","ascension_level":0}}