{"host":"vfg9szunmpjwj08o","time":1610913166,"event":{"mods":["Act Like it!","BaseMod","Challenge The Spire","Colored Map","Colored Powertips","Conspire","Dark Map","Fox Events","Minty Spire (QoL Compilation)","Relic Stats","StSLib","Waifu the Spire"],"gold_per_floor":[118,118,21,36,36,69,87,87,87,87,98,109,124,155,155,232,232,243,243,258,269,279,279,94,94,145,163,163,193,212,229,229,301,301,318,328,328,95,112,112,138,151,177,157,157,176,176,211,211,211,211,211,46,77,77,77],"floor_reached":55,"language":"ENG","playtime":6275,"items_purged":[],"score":1581,"play_id":"85e2793b-c4cf-43f5-87a1-d8daaa7b68bc","local_time":"20210117205246","is_ascension_mode":true,"campfire_choices":[{"data":"Zap","floor":8.0,"key":"SMITH"},{"data":"Dualcast","floor":10.0,"key":"SMITH"},{"data":"Chaos","floor":15.0,"key":"SMITH"},{"floor":23.0,"key":"REST"},{"data":"Recycle","floor":25.0,"key":"SMITH"},{"data":"Recycle","floor":28.0,"key":"SMITH"},{"data":"Creative AI","floor":32.0,"key":"SMITH"},{"floor":40.0,"key":"RECALL"},{"data":"Buffer","floor":45.0,"key":"SMITH"},{"floor":49,"key":"REST"},{"data":"Rainbow","floor":52,"key":"SMITH"}],"circlet_count":0,"master_deck":["AscendersBane","Zap+1","Dualcast+1","Compile Driver","Buffer+1","Gash","BootSequence","Recycle+1","Rainbow+1","Chaos+1","Creative AI+1","BootSequence","Chaos+1","Ball Lightning","Recycle+1","Reboot","Turbo","Melter","Glacier","Conserve Battery","Hologram","Core Surge","Coolheaded","Seek","Storm","Rainbow","Coolheaded+1","conspire:Rain","Go for the Eyes+1","Capacitor+1","Buffer","Defragment+1"],"relics":["Cracked Core","NeowsBlessing","Symbiotic Virus","Dead Branch","Pandora\u0027s Box","DataDisk","Orichalcum","Potion Belt","conspire:SeveredTorchhead","conspire:TopHat","Centennial Puzzle","Cables","Orrery","conspire:DeflatedDodgeball"],"acts_visited":["Exordium","TheCity","TheBeyond","TheEnding"],"potions_floor_usage":[50,50,55],"damage_taken":[{"damage":0.0,"enemies":"Small Slimes","floor":1.0,"turns":1.0},{"damage":0.0,"enemies":"Cultist","floor":4.0,"turns":1.0},{"damage":0.0,"enemies":"3 Sentries","floor":6.0,"turns":1.0},{"damage":0.0,"enemies":"Jaw Worm","floor":7.0,"turns":4.0},{"damage":22.0,"enemies":"Lots of Slimes","floor":11.0,"turns":4.0},{"damage":0.0,"enemies":"Looter","floor":12.0,"turns":3.0},{"damage":2.0,"enemies":"2 Fungi Beasts","floor":13.0,"turns":2.0},{"damage":10.0,"enemies":"Lagavulin","floor":14.0,"turns":5.0},{"damage":13.0,"enemies":"The Guardian","floor":16.0,"turns":10.0},{"damage":25.0,"enemies":"Shell Parasite","floor":18.0,"turns":4.0},{"damage":0.0,"enemies":"3 Byrds","floor":20.0,"turns":3.0},{"damage":21.0,"enemies":"Shelled Parasite and Fungi","floor":21.0,"turns":5.0},{"damage":0.0,"enemies":"Cultist and Chosen","floor":22.0,"turns":5.0},{"damage":0.0,"enemies":"Centurion and Healer","floor":27.0,"turns":4.0},{"damage":0.0,"enemies":"Slavers","floor":29.0,"turns":6.0},{"damage":22.0,"enemies":"Chosen and Byrds","floor":30.0,"turns":4.0},{"damage":7.0,"enemies":"Snecko","floor":31.0,"turns":4.0},{"damage":0.0,"enemies":"Collector","floor":33.0,"turns":9.0},{"damage":0.0,"enemies":"3 Shapes","floor":35.0,"turns":3.0},{"damage":7.0,"enemies":"3 Darklings","floor":36.0,"turns":5.0},{"damage":0.0,"enemies":"Maw","floor":39.0,"turns":7.0},{"damage":27.0,"enemies":"Nemesis","floor":41.0,"turns":7.0},{"damage":0.0,"enemies":"Jaw Worm Horde","floor":42.0,"turns":5.0},{"damage":2.0,"enemies":"3 Darklings","floor":46.0,"turns":5.0},{"damage":9,"enemies":"Giant Head","floor":48,"turns":8},{"damage":6,"enemies":"Donu and Deca","floor":50,"turns":12},{"damage":27,"enemies":"Shield and Spear","floor":54,"turns":6},{"damage":80,"enemies":"The Heart","floor":55,"turns":6}],"seed_played":"4258898445274287074","potions_obtained":[{"floor":1.0,"key":"ColorlessPotion"},{"floor":6.0,"key":"LiquidMemories"},{"floor":14.0,"key":"Dexterity Potion"},{"floor":20.0,"key":"ColorlessPotion"},{"floor":29.0,"key":"BlessingOfTheForge"},{"floor":36.0,"key":"FearPotion"},{"floor":39.0,"key":"FairyPotion"},{"floor":41.0,"key":"Swift Potion"},{"floor":44.0,"key":"SkillPotion"},{"floor":46.0,"key":"Energy Potion"}],"is_trial":false,"path_per_floor":["M","?","$","M","$","E","M","R","T","R","M","M","M","E","R","B",null,"M","?","M","M","M","R","$","R","T","M","R","E","M","M","R","B",null,"M","M","?","$","M","R","E","M","T","?","R","M","$","E","R","B",null,"R","$","E","B"],"character_chosen":"DEFECT","items_purchased":["Gash","BootSequence","DataDisk","Conserve Battery","Storm","Rainbow","Orrery"],"campfire_rested":2,"item_purchase_floors":[3,3,24,24,38,38,53],"current_hp_per_floor":[64,64,64,64,64,64,64,64,64,64,42,42,40,30,30,17,58,33,33,33,12,12,33,33,33,33,33,33,33,11,4,4,4,54,54,47,47,47,47,47,20,20,20,20,20,18,18,9,30,24,59,59,59,32,0,0],"gold":77,"neow_bonus":"THREE_ENEMY_KILL","is_daily":false,"chose_seed":false,"campfire_upgraded":8,"win_rate":0.0,"timestamp":1610913166,"path_taken":["M","?","$","M","?","E","?","R","T","R","M","M","M","E","R","BOSS","M","?","M","M","M","R","$","R","T","M","R","E","M","M","R","BOSS","M","M","?","$","M","R","E","M","T","?","R","?","$","E","R","BOSS","R","$","E","BOSS"],"items_purchased_type":["Card","Card","Relic","Card","Card","Card","Relic"],"build_version":"2020-12-22","purchased_purges":0,"victory":false,"max_hp_per_floor":[71,71,71,71,71,71,71,71,71,71,71,71,71,71,71,71,71,71,71,71,71,71,71,71,71,71,71,71,71,71,71,71,71,71,71,71,71,71,71,71,71,71,71,71,71,71,71,71,71,71,71,71,71,71,71,71],"relic_stats":{"Centennial Puzzle":[15],"counters":[28,139],"Dead Branch":[211],"Pandora\u0027s Box":["BootSequence","Chaos","Ball Lightning","Recycle","Reboot","Turbo","Melter"],"Orichalcum":[48],"obtain_stats":[{"Potion Belt":29,"NeowsBlessing":0,"Dead Branch":14,"Orichalcum":26,"conspire:TopHat":41,"Cables":48,"conspire:SeveredTorchhead":34,"DataDisk":24,"Centennial Puzzle":43,"Orrery":53,"Pandora\u0027s Box":17,"conspire:DeflatedDodgeball":54,"Cracked Core":0,"Symbiotic Virus":6},{"Potion Belt":15,"NeowsBlessing":0,"Dead Branch":8,"Orichalcum":13,"conspire:TopHat":22,"Cables":25,"conspire:SeveredTorchhead":18,"DataDisk":13,"Centennial Puzzle":23,"Orrery":26,"Pandora\u0027s Box":9,"conspire:DeflatedDodgeball":27,"Cracked Core":0,"Symbiotic Virus":3},{"Potion Belt":58,"NeowsBlessing":0,"Dead Branch":21,"Orichalcum":48,"conspire:TopHat":97,"Cables":115,"conspire:SeveredTorchhead":75,"DataDisk":48,"Centennial Puzzle":102,"Orrery":127,"Pandora\u0027s Box":31,"conspire:DeflatedDodgeball":133,"Cracked Core":0,"Symbiotic Virus":3}],"Cables":[23,14,6,3,0]},"card_choices":[{"not_picked":["Cold Snap","Turbo"],"picked":"Compile Driver","floor":1.0},{"not_picked":["Conserve Battery","Steam","Loop"],"picked":"SKIP","floor":4.0},{"not_picked":["conspire:Rain","Cold Snap"],"picked":"Recycle","floor":6.0},{"not_picked":["Conserve Battery","Go for the Eyes","Turbo"],"picked":"SKIP","floor":7.0},{"not_picked":["BootSequence","Redo"],"picked":"Rainbow","floor":11.0},{"not_picked":["Streamline","Loop","Rebound"],"picked":"SKIP","floor":12.0},{"not_picked":["Ball Lightning","White Noise"],"picked":"Chaos","floor":13.0},{"not_picked":["Fusion","Barrage","Conserve Battery"],"picked":"SKIP","floor":14.0},{"not_picked":["All For One","Rainbow"],"picked":"Creative AI","floor":16.0},{"not_picked":["Auto Shields","Turbo","Rebound"],"picked":"SKIP","floor":18.0},{"not_picked":["Conserve Battery","Chill"],"picked":"Glacier","floor":20.0},{"not_picked":["Ball Lightning","Beam Cell","Leap"],"picked":"SKIP","floor":21.0},{"not_picked":["Blizzard+1","Stack","Steam"],"picked":"SKIP","floor":22.0},{"not_picked":["Doom and Gloom","Compile Driver"],"picked":"Hologram","floor":27.0},{"not_picked":["Darkness","Lockon"],"picked":"Core Surge","floor":29.0},{"not_picked":["Gash+1","Barrage"],"picked":"Coolheaded","floor":30.0},{"not_picked":["Turbo+1","Coolheaded","Cold Snap"],"picked":"SKIP","floor":31.0},{"not_picked":["Machine Learning","Hyperbeam"],"picked":"Seek","floor":33.0},{"not_picked":["Leap","Rebound","Hello World"],"picked":"SKIP","floor":35.0},{"not_picked":["Reinforced Body+1","Go for the Eyes","Static Discharge"],"picked":"SKIP","floor":36.0},{"not_picked":["Stack+1","Rebound"],"picked":"Coolheaded+1","floor":39.0},{"not_picked":["Genetic Algorithm","Hologram+1"],"picked":"conspire:Rain","floor":41.0},{"not_picked":["Barrage","Melter","Go for the Eyes"],"picked":"SKIP","floor":42.0},{"not_picked":["Ball Lightning","Barrage+1"],"picked":"Go for the Eyes+1","floor":46.0},{"not_picked":["Go for the Eyes","Streamline","Force Field+1"],"picked":"SKIP","floor":48},{"not_picked":["Barrage","Heatsinks"],"picked":"Capacitor+1","floor":53},{"not_picked":["Lockon+1","Reprogram"],"picked":"Buffer","floor":53},{"not_picked":["Sweeping Beam","conspire:SharedLibrary+1"],"picked":"Defragment+1","floor":53},{"not_picked":["Hologram","Static Discharge","Redo"],"picked":"SKIP","floor":54}],"player_experience":1069653,"relics_obtained":[{"floor":6.0,"key":"Symbiotic Virus"},{"floor":14.0,"key":"Dead Branch"},{"floor":26.0,"key":"Orichalcum"},{"floor":29.0,"key":"Potion Belt"},{"floor":41.0,"key":"conspire:TopHat"},{"floor":43.0,"key":"Centennial Puzzle"},{"floor":48,"key":"Cables"},{"floor":54,"key":"conspire:DeflatedDodgeball"}],"event_choices":[{"damage_healed":0.0,"max_hp_gain":0.0,"max_hp_loss":0.0,"gold_gain":0.0,"cards_transformed":["Strike_B"],"event_name":"Transmorgrifier","player_choice":"Transformed","floor":2.0,"gold_loss":0.0,"damage_taken":0.0,"cards_obtained":["Buffer"]},{"damage_healed":0.0,"max_hp_gain":0.0,"max_hp_loss":0.0,"gold_gain":0.0,"event_name":"Upgrade Shrine","player_choice":"Upgraded","floor":19.0,"gold_loss":0.0,"damage_taken":0.0,"cards_upgraded":["Chaos"]},{"damage_healed":0.0,"max_hp_gain":0.0,"max_hp_loss":0.0,"gold_gain":0.0,"event_name":"The Woman in Blue","player_choice":"Bought 1 Potion","floor":44.0,"gold_loss":0.0,"damage_taken":0.0}],"is_beta":false,"boss_relics":[{"not_picked":["Velvet Choker","Black Star"],"picked":"Pandora\u0027s Box"},{"not_picked":["conspire:RoyalGoblet","Runic Pyramid"],"picked":"conspire:SeveredTorchhead"}],"items_purged_floors":[],"is_endless":false,"potions_floor_spawned":[1,6,12,13,14,20,21,27,29,36,39,41,46],"killed_by":"The Heart","ascension_level":19}}