{"host":"nyoujqdnxu3hxf6v","time":1610867018,"event":{"mods":["BaseMod","MarisaÅiñ∂âJÅ@ñÇóùçπÅj","Minty Spire (QoL Compilation)","StSLib","The Servant 0.9.4"],"gold_per_floor":[115,40,58,73,87,87,107,107,133,148,174,191,209,281,281,380,380,394,394,394,151,165,197,197,211,211,246,40,40,40,40,40,138,138,154,172,182,86,86,111,127,160,228,260,272,288,288,288,288,288,288,288,58,86,86,86],"floor_reached":55,"language":"ENG","playtime":2432,"items_purged":["Strike_P","Defend_P","Strike_P","FollowUp"],"score":824,"play_id":"14aeab01-a13a-415e-9660-d9bd626159b5","local_time":"20210117020338","is_ascension_mode":false,"campfire_choices":[{"data":"Eruption","floor":6,"key":"SMITH"},{"floor":15,"key":"REST"},{"data":"Wallop","floor":24,"key":"SMITH"},{"data":"Adaptation","floor":29,"key":"SMITH"},{"floor":32,"key":"REST"},{"data":"WheelKick","floor":47,"key":"SMITH"},{"floor":49,"key":"RECALL"},{"data":"Devotion","floor":52,"key":"SMITH"}],"circlet_count":0,"master_deck":["Eruption+1","Vigilance","ThirdEye","Evaluate","Wallop+1","Conclude","Indignation","FlyingSleeves","Wallop+1","DeusExMachina","Indignation+1","MasterReality+1","WreathOfFlame+1","RitualDagger","Consecrate","JustLucky+1","Consecrate+1","Halt","Adaptation+1","Prostrate","FlyingSleeves","Devotion+1","Halt+1","EmptyMind+1","WheelKick+1","Consecrate","Prostrate+1","CrushJoints+1","ClearTheMind+1","Study","Adaptation"],"relics":["PureWater","NeowsBlessing","Potion Belt","Orichalcum","Astrolabe","Strawberry","Vajra","Meat on the Bone","Ancient Tea Set","Enchiridion","Coffee Dripper","Nunchaku","Lizard Tail","Toxic Egg 2","Gambling Chip"],"acts_visited":["Exordium","TheCity","TheBeyond","TheEnding"],"potions_floor_usage":[16,27,37,40,40,45,50],"damage_taken":[{"damage":0.0,"enemies":"Cultist","floor":1.0,"turns":1.0},{"damage":0.0,"enemies":"Jaw Worm","floor":3.0,"turns":1.0},{"damage":0.0,"enemies":"2 Louse","floor":4.0,"turns":1.0},{"damage":12,"enemies":"Blue Slaver","floor":5,"turns":3},{"damage":7,"enemies":"Large Slime","floor":7,"turns":7},{"damage":0,"enemies":"Looter","floor":10,"turns":3},{"damage":34,"enemies":"Lagavulin","floor":11,"turns":6},{"damage":0,"enemies":"Lots of Slimes","floor":12,"turns":3},{"damage":2,"enemies":"Blue Slaver","floor":13,"turns":5},{"damage":6,"enemies":"Slime Boss","floor":16,"turns":7},{"damage":0,"enemies":"Shell Parasite","floor":18,"turns":3},{"damage":0,"enemies":"Chosen","floor":22,"turns":3},{"damage":27,"enemies":"Gremlin Leader","floor":23,"turns":4},{"damage":0,"enemies":"3 Cultists","floor":25,"turns":3},{"damage":17,"enemies":"Slavers","floor":27,"turns":4},{"damage":0,"enemies":"Collector","floor":33,"turns":5},{"damage":21,"enemies":"3 Darklings","floor":35,"turns":3},{"damage":0,"enemies":"3 Shapes","floor":36,"turns":2},{"damage":0,"enemies":"Spire Growth","floor":37,"turns":2},{"damage":40,"enemies":"Reptomancer","floor":40,"turns":5},{"damage":6,"enemies":"Transient","floor":41,"turns":5},{"damage":13,"enemies":"Giant Head","floor":42,"turns":6},{"damage":26,"enemies":"Reptomancer","floor":44,"turns":4},{"damage":0,"enemies":"Maw","floor":45,"turns":5},{"damage":18,"enemies":"Jaw Worm Horde","floor":46,"turns":4},{"damage":39,"enemies":"Donu and Deca","floor":50,"turns":8},{"damage":6,"enemies":"Shield and Spear","floor":54,"turns":5},{"damage":119,"enemies":"The Heart","floor":55,"turns":2}],"seed_played":"-2041955637572890970","potions_obtained":[{"floor":1.0,"key":"SteroidPotion"},{"floor":7,"key":"GamblersBrew"},{"floor":16,"key":"Fire Potion"},{"floor":23,"key":"Block Potion"},{"floor":33,"key":"SpeedPotion"},{"floor":36,"key":"Energy Potion"},{"floor":37,"key":"Energy Potion"},{"floor":41,"key":"Energy Potion"},{"floor":44,"key":"Swift Potion"},{"floor":46,"key":"Block Potion"}],"is_trial":false,"path_per_floor":["M","$","M","M","M","R","M","?","T","M","E","M","M","?","R","B",null,"M","?","?","$","M","E","R","M","T","E","$","R","?","?","R","B",null,"M","M","M","$","?","E","M","E","T","E","M","M","R","?","R","B",null,"R","$","E","B"],"character_chosen":"WATCHER","items_purchased":["Strawberry","Adaptation","WheelKick","Consecrate","Study"],"campfire_rested":2,"item_purchase_floors":[21,28,38,38,53],"current_hp_per_floor":[72,72,72,72,60,60,53,53,53,53,19,19,17,17,38,32,72,72,66,53,60,60,33,33,33,33,28,28,28,28,12,37,49,84,63,63,63,63,63,35,41,40,40,26,38,32,32,32,32,54,84,84,84,78,0,0],"gold":86,"neow_bonus":"THREE_ENEMY_KILL","is_daily":false,"chose_seed":false,"campfire_upgraded":5,"win_rate":0.0,"timestamp":1610867018,"path_taken":["M","$","?","M","M","R","M","?","T","M","E","?","?","?","R","BOSS","M","?","?","$","M","E","R","M","T","E","$","R","?","?","R","BOSS","M","M","M","$","?","E","M","E","T","E","M","?","R","?","R","BOSS","R","$","E","BOSS"],"items_purchased_type":["Relic","Card","Card","Card","Card"],"build_version":"2020-12-22","purchased_purges":4,"victory":false,"max_hp_per_floor":[72,72,72,72,72,72,72,72,72,72,72,72,72,72,72,72,72,72,72,77,84,84,84,84,84,84,84,84,84,84,84,84,84,84,84,84,84,84,84,84,84,84,84,84,84,84,84,84,84,84,84,84,84,84,84,84],"card_choices":[{"not_picked":["Perseverance","CarveReality"],"picked":"ThirdEye","floor":1.0},{"not_picked":["PathToVictory","FlurryOfBlows"],"picked":"Evaluate","floor":3.0},{"not_picked":["EmptyBody","FlyingSleeves","WaveOfTheHand"],"picked":"SKIP","floor":4},{"not_picked":["Indignation","Halt"],"picked":"Wallop","floor":5},{"not_picked":["Protect","Establishment"],"picked":"Conclude","floor":7},{"not_picked":["ThirdEye","EmptyFist"],"picked":"Indignation","floor":10},{"not_picked":["PathToVictory","SignatureMove"],"picked":"FlyingSleeves","floor":11},{"not_picked":["WheelKick","Worship"],"picked":"Wallop","floor":12},{"not_picked":["PathToVictory","ThirdEye","ClearTheMind"],"picked":"SKIP","floor":13},{"not_picked":["Judgement","Omniscience"],"picked":"DeusExMachina","floor":16},{"not_picked":["EmptyFist+1","Worship"],"picked":"FollowUp","floor":18},{"not_picked":["Study","Wallop"],"picked":"Consecrate","floor":22},{"not_picked":["SignatureMove","Evaluate"],"picked":"JustLucky+1","floor":23},{"not_picked":["LessonLearned","EmptyBody"],"picked":"Consecrate+1","floor":25},{"not_picked":["WreathOfFlame","FollowUp"],"picked":"Halt","floor":27},{"not_picked":["Ragnarok","Scrawl"],"picked":"Devotion","floor":33},{"not_picked":["InnerPeace","Protect+1"],"picked":"Halt","floor":35},{"not_picked":["Perseverance","Halt+1","EmptyBody"],"picked":"SKIP","floor":36},{"not_picked":["BowlingBash","EmptyBody"],"picked":"EmptyMind+1","floor":37},{"not_picked":["ClearTheMind","EmptyBody"],"picked":"Prostrate+1","floor":40},{"not_picked":["Protect","DeceiveReality+1","FollowUp+1"],"picked":"SKIP","floor":41},{"not_picked":["Devotion","Conclude","EmptyBody+1"],"picked":"SKIP","floor":42},{"not_picked":["BowlingBash+1","FearNoEvil","Establishment"],"picked":"SKIP","floor":44},{"not_picked":["Halt+1","FearNoEvil+1"],"picked":"CrushJoints+1","floor":45},{"not_picked":["PathToVictory+1","InnerPeace+1"],"picked":"ClearTheMind+1","floor":46},{"not_picked":["EmptyFist+1","Crescendo+1"],"picked":"Adaptation","floor":54}],"player_experience":41090,"relics_obtained":[{"floor":9,"key":"Potion Belt"},{"floor":11,"key":"Orichalcum"},{"floor":23,"key":"Vajra"},{"floor":26,"key":"Meat on the Bone"},{"floor":27,"key":"Ancient Tea Set"},{"floor":31,"key":"Enchiridion"},{"floor":40,"key":"Nunchaku"},{"floor":42,"key":"Lizard Tail"},{"floor":44,"key":"Toxic Egg 2"},{"floor":54,"key":"Gambling Chip"}],"event_choices":[{"damage_healed":0,"gold_gain":0,"player_choice":"Upgraded","damage_taken":0,"max_hp_gain":0,"max_hp_loss":0,"event_name":"Upgrade Shrine","floor":8,"gold_loss":0,"cards_upgraded":["Wallop"]},{"damage_healed":0,"gold_gain":72,"player_choice":"Gained Gold","damage_taken":0,"max_hp_gain":0,"max_hp_loss":0,"event_name":"Golden Wing","floor":14,"gold_loss":0},{"damage_healed":0,"gold_gain":0,"player_choice":"Joined the Cult","damage_taken":6,"max_hp_gain":0,"max_hp_loss":0,"event_name":"Nest","floor":19,"gold_loss":0,"cards_obtained":["RitualDagger"]},{"damage_healed":0,"gold_gain":0,"player_choice":"Shed Blood","damage_taken":18,"max_hp_gain":5,"max_hp_loss":0,"event_name":"Forgotten Altar","floor":20,"gold_loss":0},{"damage_healed":0,"gold_gain":0,"cards_transformed":["Defend_P","Strike_P"],"player_choice":"Became Test Subject","damage_taken":0,"max_hp_gain":0,"max_hp_loss":0,"event_name":"Drug Dealer","floor":30,"gold_loss":0,"cards_obtained":["Prostrate","FlyingSleeves"]},{"damage_healed":0,"gold_gain":0,"player_choice":"Obtained Book","damage_taken":16,"max_hp_gain":0,"max_hp_loss":0,"event_name":"Cursed Tome","floor":31,"gold_loss":0},{"damage_healed":0,"gold_gain":0,"player_choice":"Forge","damage_taken":0,"max_hp_gain":0,"max_hp_loss":0,"event_name":"Accursed Blacksmith","floor":39,"gold_loss":0,"cards_upgraded":["Halt"]},{"damage_healed":0,"gold_gain":0,"player_choice":"Ignored","damage_taken":0,"max_hp_gain":0,"max_hp_loss":0,"event_name":"NoteForYourself","floor":48,"gold_loss":0}],"is_beta":false,"boss_relics":[{"not_picked":["Runic Dome","Empty Cage"],"picked":"Astrolabe"},{"not_picked":["Cursed Key","Sozu"],"picked":"Coffee Dripper"}],"items_purged_floors":[2,21,28,53],"is_endless":false,"potions_floor_spawned":[1,7,16,23,33,36,37,41,44,46],"killed_by":"The Heart","ascension_level":0}}