{"host":"z34yzn8hj4ic20ef","time":1610868741,"event":{"mods":["AchievementEnabler","BaseMod","Downfall","Minty Spire (QoL Compilation)","StSLib","SuperFastMode"],"gold_per_floor":[115,115,133,150,150,150,225,225,225,275,225,263,68,88,88,208,208,227,227,251,251,33,33,213,236,236,236,335,360,381,401,401,529,529,553,144,144,84,97,97,120,453,478,498,498,55,75,88,88,88],"floor_reached":51,"language":"ENG","playtime":2373,"items_purged":["Writhe","Defend_B","All For One"],"score":697,"play_id":"37da2c19-094d-4bc9-8c68-0d5d68613fae","local_time":"20210117163221","is_ascension_mode":false,"campfire_choices":[{"data":"Echo Form","floor":6.0,"key":"SMITH"},{"data":"Streamline","floor":8.0,"key":"SMITH"},{"data":"Magnetism","floor":15.0,"key":"SMITH"},{"data":"Dualcast","floor":23.0,"key":"SMITH"},{"data":"Biased Cognition","floor":27,"key":"SMITH"},{"data":"Zap","floor":32,"key":"SMITH"},{"data":"Seek","floor":40,"key":"SMITH"},{"data":"Consume","floor":45,"key":"SMITH"},{"data":"Rainbow","floor":49,"key":"SMITH"}],"circlet_count":0,"master_deck":["Defend_B","Defend_B","Zap+1","Dualcast+1","Recycle+1","White Noise+1","Auto Shields+1","Coolheaded+1","Echo Form+1","Doom and Gloom","Magnetism+1","Seek+1","Coolheaded+1","Biased Cognition+1","Capacitor+1","Scrape","Consume+1","Rainbow+1","Defragment","Chaos+1"],"relics":["Astrolabe","Ancient Tea Set","Guardian:PocketSentry","Sundial","Runic Dome","Prayer Wheel","Nilry\u0027s Codex","MealTicket","Vajra","Philosopher\u0027s Stone","Guardian:GemstoneGun","DataDisk","Mummified Hand"],"acts_visited":["Exordium","TheCity","TheBeyond"],"potions_floor_usage":[33,50],"damage_taken":[{"damage":0.0,"enemies":"2 Louse","floor":1.0,"turns":4.0},{"damage":0.0,"enemies":"Cultist","floor":3.0,"turns":4.0},{"damage":11.0,"enemies":"Jaw Worm","floor":4.0,"turns":14.0},{"damage":9.0,"enemies":"3 Sentries","floor":12.0,"turns":4.0},{"damage":3.0,"enemies":"2 Fungi Beasts","floor":14.0,"turns":4.0},{"damage":9.0,"enemies":"The Guardian","floor":16.0,"turns":8.0},{"damage":3.0,"enemies":"2 Thieves","floor":18.0,"turns":3.0},{"damage":2.0,"enemies":"Spheric Guardian","floor":20.0,"turns":5.0},{"damage":0.0,"enemies":"Snecko","floor":25.0,"turns":5.0},{"damage":3,"enemies":"Cultist and Chosen","floor":29,"turns":5},{"damage":3,"enemies":"Snake Plant","floor":30,"turns":3},{"damage":6,"enemies":"Chosen and Byrds","floor":31,"turns":5},{"damage":2,"enemies":"Collector","floor":33,"turns":9},{"damage":0,"enemies":"3 Shapes","floor":35,"turns":3},{"damage":15,"enemies":"3 Darklings","floor":39,"turns":3},{"damage":0,"enemies":"Spire Growth","floor":41,"turns":4},{"damage":12,"enemies":"4 Shapes","floor":44,"turns":6},{"damage":0,"enemies":"Transient","floor":47,"turns":5},{"damage":9,"enemies":"Jaw Worm Horde","floor":48,"turns":4},{"damage":22,"enemies":"Donu and Deca","floor":50,"turns":6}],"seed_played":"-4615918271196709711","potions_obtained":[{"floor":3.0,"key":"Dexterity Potion"},{"floor":16.0,"key":"champ:CounterPotion"},{"floor":18.0,"key":"Energy Potion"},{"floor":30,"key":"Block Potion"},{"floor":47,"key":"SteroidPotion"}],"is_trial":false,"path_per_floor":["M","?","M","M","?","R","?","R","T","T","?","E","$","M","R","B",null,"M","?","M","?","$","R","?","M","T","R","?","M","M","M","R","B",null,"M","$","?","?","M","R","M","?","T","M","R","$","M","M","R","B",null],"character_chosen":"DEFECT","items_purchased":["Magnetism","MealTicket","Guardian:GemstoneGun","Rainbow","Mummified Hand"],"campfire_rested":0,"item_purchase_floors":[13,22,36,46,46],"current_hp_per_floor":[75,75,75,64,64,64,53,53,53,53,53,44,44,41,41,32,69,66,66,64,48,48,48,29,29,29,29,29,26,23,17,17,15,69,69,69,69,69,54,54,54,54,54,42,42,57,57,48,48,26],"gold":88,"neow_bonus":"BOSS_RELIC","is_daily":false,"chose_seed":false,"campfire_upgraded":9,"win_rate":0.0,"timestamp":1610868741,"path_taken":["M","?","M","?","?","R","?","R","T","?","?","E","$","M","R","BOSS","M","?","M","?","$","R","?","?","T","R","?","M","M","M","R","BOSS","M","$","?","?","M","R","?","?","T","M","R","$","M","M","R","BOSS"],"items_purchased_type":["Card","Relic","Relic","Card","Relic"],"build_version":"2020-12-22","purchased_purges":3,"victory":true,"max_hp_per_floor":[75,75,75,75,69,69,69,69,69,69,69,69,69,69,69,69,69,69,69,69,69,69,69,69,69,69,69,69,69,69,69,69,69,69,69,69,69,69,69,69,69,69,69,69,69,69,69,69,69,69],"card_choices":[{"not_picked":["Gash","Beam Cell"],"picked":"Coolheaded","floor":1.0},{"not_picked":["Conserve Battery","Barrage"],"picked":"Echo Form","floor":3.0},{"not_picked":["Cold Snap","Rebound"],"picked":"Streamline","floor":4.0},{"not_picked":["Compile Driver","Rebound"],"picked":"Doom and Gloom","floor":12.0},{"not_picked":["Lockon","Gash","Reprogram"],"picked":"SKIP","floor":14.0},{"not_picked":["Amplify","Hyperbeam"],"picked":"Seek","floor":16.0},{"not_picked":["Compile Driver","Streamline","Go for the Eyes"],"picked":"SKIP","floor":18.0},{"not_picked":["Storm","Turbo+1"],"picked":"Coolheaded+1","floor":20.0},{"not_picked":["Sweeping Beam","Gash","Stack"],"picked":"SKIP","floor":20.0},{"not_picked":["Barrage","Aggregate"],"picked":"Biased Cognition","floor":25},{"not_picked":["Scrape","Lockon","Conserve Battery"],"picked":"SKIP","floor":25},{"not_picked":["Sweeping Beam","Go for the Eyes","Melter"],"picked":"SKIP","floor":29},{"not_picked":["Rebound","Stack","Steam Power+1"],"picked":"SKIP","floor":29},{"not_picked":["Ball Lightning+1","Rebound","Beam Cell+1"],"picked":"SKIP","floor":30},{"not_picked":["Undo+1","Reinforced Body","Blizzard"],"picked":"SKIP","floor":30},{"not_picked":["Leap","Rebound","Sweeping Beam"],"picked":"SKIP","floor":31},{"not_picked":["Tempest+1","Hologram","Barrage+1"],"picked":"SKIP","floor":31},{"not_picked":["Go for the Eyes","Scrape+1"],"picked":"Capacitor+1","floor":35},{"not_picked":["Go for the Eyes","Storm+1","Tempest+1"],"picked":"SKIP","floor":35},{"not_picked":["White Noise","Steam","Conserve Battery"],"picked":"SKIP","floor":39},{"not_picked":["Genetic Algorithm","Sunder+1","Beam Cell"],"picked":"SKIP","floor":39},{"not_picked":["Darkness","Conserve Battery+1"],"picked":"Consume","floor":41},{"not_picked":["Steam","Ball Lightning+1","Auto Shields"],"picked":"SKIP","floor":41},{"not_picked":["Consume+1","Chill+1","Barrage+1"],"picked":"SKIP","floor":44},{"not_picked":["Hologram","Reprogram","Leap+1"],"picked":"SKIP","floor":44},{"not_picked":["Ball Lightning","Redo"],"picked":"Defragment","floor":47},{"not_picked":["Doom and Gloom+1","Tempest+1","Auto Shields"],"picked":"SKIP","floor":47},{"not_picked":["Static Discharge+1","Conserve Battery"],"picked":"Chaos+1","floor":48},{"not_picked":["Gash+1","Cold Snap","Streamline+1"],"picked":"SKIP","floor":48}],"player_experience":875813,"relics_obtained":[{"floor":9.0,"key":"Ancient Tea Set"},{"floor":10.0,"key":"Guardian:PocketSentry"},{"floor":12.0,"key":"Sundial"},{"floor":21.0,"key":"Nilry\u0027s Codex"},{"floor":26,"key":"Vajra"},{"floor":43,"key":"DataDisk"}],"event_choices":[{"damage_healed":0.0,"max_hp_gain":0.0,"max_hp_loss":0.0,"gold_gain":0.0,"event_name":"Upgrade Shrine","player_choice":"Upgraded","floor":2.0,"gold_loss":0.0,"damage_taken":0.0,"cards_upgraded":["Coolheaded"]},{"damage_healed":0.0,"max_hp_gain":0.0,"max_hp_loss":6.0,"gold_gain":0.0,"event_name":"Golden Idol","player_choice":"Lose Max HP","floor":5.0,"gold_loss":0.0,"damage_taken":0.0,"relics_obtained":["Golden Idol"]},{"damage_healed":0.0,"max_hp_gain":0.0,"max_hp_loss":0.0,"gold_gain":75.0,"event_name":"World of Goop","player_choice":"Gather Gold","floor":7.0,"gold_loss":0.0,"damage_taken":11.0},{"cards_removed":["Strike_B"],"damage_healed":0.0,"max_hp_gain":0.0,"max_hp_loss":0.0,"gold_gain":0.0,"event_name":"The Cleric","player_choice":"Card Removal","floor":11.0,"gold_loss":50.0,"damage_taken":0.0},{"damage_healed":0.0,"max_hp_gain":0.0,"max_hp_loss":0.0,"gold_gain":0.0,"event_name":"The Mausoleum","player_choice":"Opened","floor":19.0,"gold_loss":0.0,"damage_taken":0.0,"relics_obtained":["Prayer Wheel"],"cards_obtained":["Writhe"]},{"damage_healed":0.0,"max_hp_gain":0.0,"max_hp_loss":0.0,"gold_gain":0.0,"event_name":"Cursed Tome","player_choice":"Obtained Book","floor":21.0,"gold_loss":0.0,"damage_taken":16.0},{"damage_healed":0.0,"max_hp_gain":0.0,"max_hp_loss":0.0,"gold_gain":180.0,"event_name":"Knowing Skull","player_choice":"GOLD GOLD ","floor":24.0,"potions_obtained":[],"gold_loss":0.0,"damage_taken":19.0,"cards_obtained":[]},{"damage_healed":0,"gold_gain":99,"player_choice":"Stole From Cult","damage_taken":0,"max_hp_gain":0,"max_hp_loss":0,"event_name":"Nest","floor":28,"gold_loss":0},{"damage_healed":0,"gold_gain":0,"player_choice":"Ignored","damage_taken":0,"max_hp_gain":0,"max_hp_loss":0,"event_name":"Tomb of Lord Red Mask","floor":37,"gold_loss":0},{"damage_healed":0,"gold_gain":0,"cards_transformed":["Defend_B","Streamline"],"player_choice":"Transformed Cards","damage_taken":0,"max_hp_gain":0,"max_hp_loss":0,"event_name":"Designer","floor":38,"gold_loss":60,"cards_obtained":["Scrape","All For One"]},{"damage_healed":0,"gold_gain":333,"player_choice":"Gave Idol","damage_taken":0,"max_hp_gain":0,"max_hp_loss":0,"event_name":"The Moai Head","floor":42,"relics_lost":["Golden Idol"],"gold_loss":0}],"is_beta":false,"boss_relics":[{"not_picked":["Black Star","Ectoplasm"],"picked":"Runic Dome"},{"not_picked":["SlaversCollar","Busted Crown"],"picked":"Philosopher\u0027s Stone"}],"items_purged_floors":[22,36,46],"is_endless":false,"potions_floor_spawned":[3,16,18,30,31,47,48],"ascension_level":0}}