{"host":"dpbezu80jg8zk7un","time":1610889065,"event":{"mods":["BaseMod","Colored Map","Colored Powertips","Custom Start","DeckTracker","Minty Spire (QoL Compilation)","Quick Restart","StSLib","SuperFastMode"],"gold_per_floor":[119,119,119,119,137,137,170,170,170,197,197,197,26,50,50,146,146,167,180,70,90,104,104,104],"floor_reached":23,"language":"KOR","playtime":524,"items_purged":[],"score":398,"play_id":"bdbd648c-eda0-4206-988b-f35d2620ac2b","local_time":"20210117221105","is_ascension_mode":true,"campfire_choices":[{"data":"Eruption","floor":6.0,"key":"SMITH"},{"data":"Adaptation","floor":8.0,"key":"SMITH"},{"data":"ConjureBlade","floor":15.0,"key":"SMITH"}],"circlet_count":0,"master_deck":["AscendersBane","Strike_P","Strike_P","Strike_P","Defend_P","Defend_P","Defend_P","Eruption+1","Vigilance","Thinking Ahead","Consecrate","Adaptation+1","ConjureBlade+1","WheelKick+1"],"relics":["PureWater","Dream Catcher","HornCleat","Sundial","Unceasing Top","Golden Idol","Lee\u0027s Waffle","Black Star"],"acts_visited":["Exordium","TheCity"],"potions_floor_usage":[21,23],"damage_taken":[{"damage":0.0,"enemies":"Jaw Worm","floor":1.0,"turns":2.0},{"damage":0.0,"enemies":"2 Louse","floor":5.0,"turns":2.0},{"damage":17.0,"enemies":"Lagavulin","floor":7.0,"turns":7.0},{"damage":12.0,"enemies":"3 Sentries","floor":10.0,"turns":6.0},{"damage":0.0,"enemies":"Small Slimes","floor":14.0,"turns":3.0},{"damage":22.0,"enemies":"Slime Boss","floor":16.0,"turns":7.0},{"damage":1.0,"enemies":"3 Byrds","floor":18.0,"turns":4.0},{"damage":17.0,"enemies":"2 Thieves","floor":19.0,"turns":4.0},{"damage":13,"enemies":"Centurion and Healer","floor":21,"turns":3},{"damage":21,"enemies":"Snake Plant","floor":22,"turns":4},{"damage":24,"enemies":"Book of Stabbing","floor":23,"turns":3}],"seed_played":"7249655700059451549","potions_obtained":[{"floor":1.0,"key":"Swift Potion"},{"floor":7.0,"key":"AttackPotion"},{"floor":14.0,"key":"Block Potion"},{"floor":19.0,"key":"AttackPotion"},{"floor":22,"key":"EssenceOfSteel"}],"is_trial":false,"path_per_floor":["M","?","?","?","M","R","E","R","T","E","?","?","$","M","R","B",null,"M","M","?","M","M","E"],"character_chosen":"WATCHER","items_purchased":["Lee\u0027s Waffle"],"campfire_rested":0,"item_purchase_floors":[13],"current_hp_per_floor":[43,48,48,41,41,41,24,24,24,12,1,1,73,73,73,51,68,67,50,50,37,16,0,0],"gold":104,"neow_bonus":"RANDOM_COLORLESS_2","is_daily":false,"chose_seed":false,"campfire_upgraded":3,"win_rate":0.0,"timestamp":1610889065,"path_taken":["M","?","?","?","M","R","E","R","T","E","?","?","$","M","R","BOSS","M","M","?","?","M","E"],"items_purchased_type":["Relic"],"build_version":"2020-12-22","purchased_purges":0,"victory":false,"max_hp_per_floor":[68,73,73,73,73,73,73,73,73,73,73,66,73,73,73,73,73,73,73,73,73,73,73,73],"card_choices":[{"not_picked":["Mayhem","Metamorphosis"],"picked":"Thinking Ahead","floor":0.0},{"not_picked":["EmptyBody","Protect","ThirdEye"],"picked":"SKIP","floor":1.0},{"not_picked":["Vengeance","ForeignInfluence"],"picked":"Consecrate","floor":5.0},{"not_picked":["Nirvana","ThirdEye"],"picked":"Adaptation","floor":7.0},{"not_picked":["Consecrate","BowlingBash","TalkToTheHand"],"picked":"SKIP","floor":10.0},{"not_picked":["Conclude","Consecrate"],"picked":"ConjureBlade","floor":14.0},{"not_picked":["ReachHeaven","BowlingBash"],"picked":"WheelKick","floor":18.0},{"not_picked":["Sanctity","Crescendo","Wallop"],"picked":"SKIP","floor":19.0},{"not_picked":["ThirdEye","Consecrate+1","CrushJoints"],"picked":"SKIP","floor":21},{"not_picked":["SashWhip","ForeignInfluence","CrushJoints"],"picked":"SKIP","floor":22}],"player_experience":2882529,"relics_obtained":[{"floor":7.0,"key":"Dream Catcher"},{"floor":9.0,"key":"HornCleat"},{"floor":10.0,"key":"Sundial"}],"event_choices":[{"damage_healed":0.0,"max_hp_gain":5.0,"max_hp_loss":0.0,"gold_gain":0.0,"event_name":"Big Fish","player_choice":"Donut","floor":2.0,"gold_loss":0.0,"damage_taken":0.0},{"damage_healed":0.0,"max_hp_gain":0.0,"max_hp_loss":0.0,"gold_gain":0.0,"event_name":"Liars Game","player_choice":"Ignored","floor":3.0,"gold_loss":0.0,"damage_taken":0.0},{"cards_removed":["Defend_P"],"damage_healed":0.0,"max_hp_gain":0.0,"max_hp_loss":0.0,"gold_gain":0.0,"event_name":"Golden Wing","player_choice":"Card Removal","floor":4.0,"gold_loss":0.0,"damage_taken":7.0},{"damage_healed":0.0,"max_hp_gain":0.0,"max_hp_loss":0.0,"gold_gain":0.0,"event_name":"Scrap Ooze","player_choice":"Success","floor":11.0,"gold_loss":0.0,"damage_taken":11.0,"relics_obtained":["Unceasing Top"]},{"damage_healed":0.0,"max_hp_gain":0.0,"max_hp_loss":7.0,"gold_gain":0.0,"event_name":"Golden Idol","player_choice":"Lose Max HP","floor":12.0,"gold_loss":0.0,"damage_taken":0.0,"relics_obtained":["Golden Idol"]},{"cards_removed":["Strike_P"],"damage_healed":0,"gold_gain":0,"player_choice":"Upgrade and Remove","damage_taken":0,"max_hp_gain":0,"max_hp_loss":0,"event_name":"Designer","floor":20,"gold_loss":110,"cards_upgraded":["WheelKick"]}],"is_beta":false,"boss_relics":[{"not_picked":["Ectoplasm","Busted Crown"],"picked":"Black Star"}],"items_purged_floors":[],"is_endless":false,"potions_floor_spawned":[1,7,14,19,22],"killed_by":"Book of Stabbing","ascension_level":20}}