{"host":"d7fiu2yjkssjxoz6","time":1610843464,"event":{"mods":["AchievementEnabler","BaseMod","Duelist Mod","GifTheSpireLib","Minty Spire (QoL Compilation)","StSLib"],"gold_per_floor":[136,136,149,159,170,170,182,182,205,230,245,1,29,41,53,164,176,198,210,207,219,242,254,291,322,334,364,376,415,76,94,94,199,199,218,232,243,243,243],"floor_reached":38,"language":"ENG","playtime":3179,"items_purged":[],"score":779,"play_id":"f3e2ac27-805b-4b46-93da-21e908ce580f","local_time":"20210116163104","is_ascension_mode":true,"campfire_choices":[{"data":"theDuelist:SphereKuriboh","floor":6,"key":"SMITH"},{"data":"theDuelist:SphereKuriboh+1","floor":8,"key":"SMITH"},{"data":"theDuelist:SphereKuriboh+2","floor":15,"key":"SMITH"},{"floor":23,"key":"RECALL"},{"data":"theDuelist:HammerShot","floor":28,"key":"SMITH"},{"floor":32,"key":"REST"}],"circlet_count":0,"master_deck":["theDuelist:SevenColoredFish","theDuelist:SevenColoredFish","theDuelist:AquaSpirit","theDuelist:CastleWalls+1","theDuelist:CastleWalls+1","theDuelist:IslandTurtle","theDuelist:IslandTurtle","theDuelist:RevivalJam","theDuelist:Sparks+1","theDuelist:Sparks+1","theDuelist:SphereKuriboh+3","theDuelist:ChrysalisDolphin","theDuelist:ColdEnchanter","theDuelist:GraydleSlimeJr","theDuelist:GishkiAvance","theDuelist:IslandTurtle","theDuelist:GiantTurtle","theDuelist:GraydleEagle","theDuelist:Umi+1","theDuelist:GraydleSlime","theDuelist:FishborgBlaster","theDuelist:GishkiReliever","theDuelist:MorayGreed","theDuelist:Dewdark","theDuelist:HammerShot+1","theDuelist:GiantTurtle","theDuelist:SmashingGround","theDuelist:GishkiMarker","theDuelist:ImperialCustom","theDuelist:ImperialCustom","theDuelist:ToadallyAwesome","theDuelist:Slushy","theDuelist:GishkiAvance","Metamorphosis","theDuelist:Monokeros+1","theDuelist:GishkiPsychelone","theDuelist:GishkiMarker","theDuelist:HydraViper+1","theDuelist:NimbleManta"],"relics":["theDuelist:MillenniumPuzzle","theDuelist:CardPoolRelic","theDuelist:CardPoolBasicRelic","theDuelist:BoosterPackPoolRelic","theDuelist:CardPoolAddRelic","theDuelist:CardPoolMinusRelic","theDuelist:CardPoolSaveRelic","theDuelist:CardPoolOptionsRelic","theDuelist:MillenniumArmor","Potion Belt","PreservedInsect","MawBank","HoveringKite","Question Card","Red Skull","Runic Cube"],"acts_visited":["Exordium","TheCity","TheBeyond"],"potions_floor_usage":[10,16,38,38,38,38],"damage_taken":[{"damage":0,"enemies":"2 Louse","floor":1,"turns":3},{"damage":0,"enemies":"Cultist","floor":3,"turns":6},{"damage":4,"enemies":"Small Slimes","floor":4,"turns":6},{"damage":12,"enemies":"3 Louse","floor":5,"turns":4},{"damage":0,"enemies":"Gremlin Gang","floor":7,"turns":7},{"damage":1,"enemies":"3 Sentries","floor":10,"turns":17},{"damage":14,"enemies":"Lots of Slimes","floor":11,"turns":10},{"damage":2,"enemies":"Lagavulin","floor":13,"turns":7},{"damage":0,"enemies":"Slime Boss","floor":16,"turns":16},{"damage":0,"enemies":"Chosen","floor":18,"turns":9},{"damage":0,"enemies":"2 Thieves","floor":20,"turns":4},{"damage":12,"enemies":"Shelled Parasite and Fungi","floor":22,"turns":8},{"damage":0,"enemies":"theDuelist:KaibaA2","floor":24,"turns":5},{"damage":0,"enemies":"3 Cultists","floor":25,"turns":5},{"damage":0,"enemies":"Snecko","floor":27,"turns":6},{"damage":0,"enemies":"Book of Stabbing","floor":29,"turns":6},{"damage":19,"enemies":"Centurion and Healer","floor":31,"turns":6},{"damage":0,"enemies":"Automaton","floor":33,"turns":11},{"damage":29,"enemies":"3 Darklings","floor":35,"turns":3},{"damage":0,"enemies":"Orb Walker","floor":36,"turns":4},{"damage":4,"enemies":"Spire Growth","floor":37,"turns":6},{"damage":49,"enemies":"4 Shapes","floor":38,"turns":3}],"seed_played":"1605829544884519686","potions_obtained":[{"floor":4,"key":"theDuelist:FlamingBottle"},{"floor":5,"key":"Swift Potion"},{"floor":7,"key":"Explosive Potion"},{"floor":10,"key":"theDuelist:GiftPotion"},{"floor":13,"key":"theDuelist:WaterBottle"},{"floor":18,"key":"theDuelist:FlamingBottle"},{"floor":25,"key":"theDuelist:BottledKuriboh"}],"is_trial":false,"path_per_floor":["M","?","M","M","M","R","M","R","T","E","M","$","E","?","R","B",null,"M","?","M","?","M","R","E","M","T","M","R","E","$","M","R","B",null,"M","M","M","M"],"character_chosen":"THE_DUELIST","items_purchased":["theDuelist:GraydleSlime","PreservedInsect","theDuelist:FishborgBlaster","theDuelist:ToadallyAwesome","theDuelist:Slushy","theDuelist:GishkiAvance","Metamorphosis"],"campfire_rested":1,"item_purchase_floors":[12,12,12,30,30,30,30],"current_hp_per_floor":[72,72,72,68,56,56,56,56,56,55,41,41,39,39,39,53,73,73,73,73,73,61,61,61,61,61,61,61,61,61,42,66,66,77,48,48,44,0,0],"gold":243,"neow_bonus":"RANDOM_COLORLESS","is_daily":false,"chose_seed":false,"campfire_upgraded":4,"win_rate":0.0,"timestamp":1610843464,"path_taken":["M","?","M","?","M","R","M","R","T","E","M","$","E","?","R","BOSS","M","?","M","?","?","R","E","M","T","M","R","E","$","M","R","BOSS","M","?","M","M"],"items_purchased_type":["Card","Relic","Card","Card","Card","Card","Card"],"build_version":"2020-12-22","purchased_purges":0,"victory":false,"max_hp_per_floor":[80,80,80,80,80,80,80,80,80,80,80,80,80,80,80,80,80,80,80,80,80,80,80,80,80,80,80,80,80,80,80,80,80,80,80,80,80,80,80],"card_choices":[{"not_picked":["theDuelist:FutureFusion","PanicButton"],"picked":"theDuelist:SphereKuriboh","floor":0},{"not_picked":["theDuelist:GilfordLegend","theDuelist:GishkiNoellia","theDuelist:DarkCreator","theDuelist:JamBreeding"],"picked":"theDuelist:ChrysalisDolphin","floor":1},{"not_picked":["theDuelist:SevenColoredFish","theDuelist:MermaidKnight","theDuelist:CatShark","theDuelist:LeviairSeaDragon"],"picked":"theDuelist:GraydleSlimeJr","floor":3},{"not_picked":["theDuelist:AquaSpirit","theDuelist:FishRain","theDuelist:ArmoredStarfish","theDuelist:CallAtlanteans"],"picked":"theDuelist:GishkiAvance","floor":4},{"not_picked":["theDuelist:SevenColoredFish","theDuelist:AquaSpirit","theDuelist:GraydleAlligator","theDuelist:DepthShark"],"picked":"theDuelist:IslandTurtle","floor":5},{"not_picked":["theDuelist:GishkiBeast","theDuelist:CallAtlanteans","theDuelist:Boneheimer","theDuelist:FishborgDoctor"],"picked":"theDuelist:GiantTurtle","floor":7},{"not_picked":["theDuelist:GishkiBeast","theDuelist:DepthShark","theDuelist:BoulderTortoise","theDuelist:DiamondDust"],"picked":"theDuelist:GraydleEagle","floor":10},{"not_picked":["theDuelist:FishKicks","theDuelist:ColdWave","theDuelist:WaterHazard","theDuelist:CallAtlanteans"],"picked":"theDuelist:Umi","floor":11},{"not_picked":["theDuelist:Skystarray","theDuelist:DeepSweeper","theDuelist:AquaSnake","theDuelist:CorrodingShark"],"picked":"theDuelist:GishkiReliever","floor":13},{"not_picked":["theDuelist:Monokeros","theDuelist:GishkiPsychelone","theDuelist:EvigishkiSoulOgre","theDuelist:AtlanteanAttackSquad"],"picked":"theDuelist:MorayGreed","floor":16},{"not_picked":["theDuelist:GraydleEagle","theDuelist:EvigishkiTetrogre","theDuelist:ImperialCustom","theDuelist:NimbleManta"],"picked":"theDuelist:Dewdark","floor":18},{"not_picked":["theDuelist:BabyDragon","theDuelist:GilfordLegend","theDuelist:FluteKuriboh","theDuelist:BlueBloodedOni"],"picked":"theDuelist:HammerShot","floor":20},{"not_picked":["theDuelist:SevenColoredFish","theDuelist:GraydleSlimeJr","theDuelist:CallAtlanteans","theDuelist:FishborgBlaster"],"picked":"theDuelist:GiantTurtle","floor":22},{"not_picked":["theDuelist:LightningVortex+1","theDuelist:Fissure+1","theDuelist:GilfordLegend","theDuelist:HammerShot"],"picked":"theDuelist:SmashingGround","floor":24},{"not_picked":["theDuelist:LightningVortex","theDuelist:BattleOx","theDuelist:GilfordLegend+1","theDuelist:BlizzardDefender+1"],"picked":"theDuelist:GishkiMarker","floor":25},{"not_picked":["theDuelist:TorrentialTribute","theDuelist:OhFish+1","theDuelist:GraydleParasite","theDuelist:GraydleCombat"],"picked":"theDuelist:ImperialCustom","floor":27},{"not_picked":["theDuelist:SevenColoredFish","theDuelist:CastleWalls+1","theDuelist:SmashingGround","theDuelist:GishkiMarker+1"],"picked":"theDuelist:ImperialCustom","floor":29},{"not_picked":["theDuelist:Unifrog","theDuelist:TerrorkingSalmon+1","theDuelist:CatShark","theDuelist:Hyosube"],"picked":"theDuelist:Monokeros+1","floor":31},{"not_picked":["theDuelist:LostBlueBreaker","theDuelist:EvigishkiLevianima","theDuelist:ColdEnchanter","theDuelist:AtlanteanAttackSquad"],"picked":"theDuelist:GishkiPsychelone","floor":33},{"not_picked":["theDuelist:LightningVortex+1","theDuelist:GilfordLegend+1","theDuelist:BattleOx+1","theDuelist:SmashingGround+1"],"picked":"theDuelist:GishkiMarker","floor":35},{"not_picked":["theDuelist:SevenColoredFish","theDuelist:RageDeepSea","theDuelist:CatShark+1","theDuelist:BoulderTortoise+1"],"picked":"theDuelist:HydraViper+1","floor":36},{"not_picked":["theDuelist:HighTideGyojin","theDuelist:GishkiAriel","theDuelist:LeviaDragon+1","theDuelist:BigWhale+1"],"picked":"theDuelist:NimbleManta","floor":37}],"player_experience":212098,"relics_obtained":[{"floor":9,"key":"theDuelist:MillenniumArmor"},{"floor":10,"key":"Potion Belt"},{"floor":13,"key":"MawBank"},{"floor":24,"key":"Question Card"},{"floor":29,"key":"Red Skull"}],"event_choices":[{"damage_healed":0,"gold_gain":0,"player_choice":"1 cards matched","damage_taken":0,"max_hp_gain":0,"max_hp_loss":0,"event_name":"Match and Keep!","floor":2,"gold_loss":0,"cards_obtained":["theDuelist:ColdEnchanter"]},{"damage_healed":0,"gold_gain":0,"player_choice":"Grow","damage_taken":0,"max_hp_gain":0,"max_hp_loss":0,"event_name":"Living Wall","floor":14,"gold_loss":0,"cards_upgraded":["theDuelist:Umi"]},{"damage_healed":0,"gold_gain":0,"player_choice":"Simplicity","damage_taken":0,"max_hp_gain":0,"max_hp_loss":0,"event_name":"Back to Basics","floor":19,"gold_loss":0,"cards_upgraded":["theDuelist:CastleWalls","theDuelist:CastleWalls","theDuelist:Sparks","theDuelist:Sparks"]},{"damage_healed":0,"gold_gain":0,"player_choice":"Bought 0 Potions","damage_taken":0,"max_hp_gain":0,"max_hp_loss":0,"event_name":"The Woman in Blue","floor":21,"gold_loss":0}],"is_beta":false,"boss_relics":[{"not_picked":["theDuelist:ElectricKey","Pandora\u0027s Box"],"picked":"HoveringKite"},{"not_picked":["Empty Cage","Runic Dome"],"picked":"Runic Cube"}],"items_purged_floors":[],"is_endless":false,"potions_floor_spawned":[4,5,7,10,13,18,25,29,33,36,37],"killed_by":"4 Shapes","ascension_level":6}}