{"host":"0m3jfeub8p2oxvjj","time":1610871803,"event":{"mods":["BaseMod","Better Vampires","Good Game Mod","Minty Spire (QoL Compilation)","Shop Mod","Spicy Shops","StSLib","noobMod","óô»ðÖ¸ÄÏ"],"gold_per_floor":[111,186,201,201,211,236,236,266,289,306,341,341,353,363,363,461,461,473,483,227,244,258,158,185,185,185,185,202,229,229,261,60,155,155,168,187,37,51,51,86,86,112,112,112,112,145,165,194,31,43,55,67,79,116,128],"floor_reached":56,"language":"ZHS","playtime":2918,"items_purged":["Discovery","Anger","Dual Wield","Power Through","Anger"],"score":1789,"play_id":"b1a26964-3220-4523-92d8-ebc009437969","local_time":"20210117162323","is_ascension_mode":true,"campfire_choices":[{"floor":12,"key":"RECALL"},{"data":"Heavy Blade","floor":15,"key":"SMITH"},{"data":"Offering","floor":25,"key":"SMITH"},{"data":"Master of Strategy","floor":27,"key":"SMITH"},{"data":"Barricade","floor":30,"key":"SMITH"},{"data":"Madness","floor":41,"key":"SMITH"},{"data":"Seeing Red","floor":52,"key":"SMITH"}],"circlet_count":0,"master_deck":["Bash+1","Pommel Strike","Impervious","Shrug It Off","Clash","Battle Trance","Bandage Up","Heavy Blade+1","Twin Strike","Offering+1","Barricade+1","Thunderclap","Iron Wave","Rage","Dropkick","Dropkick","Master of Strategy+1","Cleave+1","Seeing Red+1","Clash","Offering","Madness+1","Madness","Heavy Blade+1"],"relics":["Burning Blood","ice","REME:ComplimentaryCards","Toy Ornithopter","Whetstone","Lizard Tail","Orichalcum","Pandora\u0027s Box","Letter Opener","Gremlin Horn","Ornamental Fan","Girya","Lantern","SlaversCollar","Strawberry","Potion Belt","Turnip","Bag of Marbles","Regal Pillow","MawBank","Boot"],"acts_visited":["Exordium","TheCity","TheBeyond","TheEnding"],"potions_floor_usage":[42,55,55,55,55],"damage_taken":[{"damage":14,"enemies":"Jaw Worm","floor":1,"turns":3},{"damage":6,"enemies":"Cultist","floor":3,"turns":3},{"damage":0,"enemies":"Small Slimes","floor":5,"turns":3},{"damage":26,"enemies":"Lagavulin","floor":6,"turns":7},{"damage":43,"enemies":"3 Sentries","floor":8,"turns":8},{"damage":14,"enemies":"Exordium Wildlife","floor":10,"turns":4},{"damage":7,"enemies":"Lagavulin","floor":11,"turns":6},{"damage":5,"enemies":"Looter","floor":13,"turns":2},{"damage":5,"enemies":"Red Slaver","floor":14,"turns":2},{"damage":38,"enemies":"Hexaghost","floor":16,"turns":7},{"damage":27,"enemies":"2 Thieves","floor":18,"turns":3},{"damage":0,"enemies":"Spheric Guardian","floor":19,"turns":3},{"damage":12,"enemies":"Chosen and Byrds","floor":21,"turns":3},{"damage":16,"enemies":"Shelled Parasite and Fungi","floor":22,"turns":3},{"damage":29,"enemies":"Gremlin Leader","floor":24,"turns":4},{"damage":18,"enemies":"Snecko","floor":28,"turns":3},{"damage":32,"enemies":"Book of Stabbing","floor":29,"turns":4},{"damage":0,"enemies":"Slavers","floor":31,"turns":2},{"damage":20,"enemies":"Champ","floor":33,"turns":8},{"damage":6,"enemies":"Orb Walker","floor":35,"turns":1},{"damage":24,"enemies":"3 Shapes","floor":36,"turns":3},{"damage":12,"enemies":"Transient","floor":38,"turns":5},{"damage":6,"enemies":"Nemesis","floor":40,"turns":3},{"damage":18,"enemies":"Giant Head","floor":42,"turns":2},{"damage":12,"enemies":"Reptomancer","floor":46,"turns":2},{"damage":12,"enemies":"Jaw Worm Horde","floor":47,"turns":1},{"damage":6,"enemies":"Nemesis","floor":48,"turns":3},{"damage":12,"enemies":"Awakened One","floor":50,"turns":6},{"damage":13,"enemies":"Shield and Spear","floor":54,"turns":4},{"damage":137,"enemies":"The Heart","floor":55,"turns":7}],"seed_played":"-5831869232140405189","potions_obtained":[{"floor":8,"key":"Swift Potion"},{"floor":10,"key":"DuplicationPotion"},{"floor":13,"key":"Fire Potion"},{"floor":14,"key":"BlessingOfTheForge"},{"floor":42,"key":"Energy Potion"},{"floor":46,"key":"FearPotion"},{"floor":47,"key":"ElixirPotion"}],"is_trial":false,"path_per_floor":["M","?","M","?","M","E","?","E","T","M","E","R","M","M","R","B",null,"M","M","$","M","M","R","E","R","T","R","M","E","R","E","R","B",null,"M","M","$","M","?","E","R","E","T","?","?","E","M","E","R","B",null,"R","$","E","B",null],"character_chosen":"IRONCLAD","items_purchased":["Master of Strategy","Lantern"],"campfire_rested":0,"item_purchase_floors":[20,32],"current_hp_per_floor":[72,61,61,54,60,40,40,80,80,76,79,79,84,88,88,60,98,77,87,87,85,79,79,60,60,60,60,48,26,26,36,36,26,126,126,112,112,110,92,103,103,100,100,100,100,98,92,96,96,94,160,160,160,153,46],"gold":140,"neow_bonus":"RANDOM_COLORLESS","is_daily":false,"chose_seed":false,"campfire_upgraded":6,"win_rate":0.0,"timestamp":1610871803,"path_taken":["M","?","M","?","M","E","?","E","T","M","E","R","M","M","R","BOSS","M","M","$","M","M","R","E","R","T","R","M","E","R","E","R","BOSS","M","?","$","M","?","E","R","E","T","?","?","E","M","E","R","BOSS","R","$","E","BOSS"],"items_purchased_type":["Card","Relic"],"build_version":"2020-12-22","purchased_purges":5,"victory":true,"max_hp_per_floor":[80,80,80,80,80,80,80,80,80,83,86,86,87,88,88,98,98,101,102,102,104,107,107,111,111,111,111,112,118,118,121,121,126,126,126,137,137,142,142,152,152,153,153,153,153,153,153,156,156,160,160,160,160,164,248],"card_choices":[{"not_picked":["Forethought","Jack Of All Trades"],"picked":"Discovery","floor":0},{"not_picked":["Wild Strike","Burning Pact"],"picked":"Pommel Strike","floor":1},{"not_picked":["Headbutt","True Grit"],"picked":"Shrug It Off","floor":3},{"not_picked":["True Grit","Sentinel"],"picked":"Clash","floor":5},{"not_picked":["Headbutt","Body Slam"],"picked":"Battle Trance","floor":6},{"not_picked":["Dark Embrace","Hemokinesis"],"picked":"Dual Wield","floor":8},{"not_picked":["Headbutt","Iron Wave"],"picked":"Heavy Blade","floor":10},{"not_picked":["Seeing Red","Thunderclap"],"picked":"Twin Strike","floor":11},{"not_picked":["Blood for Blood","Armaments","Burning Pact"],"picked":"SKIP","floor":13},{"not_picked":["Feel No Pain","Reckless Charge"],"picked":"Thunderclap","floor":14},{"not_picked":["Exhume","Double Tap"],"picked":"Offering","floor":16},{"not_picked":["Iron Wave+1","Shrug It Off"],"picked":"Cleave+1","floor":18},{"not_picked":["Cleave","Heavy Blade","Berserk"],"picked":"SKIP","floor":19},{"not_picked":["Shrug It Off","Armaments","Thunderclap"],"picked":"SKIP","floor":21},{"not_picked":["Shrug It Off+1","Pummel+1"],"picked":"Cleave+1","floor":22},{"not_picked":["Ghostly Armor","Immolate","Perfected Strike"],"picked":"SKIP","floor":24},{"not_picked":["Wild Strike","Clothesline","True Grit"],"picked":"SKIP","floor":28},{"not_picked":["Armaments","True Grit"],"picked":"Seeing Red","floor":29},{"not_picked":["Shrug It Off+1","Anger"],"picked":"Clash","floor":31},{"not_picked":["Double Tap","Bludgeon"],"picked":"Offering","floor":33},{"not_picked":["Wild Strike+1","Havoc","Carnage+1"],"picked":"SKIP","floor":35},{"not_picked":["Flame Barrier+1","Shockwave+1","Anger"],"picked":"SKIP","floor":36},{"not_picked":["Sentinel","Shrug It Off+1","Hemokinesis+1"],"picked":"SKIP","floor":38},{"not_picked":["Shrug It Off+1","Combust+1"],"picked":"Heavy Blade+1","floor":40},{"not_picked":["Dark Embrace+1","Rage+1","Uppercut+1"],"picked":"SKIP","floor":42},{"not_picked":["Body Slam","Anger","Perfected Strike+1"],"picked":"SKIP","floor":46},{"not_picked":["Hemokinesis","Perfected Strike+1","Uppercut"],"picked":"SKIP","floor":47},{"not_picked":["Cleave","Heavy Blade","Shockwave"],"picked":"SKIP","floor":48},{"not_picked":["Hemokinesis","Blood for Blood+1","Sever Soul+1"],"picked":"SKIP","floor":54}],"player_experience":165007,"relics_obtained":[{"floor":6,"key":"Whetstone"},{"floor":8,"key":"Lizard Tail"},{"floor":11,"key":"Orichalcum"},{"floor":24,"key":"Letter Opener"},{"floor":26,"key":"Gremlin Horn"},{"floor":29,"key":"Ornamental Fan"},{"floor":31,"key":"Girya"},{"floor":40,"key":"Strawberry"},{"floor":42,"key":"Potion Belt"},{"floor":43,"key":"Turnip"},{"floor":46,"key":"Regal Pillow"},{"floor":48,"key":"MawBank"},{"floor":54,"key":"Boot"}],"event_choices":[{"damage_healed":0,"gold_gain":75,"player_choice":"Gather Gold","damage_taken":11,"max_hp_gain":0,"max_hp_loss":0,"event_name":"World of Goop","floor":2,"gold_loss":0},{"damage_healed":0,"gold_gain":0,"player_choice":"Success","damage_taken":7,"relics_obtained":["Toy Ornithopter"],"max_hp_gain":0,"max_hp_loss":0,"event_name":"Scrap Ooze","floor":4,"gold_loss":0},{"damage_healed":0,"gold_gain":0,"player_choice":"1 cards matched","damage_taken":0,"max_hp_gain":0,"max_hp_loss":0,"event_name":"Match and Keep!","floor":7,"gold_loss":0,"cards_obtained":["Bandage Up"]},{"damage_healed":0,"gold_gain":0,"player_choice":"Embrace Madness","damage_taken":18,"max_hp_gain":0,"max_hp_loss":0,"event_name":"Winding Halls","floor":39,"gold_loss":0,"cards_obtained":["Madness","Madness"]},{"cards_removed":["Cleave"],"damage_healed":0,"gold_gain":0,"player_choice":"Removed Attack","damage_taken":0,"max_hp_gain":0,"max_hp_loss":0,"event_name":"Falling","floor":44,"gold_loss":0},{"cards_removed":["Thunderclap"],"damage_healed":0,"gold_gain":0,"player_choice":"Gave Card","damage_taken":0,"relics_obtained":["Bag of Marbles"],"max_hp_gain":0,"max_hp_loss":0,"event_name":"WeMeetAgain","floor":45,"gold_loss":0}],"is_beta":false,"boss_relics":[{"not_picked":["Tiny House","Velvet Choker"],"picked":"Pandora\u0027s Box"},{"not_picked":["Runic Dome","Mark of Pain"],"picked":"SlaversCollar"}],"items_purged_floors":[20,23,32,37,49],"is_endless":false,"potions_floor_spawned":[8,10,13,14,19,22,28,31,38,42,46,47,54],"ascension_level":4}}