{"host":"t6r1isv2bex5ovch","time":1610929802,"event":{"mods":["AchievementEnabler","Act Like it!","Aspiration","BaseMod","Better Altar","Better Match","Better Note","Better Sensory Stone","Better Skull","Better Third Choice","Better Vampires","Colored Powertips","Displayed Cursed Tome","Evolution","Fox Events","Hubris","Minty Spire (QoL Compilation)","StSLib","The Disciple","The Jungle","The Runesmith"],"gold_per_floor":[119,0,0,17,37,37,66,66,118,43,43,43,43,43],"floor_reached":13,"language":"ENG","playtime":868,"items_purged":["Runesmith:Strike_RS"],"score":81,"play_id":"3ba5ffb5-35ee-4185-80c8-c16f44108514","local_time":"20210118103002","is_ascension_mode":false,"campfire_choices":[{"floor":6,"key":"RECALL"},{"data":"Runesmith:Firestorm","floor":8,"key":"SMITH"}],"circlet_count":0,"master_deck":["Runesmith:Strike_RS+1","Runesmith:Strike_RS","Runesmith:Strike_RS","Runesmith:Defend_RS","Runesmith:Defend_RS","Runesmith:Defend_RS","Runesmith:CraftFirestone","Runesmith:Fortify","Runesmith:Empowerment","Enlightenment+1","Dramatic Entrance","Runesmith:Firestorm+1","Runesmith:OneForEveryone","Runesmith:LithiumIon"],"relics":["Runesmith:BrokenRuby","EVO:Axolotl","Bottled Tornado","Blood Vial"],"acts_visited":["Exordium"],"potions_floor_usage":[7],"damage_taken":[{"damage":0,"enemies":"2 Louse","floor":1,"turns":3},{"damage":7,"enemies":"Jaw Worm","floor":4,"turns":3},{"damage":2,"enemies":"Small Slimes","floor":5,"turns":2},{"damage":22,"enemies":"3 Sentries","floor":7,"turns":7},{"damage":47,"enemies":"Gremlin Nob","floor":13,"turns":4}],"seed_played":"-3602135518280746907","potions_obtained":[{"floor":1,"key":"SkillPotion"}],"is_trial":false,"path_per_floor":["M","?","?","M","M","R","E","R","T","$","?","T","E"],"character_chosen":"RUNESMITH_CLASS","items_purchased":[],"campfire_rested":0,"item_purchase_floors":[],"current_hp_per_floor":[70,76,76,69,67,67,45,45,45,45,30,30,0,0],"gold":43,"neow_bonus":"REMOVE_CARD","is_daily":false,"chose_seed":false,"campfire_upgraded":1,"win_rate":0.0,"timestamp":1610929802,"path_taken":["M","?","?","M","?","R","E","R","T","$","?","?","E"],"items_purchased_type":[],"build_version":"2020-12-22","purchased_purges":1,"victory":false,"max_hp_per_floor":[70,76,76,76,76,76,76,76,76,76,76,76,76,76],"card_choices":[{"not_picked":["Runesmith:Overpower","Runesmith:ChiselStab"],"picked":"Runesmith:Empowerment","floor":1},{"not_picked":["Deep Breath","Good Instincts"],"picked":"Dramatic Entrance","floor":3},{"not_picked":["Runesmith:UnstableHammer","Runesmith:Attraction"],"picked":"Runesmith:Firestorm","floor":4},{"not_picked":["Runesmith:FieryHammer","Runesmith:EarthShield"],"picked":"Runesmith:OneForEveryone","floor":5},{"not_picked":["Runesmith:Empowerment","Runesmith:Overpower"],"picked":"Runesmith:LithiumIon","floor":7}],"player_experience":358320,"relics_obtained":[{"floor":7,"key":"Bottled Tornado"},{"floor":12,"key":"Blood Vial"}],"event_choices":[{"damage_healed":0,"gold_gain":0,"player_choice":"RENOUNCE","damage_taken":119,"max_hp_gain":0,"max_hp_loss":0,"event_name":"betterThird:BetterSerpent","floor":2,"gold_loss":119,"cards_obtained":["Enlightenment"]},{"damage_healed":0,"gold_gain":1,"player_choice":"1","damage_taken":0,"max_hp_gain":0,"max_hp_loss":0,"event_name":"betterStone:BetterStone","floor":3,"gold_loss":0},{"damage_healed":45,"gold_gain":0,"player_choice":"Upgrade","damage_taken":15,"max_hp_gain":0,"max_hp_loss":76,"event_name":"betterThird:BetterShining","floor":11,"gold_loss":0,"cards_upgraded":["Runesmith:Strike_RS","Enlightenment"]}],"is_beta":false,"boss_relics":[],"items_purged_floors":[10],"is_endless":false,"potions_floor_spawned":[1],"killed_by":"Gremlin Nob","ascension_level":0}}