{"host":"gkg6a0io4zd37ymq","time":1610903335,"event":{"mods":["A Magickal Journey","AchievementEnabler","Aspiration","Astrologer","Bard","BaseMod","Beaked The Cultist","Better Third Choice","Colored Powertips","DeckTracker","Energized Spire","Friendly Minions","Halation","Hermit","Hubris","Infinite Spire","Koishi","Luminous","Mad Scientist","Marisa????????","Minty Spire (QoL Compilation)","Potionbrewer","Replay The Spire","Shade Mod","Shop Mod","Somnambulant","StSLib","The Administrix","The Blackbeard","The Bug Knight","The Clintock","The Construct","The Cursed","The Disciple","The Elementalist","The Forsaken","The Gatherer","The Hierophant","The Judge","The Juggle","The Jungle","The Marked","The Mystic","The Necromancer","The Poker Player","The Runesmith","The Servant 0.9.4","The Spell Scribe","The Valiant","The Wild Card","The Witch","TheBandit","TheFirefly","TheSwordswoman","Trackpad"],"gold_per_floor":[117,117,117,137,147,147,161,161,184,200,200,88,88,119,119,215,215,231,231,250,269,269,269,95,95,95,95,111,111,111,121,121,221,221,240,20,33,48,22,22,42,42,42,42,42,42,42,42,100,122,122,122],"floor_reached":53,"language":"ENG","playtime":5680,"items_purged":["Regret","Sickly","Strike_Witch","Strike_Witch","Strike_Witch"],"score":830,"play_id":"5a843b57-93bd-4cd6-9c48-3706c6dcd49a","local_time":"20210117180854","is_ascension_mode":false,"campfire_choices":[{"data":"GrimVengeance","floor":6,"key":"SMITH"},{"data":"ZombieSpit","floor":8,"key":"SMITH"},{"data":"SummonOwlFamiliar","floor":11,"key":"SMITH"},{"data":"Athame","floor":13,"key":"SMITH"},{"floor":15,"key":"REST"},{"data":"CorruptBlood","floor":23,"key":"SMITH"},{"data":"DeliriumForm","floor":25,"key":"SMITH"},{"data":"EvilEye","floor":29,"key":"SMITH"},{"floor":32,"key":"REST"},{"data":"MysticUnburial","floor":40,"key":"SMITH"},{"data":"Schadenfreude","floor":45,"key":"SMITH"},{"floor":51,"key":"REST"}],"circlet_count":0,"master_deck":["Strike_Witch","Defend_Witch","Defend_Witch","Hexguard","ZombieSpit+1","GrimVengeance+1","Atonement","SummonOwlFamiliar+1","Athame+1","DoomBlade","Pillage","DeliriumForm+1","MysticUnburial+1","hubris:DuctTapeCard","SoulBarrier+1","CorruptBlood+1","Schadenfreude+1","EvilEye+1","Atonement","DireShriek","EvilEye","BleedOut+1","NighInvulnerability","GrimVengeance+1","ReplayTheSpireMod:Splinters","CrystalResonance"],"relics":["BlackCat","NeowsBlessing","Dream Catcher","infinitespire:WardingShard","potionbrewer:ToyAutogyro","trackpad:DisasterInABottle","Sozu","hubris:DuctTape","ReplayTheSpireMod:Ring of Exchange","Ring of Misfortune","Huge Egg","aspiration:AnachronicSnailShell","Membership Card","construct:RocketBooster","infinitespire:EvilPickle","Prayer Beads","aspiration:EmptySkull","trackpad:WondrousWand","Kunai"],"acts_visited":["Exordium","TheCity","TheBeyond"],"potions_floor_usage":[14,16],"damage_taken":[{"damage":0,"enemies":"Small Slimes","floor":1,"turns":1},{"damage":0,"enemies":"Cultist","floor":4,"turns":1},{"damage":0,"enemies":"Jaw Worm","floor":5,"turns":1},{"damage":4,"enemies":"2 Fungi Beasts","floor":7,"turns":6},{"damage":8,"enemies":"Lots of Slimes","floor":10,"turns":6},{"damage":12,"enemies":"3 Sentries","floor":14,"turns":10},{"damage":41,"enemies":"Fading Forest","floor":16,"turns":11},{"damage":13,"enemies":"Chosen","floor":18,"turns":4},{"damage":0,"enemies":"Shell Parasite","floor":20,"turns":5},{"damage":0,"enemies":"Cultist and Chosen","floor":21,"turns":5},{"damage":0,"enemies":"Chosen and Byrds","floor":28,"turns":4},{"damage":12,"enemies":"Snake Plant","floor":31,"turns":5},{"damage":6,"enemies":"Pondfish","floor":33,"turns":10},{"damage":1,"enemies":"3 Darklings","floor":35,"turns":5},{"damage":2,"enemies":"Orb Walker","floor":37,"turns":5},{"damage":0,"enemies":"Sphere and 2 Shapes","floor":38,"turns":5},{"damage":26,"enemies":"3 Darklings","floor":41,"turns":5},{"damage":18,"enemies":"Writhing Mass","floor":50,"turns":6},{"damage":19,"enemies":"infinitespire:MassOfShapes","floor":52,"turns":13}],"seed_played":"-7340128445216862502","potions_obtained":[{"floor":5,"key":"Flashbang"},{"floor":7,"key":"Death Potion"},{"floor":16,"key":"potionbrewer:BoundlessPotion"}],"is_trial":false,"path_per_floor":["M","?","?","M","M","R","M","R","T","M","R","$","R","E","R","B",null,"M","T","M","M","?","R","$","R","T","?","M","R","AVR","M","R","B",null,"M","$","M","M","$","R","M","AVR","T","?","R","T","PTL","PTL","?","M","R","B",null],"character_chosen":"WITCH","items_purchased":["Athame","Schadenfreude","construct:RocketBooster","GrimVengeance+1"],"campfire_rested":3,"item_purchase_floors":[12,24,36,39],"current_hp_per_floor":[67,67,67,67,67,67,63,63,63,55,55,55,55,43,63,40,67,54,54,54,54,54,54,54,54,54,54,54,54,54,42,62,56,67,66,66,64,64,64,64,38,38,38,45,45,45,45,45,45,27,47,28],"gold":122,"neow_bonus":"THREE_ENEMY_KILL","is_daily":false,"chose_seed":false,"campfire_upgraded":9,"win_rate":0.0,"timestamp":1610903334,"path_taken":["M","?","?","M","M","R","M","R","T","M","R","$","R","E","R","BOSS","M","?","?","M","?","R","$","R","T","?","M","R","AVR","M","R","BOSS","M","?","M","M","$","R","M","AVR","T","?","R","?","PTL","PTL","?","M","R","BOSS"],"items_purchased_type":["Card","Card","Relic","Card"],"build_version":"2020-12-22","purchased_purges":5,"victory":true,"max_hp_per_floor":[67,67,67,67,67,67,67,67,67,67,67,67,67,67,67,67,67,67,67,67,67,67,67,67,67,67,67,67,67,67,67,67,67,67,67,67,67,67,67,67,67,67,67,67,67,67,67,67,67,67,67,67],"card_choices":[{"not_picked":["BlackBolt","BoneCarving"],"picked":"BlackShield","floor":1},{"not_picked":["MagicFang","TwistedMind"],"picked":"GrimVengeance","floor":4},{"not_picked":["Bewitch","MagicFang","SaltCircle"],"picked":"SKIP","floor":5},{"not_picked":["Foresight","IllOmen"],"picked":"Atonement","floor":7},{"not_picked":["SkullFlask","IllOmen"],"picked":"SummonOwlFamiliar","floor":10},{"not_picked":["GnarledBody","Pillage"],"picked":"DoomBlade","floor":14},{"not_picked":["Broomstick","Decrepify"],"picked":"Pillage","floor":15},{"not_picked":["Boline","EternalThirst"],"picked":"DeliriumForm","floor":16},{"not_picked":["Harmlessness","CursedBlade"],"picked":"MysticUnburial","floor":18},{"not_picked":["KarmaDrain","MysticUnburial"],"picked":"SoulBarrier+1","floor":20},{"not_picked":["GrimVengeance","Broomstick"],"picked":"CorruptBlood","floor":21},{"not_picked":["SaltCircle+1","BleedOut+1"],"picked":"EvilEye","floor":28},{"not_picked":["Broomstick","DeliriumForm"],"picked":"Atonement","floor":31},{"not_picked":["DarkProcession","IllusionOfStrength"],"picked":"DireShriek","floor":33},{"not_picked":["GnarledBody","GhoulTouch"],"picked":"EvilEye","floor":35},{"not_picked":["BalefulWard","SummonRatFamiliar+1"],"picked":"BleedOut+1","floor":37},{"not_picked":["WretchedNails","MercuryWand"],"picked":"NighInvulnerability","floor":38},{"not_picked":["BalefulWard+1","MercuryWand","WretchedNails+1"],"picked":"SKIP","floor":41},{"not_picked":["MagicFang+1","MementoMori"],"picked":"CrystalResonance","floor":49},{"not_picked":["Broomstick","EvilEye","SummonBatFamiliar"],"picked":"SKIP","floor":50}],"player_experience":425605,"relics_obtained":[{"floor":9,"key":"potionbrewer:ToyAutogyro"},{"floor":14,"key":"trackpad:DisasterInABottle"},{"floor":19,"key":"hubris:DuctTape"},{"floor":22,"key":"ReplayTheSpireMod:Ring of Exchange"},{"floor":22,"key":"Ring of Misfortune"},{"floor":26,"key":"Huge Egg"},{"floor":43,"key":"aspiration:EmptySkull"},{"floor":46,"key":"trackpad:WondrousWand"},{"floor":49,"key":"Kunai"}],"event_choices":[{"damage_healed":0,"gold_gain":0,"player_choice":"Box","damage_taken":0,"relics_obtained":["Dream Catcher"],"max_hp_gain":0,"max_hp_loss":0,"event_name":"Big Fish","floor":2,"gold_loss":0,"cards_obtained":["Regret"]},{"cards_removed":["BlackShield"],"damage_healed":0,"gold_gain":0,"player_choice":"Gave Card","damage_taken":0,"relics_obtained":["infinitespire:WardingShard"],"max_hp_gain":0,"max_hp_loss":0,"event_name":"WeMeetAgain","floor":3,"gold_loss":0},{"damage_healed":0,"gold_gain":0,"player_choice":"Bought 0 Potions","damage_taken":0,"max_hp_gain":0,"max_hp_loss":0,"event_name":"The Woman in Blue","floor":27,"gold_loss":0}],"is_beta":false,"boss_relics":[{"not_picked":["SacredBark","hubris:HollowSoul"],"picked":"Sozu"},{"not_picked":["halation:Komachan","Honey Jar"],"picked":"Membership Card"}],"items_purged_floors":[12,24,30,36,42],"is_endless":false,"potions_floor_spawned":[5,7,16,20,33,41],"ascension_level":0}}