{"host":"r9uivonio18rfam2","time":1610910894,"event":{"mods":["2.2 Compatiblity","AchievementEnabler","Act Like it!","Aspiration","BaseMod","Beaked The Cultist","Better Altar","Better Match","Better Note","Better Sensory Stone","Better Skull","Better Third Choice","BetterRewards","Challenge The Spire","Colored Map","Colored Powertips","Conspire","Downfall","Elementarium","Energized Spire","Hermit","Infinite Spire","Jedi Mod","Minty Spire (QoL Compilation)","Permanent Neow","Potionbrewer","Quick Restart","Shop Mod","Spikes Relics","StSLib","The Blue Laboratory","The Jungle","Wandering Minibosses","vexMod"],"gold_per_floor":[99,114,131,131,142,172,197,26,42,42,27,61,61,76,91,188,188,88,98,114,114,114,126,151,186,204,204,104,104,131,147,160,260,260,260,278,278,278,298,36,62,79,133,165,178,192,192,192,208,208,208],"floor_reached":50,"language":"ENG","playtime":3572,"items_purged":["Strike_R","conspire:Purge"],"score":847,"play_id":"c266cd15-2d0b-4c83-9e6c-d82e9d424adc","local_time":"20210117141454","is_ascension_mode":true,"campfire_choices":[{"data":"Pommel Strike","floor":1.0,"key":"SMITH"},{"data":"Armaments","floor":10.0,"key":"SMITH"},{"data":"Offering","floor":18.0,"key":"SMITH"},{"data":"Battle Trance","floor":28.0,"key":"SMITH"},{"data":"Limit Break","floor":35.0,"key":"SMITH"},{"data":"Dual Wield","floor":47.0,"key":"SMITH"}],"circlet_count":0,"master_deck":["AscendersBane","Defend_R","Defend_R","Bash","Pommel Strike+1","Combust","Shrug It Off","Uppercut","Offering+1","Rupture","Battle Trance+1","Armaments+1","Reaper","Heavy Blade+1","Pummel+1","Rupture","True Grit","Limit Break+1","beaked:CrazyRituals+1","beaked:MimicMachine+1","Barricade","Headbutt+1","Dual Wield+1","Ghostly Armor+1"],"relics":["Burning Blood","Gremlin Horn","Boot","vexMod:EndlessSickness","downfall:HeartBlessingBlue","potionbrewer:ToyAutogyro","Tiny Chest","downfall:HeartBlessingGreen","SpikesRelics:DaevaFist","aspiration:BeakedSkillbook","OrangePellets","Happy Flower","wanderingMiniBosses:Inkheart","Regal Pillow","Singing Bowl","Shovel"],"acts_visited":["Exordium","Exordium","TheBeyond"],"potions_floor_usage":[50],"damage_taken":[{"damage":2.0,"enemies":"2 Louse","floor":2.0,"turns":3.0},{"damage":12.0,"enemies":"Cultist","floor":3.0,"turns":5.0},{"damage":4.0,"enemies":"Jaw Worm","floor":5.0,"turns":3.0},{"damage":18.0,"enemies":"Gremlin Nob","floor":6.0,"turns":4.0},{"damage":17.0,"enemies":"downfall:FleeingMerchant","floor":8.0,"turns":6.0},{"damage":8.0,"enemies":"Red Slaver","floor":9.0,"turns":2.0},{"damage":8.0,"enemies":"downfall:FleeingMerchant","floor":11.0,"turns":6.0},{"damage":17.0,"enemies":"3 Sentries","floor":12.0,"turns":4.0},{"damage":12.0,"enemies":"Blue Slaver","floor":14.0,"turns":5.0},{"damage":12.0,"enemies":"2 Fungi Beasts","floor":15.0,"turns":4.0},{"damage":63.0,"enemies":"IC_STATUS_ARCHETYPE","floor":16.0,"turns":11.0},{"damage":24.0,"enemies":"theJungle:GiantWrat","floor":19.0,"turns":6.0},{"damage":36.0,"enemies":"theJungle:5_Spyders","floor":20.0,"turns":7.0},{"damage":65.0,"enemies":"theJungle:SlimyTreeVines","floor":23.0,"turns":9.0},{"damage":28.0,"enemies":"theJungle:2_Phrogs","floor":25.0,"turns":6.0},{"damage":43.0,"enemies":"theJungle:Lyon","floor":26.0,"turns":6.0},{"damage":19.0,"enemies":"theJungle:2_Snecko_Cultists","floor":31.0,"turns":4.0},{"damage":39.0,"enemies":"theJungle:2_Flameangoes","floor":32.0,"turns":4.0},{"damage":62.0,"enemies":"WA_ARCHETYPE_CALM","floor":33.0,"turns":9.0},{"damage":51.0,"enemies":"3 Darklings","floor":36.0,"turns":5.0},{"damage":34.0,"enemies":"3 Shapes","floor":39.0,"turns":5.0},{"damage":22.0,"enemies":"downfall:FleeingMerchant","floor":40.0,"turns":4.0},{"damage":21.0,"enemies":"Maw","floor":42.0,"turns":7.0},{"damage":25.0,"enemies":"beaked:SuperParasite","floor":44.0,"turns":5.0},{"damage":28.0,"enemies":"Transient","floor":45.0,"turns":5.0},{"damage":44.0,"enemies":"Writhing Mass","floor":46.0,"turns":6.0},{"damage":49.0,"enemies":"Jaw Worm Horde","floor":49.0,"turns":6.0},{"damage":100,"enemies":"SI_POISON_ARCHETYPE","floor":50,"turns":7}],"seed_played":"-5536867376792111529","potions_obtained":[{"floor":3.0,"key":"DistilledChaos"},{"floor":5.0,"key":"sneckomod:MuddlingPotion"},{"floor":9.0,"key":"potionbrewer:NoxiousPotion"},{"floor":12.0,"key":"potionbrewer:EndurancePotion"},{"floor":13.0,"key":"FearPotion"},{"floor":13.0,"key":"blueLaboratory:SmithPotion"},{"floor":13.0,"key":"BloodPotion"},{"floor":14.0,"key":"BloodPotion"},{"floor":23.0,"key":"blueLaboratory:SavagePotion"},{"floor":31.0,"key":"Energy Potion"},{"floor":32.0,"key":"Dexterity Potion"},{"floor":42.0,"key":"blueLaboratory:SavagePotion"},{"floor":44.0,"key":"blueLaboratory:Moonshine"},{"floor":46.0,"key":"blueLaboratory:BottledHope"},{"floor":49.0,"key":"blueLaboratory:StoneskinPotion"}],"is_trial":false,"path_per_floor":["R","M","M","?","M","E","T","$","M","R","$","E","?","M","M","B",null,"R","M","M","?","?","M","T","E","M","?","R","?","T","M","M","B",null,"R","M","?","?","M","$","T","M","T","E","M","M","R","AVR","M","B"],"character_chosen":"IRONCLAD","items_purchased":["Battle Trance","OrangePellets","CultistPotion"],"campfire_rested":0,"item_purchase_floors":[8,40,40],"current_hp_per_floor":[72,76,70,70,72,60,60,49,47,47,45,52,52,69,68,30,68,78,71,63,63,100,63,63,41,24,100,100,100,100,87,84,47,87,87,59,59,59,52,36,36,48,48,52,102,102,102,102,77,0,0],"gold":208,"neow_bonus":"TRANSFORM_CARD","is_daily":false,"chose_seed":false,"campfire_upgraded":6,"win_rate":0.0,"timestamp":1610910894,"path_taken":["R","M","M","?","?","E","T","?","?","R","$","E","?","M","M","BOSS","R","M","M","?","?","M","T","E","?","?","R","?","?","M","M","BOSS","R","M","?","?","M","$","T","?","?","E","M","M","R","AVR","M","BOSS"],"items_purchased_type":["Card","Relic","Potion"],"build_version":"2020-12-22","purchased_purges":2,"victory":false,"max_hp_per_floor":[80,80,80,80,80,80,80,80,80,80,80,80,80,80,80,80,80,90,90,90,90,100,100,100,100,100,100,100,100,100,100,100,100,100,100,100,100,100,100,100,100,100,100,102,102,102,102,102,104,104,104],"card_choices":[{"not_picked":["Perfected Strike","Shrug It Off"],"picked":"Combust","floor":2.0},{"not_picked":["Havoc","True Grit"],"picked":"Shrug It Off","floor":3.0},{"not_picked":["Clash","Reckless Charge"],"picked":"Uppercut","floor":5.0},{"not_picked":["Heavy Blade","Shrug It Off"],"picked":"Offering","floor":6.0},{"not_picked":["conspire:HitWhereItHurts","Heavy Blade"],"picked":"Rupture","floor":8.0},{"not_picked":["True Grit","Pommel Strike"],"picked":"Armaments","floor":9.0},{"not_picked":["Searing Blow","Armaments"],"picked":"Reaper","floor":11.0},{"not_picked":["Entrench","Armaments","BarbarianYell"],"picked":"SKIP","floor":12.0},{"not_picked":["Thunderclap","Perfected Strike","Wild Strike"],"picked":"SKIP","floor":14.0},{"not_picked":["Headbutt","Thunderclap","jedi:fear"],"picked":"SKIP","floor":15.0},{"not_picked":["Immolate","Exhume"],"picked":"Reaper","floor":16.0},{"not_picked":["Headbutt","Flame Barrier"],"picked":"Heavy Blade+1","floor":19.0},{"not_picked":["Infernal Blade+1","Body Slam","Cleave"],"picked":"SKIP","floor":20.0},{"not_picked":["Reckless Charge","Shrug It Off"],"picked":"Pummel+1","floor":23.0},{"not_picked":["Metallicize","Bludgeon"],"picked":"Rupture","floor":25.0},{"not_picked":["Armaments+1","Pummel","Sword Boomerang"],"picked":"SKIP","floor":26.0},{"not_picked":["Warcry","Thunderclap","Pommel Strike"],"picked":"SKIP","floor":31.0},{"not_picked":["Disarm","Twin Strike+1"],"picked":"True Grit","floor":32.0},{"not_picked":["jedi:unlimitedpower","Offering"],"picked":"Limit Break","floor":33.0},{"not_picked":["Warcry+1","jedi:collectorstrike","conspire:Charge+1"],"picked":"beaked:CrazyRituals+1","floor":36.0},{"not_picked":["Pommel Strike+1","Iron Wave","beaked:Insight"],"picked":"beaked:MimicMachine+1","floor":39.0},{"not_picked":["Body Slam+1","beaked:Evade+1","beaked:FeelMyPain+1"],"picked":"Barricade","floor":40.0},{"not_picked":["beaked:Sacrifice","beaked:Pecker+1","Sword Boomerang+1"],"picked":"Headbutt+1","floor":42.0},{"not_picked":["Havoc","Perfected Strike+1","beaked:Brace+1","beaked:FeelMyPain+1"],"picked":"Singing Bowl","floor":44.0},{"not_picked":["beaked:DigDeep+1","beaked:Foresight","beaked:MimicHuntress"],"picked":"Dual Wield","floor":45.0},{"not_picked":["Flex","Pommel Strike","Headbutt"],"picked":"Ghostly Armor+1","floor":46.0},{"not_picked":["jedi:strikingstrike","beaked:Daydream+1","Cleave","beaked:BloodRitual"],"picked":"Singing Bowl","floor":49.0}],"player_experience":468367,"relics_obtained":[{"floor":6.0,"key":"Gremlin Horn"},{"floor":12.0,"key":"Boot"},{"floor":24.0,"key":"potionbrewer:ToyAutogyro"},{"floor":25.0,"key":"Tiny Chest"},{"floor":30.0,"key":"SpikesRelics:DaevaFist"},{"floor":41.0,"key":"Happy Flower"},{"floor":42.0,"key":"wanderingMiniBosses:Inkheart"},{"floor":43.0,"key":"Regal Pillow"},{"floor":44.0,"key":"Singing Bowl"}],"event_choices":[{"damage_healed":0.0,"max_hp_gain":0.0,"max_hp_loss":0.0,"gold_gain":0.0,"event_name":"Lab","player_choice":"Got Potions","floor":13.0,"gold_loss":0.0,"damage_taken":0.0},{"cards_removed":["Reaper"],"damage_healed":27.0,"max_hp_gain":10.0,"max_hp_loss":0.0,"gold_gain":0.0,"event_name":"Bonfire Elementals","player_choice":"Offered Rare","floor":22.0,"gold_loss":0.0,"damage_taken":0.0},{"damage_healed":76.0,"max_hp_gain":0.0,"max_hp_loss":0.0,"gold_gain":0.0,"event_name":"Wheel of Change","player_choice":"Full Heal","floor":27.0,"gold_loss":0.0,"damage_taken":0.0}],"is_beta":false,"boss_relics":[{"not_picked":["vexMod:FluxCapacitor","aspiration:RitualDagger"],"picked":"vexMod:EndlessSickness"},{"not_picked":["energizedSpire:NeverEndingSparkler","energizedSpire:StickyHand"],"picked":"aspiration:BeakedSkillbook"}],"items_purged_floors":[8,48],"is_endless":false,"potions_floor_spawned":[3,5,9,12,14,16,23,31,32,42,44,46,49],"killed_by":"SI_POISON_ARCHETYPE","ascension_level":10}}