{"host":"dv93mabv568wiefh","time":1610867720,"event":{"mods":["BaseMod","Hermit","Hubris","Infinite Spire","Marisa????????","Minty Spire (QoL Compilation)","Replay The Spire","StSLib","The Construct"],"gold_per_floor":[111,124,142,142,142,142,161,161,161,161,181,181,26,44,44,139,139,157,171,171,171,171],"floor_reached":21,"language":"ENG","playtime":789,"items_purged":["Pain"],"score":257,"play_id":"75b8040e-4e39-40b1-ab18-4ff0c5047895","local_time":"20210117021520","is_ascension_mode":true,"campfire_choices":[{"data":"Zap","floor":6,"key":"SMITH"},{"data":"Capacitor","floor":8,"key":"SMITH"},{"data":"Dualcast","floor":12,"key":"SMITH"},{"floor":15,"key":"REST"}],"circlet_count":0,"master_deck":["AscendersBane","Strike_B","Strike_B","Strike_B","Strike_B","Defend_B","Defend_B","Defend_B","Defend_B","Zap+1","Dualcast+1","ReplayTheSpireMod:Repulse+1","Cold Snap","Capacitor+1","Melter","Static Discharge","Electrodynamics","Ball Lightning+1","Coolheaded"],"relics":["Cracked Core","NeowsBlessing","InkBottle","WarpedTongs","Ring of Chaos","hubris:Icosahedron"],"acts_visited":["Exordium","TheCity"],"potions_floor_usage":[3,11,16],"damage_taken":[{"damage":0,"enemies":"Cultist","floor":1,"turns":1},{"damage":0,"enemies":"2 Louse","floor":2,"turns":1},{"damage":0,"enemies":"Jaw Worm","floor":3,"turns":1},{"damage":14,"enemies":"Red Slaver","floor":7,"turns":2},{"damage":0,"enemies":"3 Louse","floor":11,"turns":1},{"damage":12,"enemies":"Exordium Thugs","floor":14,"turns":3},{"damage":34,"enemies":"Hexaghost","floor":16,"turns":11},{"damage":20,"enemies":"Chosen","floor":18,"turns":5},{"damage":34,"enemies":"Shell Parasite","floor":19,"turns":5},{"damage":20,"enemies":"Sentry and Sphere","floor":21,"turns":3}],"seed_played":"-6567214954575445239","potions_obtained":[{"floor":1,"key":"Languid Potion"},{"floor":2,"key":"Explosive Potion"},{"floor":3,"key":"Fruit Juice"}],"is_trial":false,"path_per_floor":["M","M","M","?","?","R","M","R","T","?","M","R","$","M","R","B",null,"M","M","?","M"],"character_chosen":"DEFECT","items_purchased":["Static Discharge"],"campfire_rested":1,"item_purchase_floors":[13],"current_hp_per_floor":[68,68,73,73,73,73,59,59,59,59,59,59,59,47,71,37,69,49,15,15,0,0],"gold":171,"neow_bonus":"THREE_ENEMY_KILL","is_daily":false,"chose_seed":false,"campfire_upgraded":3,"win_rate":0.0,"timestamp":1610867720,"path_taken":["M","M","M","?","?","R","?","R","T","?","?","R","?","?","R","BOSS","M","M","?","M"],"items_purchased_type":["Card"],"build_version":"2020-12-22","purchased_purges":1,"victory":false,"max_hp_per_floor":[75,75,80,80,80,80,80,80,80,80,80,80,80,80,80,80,80,80,80,80,80,80],"card_choices":[{"not_picked":["BasicCrystalCard","Reinforced Body"],"picked":"ReplayTheSpireMod:Repulse","floor":1},{"not_picked":["Barrage","Go for the Eyes"],"picked":"Cold Snap","floor":2},{"not_picked":["Beam Cell","Heatsinks","Reprogram"],"picked":"SKIP","floor":3},{"not_picked":["Time Bomb","Gash"],"picked":"Capacitor","floor":7},{"not_picked":["hubris:PowerSurge","Steam Power"],"picked":"Melter","floor":11},{"not_picked":["Scrape","hubris:Prefetch","Hologram"],"picked":"SKIP","floor":14},{"not_picked":["All For One","Meteor Strike"],"picked":"Electrodynamics","floor":16},{"not_picked":["Go for the Eyes","Beam Cell"],"picked":"Ball Lightning+1","floor":18},{"not_picked":["Fusion","Redo"],"picked":"Coolheaded","floor":19}],"player_experience":894358,"relics_obtained":[{"floor":9,"key":"InkBottle"}],"event_choices":[{"damage_healed":0,"gold_gain":0,"player_choice":"Upgraded","damage_taken":0,"max_hp_gain":0,"max_hp_loss":0,"event_name":"Upgrade Shrine","floor":5,"gold_loss":0,"cards_upgraded":["ReplayTheSpireMod:Repulse"]},{"damage_healed":0,"gold_gain":0,"player_choice":"Rummage","damage_taken":0,"relics_obtained":["WarpedTongs"],"max_hp_gain":0,"max_hp_loss":0,"event_name":"Accursed Blacksmith","floor":10,"gold_loss":0,"cards_obtained":["Pain"]}],"is_beta":false,"boss_relics":[{"not_picked":["Astrolabe","Fusion Hammer"],"picked":"Ring of Chaos"}],"items_purged_floors":[13],"is_endless":false,"potions_floor_spawned":[1,2,3],"killed_by":"Sentry and Sphere","ascension_level":10}}