{"host":"684z1xpuwaoqmmh1","time":1610886052,"event":{"mods":["Bard","BaseMod","Downfall","Hermit","Jorbs\u0027s Wanderer Trilogy","Marisa????????","Minty Spire (QoL Compilation)","Robot Space Explorer","Shade Mod","StSLib","The Bug Knight","The Cursed","The Hayseed","The Hierophant","The Marked","The Mystic","The Runesmith","The Senshi","The Spell Scribe"],"gold_per_floor":[119,138,138,149,161,161,193,207,255,283,310,343,357,375,375,478,478,498,518,106,106,120,120,151,171,171,204,221,246,146,157,157,261,261,280,280,280,117,132,160,173,198,280,309,309,29,63,117,117,117],"floor_reached":51,"language":"ENG","playtime":3387,"items_purged":["theMarked:Strike","theMarked:Defend","theMarked:Defend"],"score":1278,"play_id":"b2b81286-f438-4372-af7a-69939ec61929","local_time":"20210117142052","is_ascension_mode":true,"campfire_choices":[{"floor":6.0,"key":"REST"},{"floor":15.0,"key":"REST"},{"floor":23,"key":"REST"},{"data":"theMarked:HeritageOfTheMarked","floor":32,"key":"SMITH"},{"floor":49,"key":"REST"}],"circlet_count":0,"master_deck":["theMarked:Strike","theMarked:Strike","theMarked:Strike","theMarked:Defend","theMarked:Defend","theMarked:SoldierOfQuellstein+1","theMarked:TakeCover","theMarked:WastefulAttack+1","theMarked:ElementalBlade","theMarked:TwofoldDefense","theMarked:Panic","theMarked:BanishingStrike","theMarked:Overcharge","theMarked:RepellingDischarge","theMarked:MuscleMemory","theMarked:Abjuration+1","theMarked:DeterminationOfTheMarked","theMarked:HeritageOfTheMarked+1","theMarked:SummonStrength","theMarked:Standoff","theMarked:Opportunist+1","theMarked:KeepCalmAndFightOn"],"relics":["theMarked:ArtifactOfAir","InkBottle","Runesmith:AutoHammer","Letter Opener","sneckomod:BlankCard","Nunchaku","Busted Crown","Sling","Whetstone","Kunai","Guardian:PocketSentry","Akabeko","Dream Catcher","Runic Pyramid","Calipers","Thread and Needle","Juzu Bracelet","Membership Card","hexamod:BolsterEngine","Centennial Puzzle","Gambling Chip"],"acts_visited":["Exordium","TheCity","TheBeyond"],"potions_floor_usage":[16,27,29,33,42,44,47,48],"damage_taken":[{"damage":0.0,"enemies":"Cultist","floor":1.0,"turns":4.0},{"damage":2.0,"enemies":"Jaw Worm","floor":2.0,"turns":4.0},{"damage":0.0,"enemies":"Small Slimes","floor":4.0,"turns":3.0},{"damage":33.0,"enemies":"Exordium Thugs","floor":5.0,"turns":8.0},{"damage":21.0,"enemies":"Lagavulin","floor":7.0,"turns":8.0},{"damage":3.0,"enemies":"Red Slaver","floor":8.0,"turns":4.0},{"damage":22.0,"enemies":"Gremlin Nob","floor":10.0,"turns":5.0},{"damage":0.0,"enemies":"Lagavulin","floor":12.0,"turns":5.0},{"damage":1.0,"enemies":"3 Louse","floor":13.0,"turns":3.0},{"damage":0.0,"enemies":"Blue Slaver","floor":14.0,"turns":1.0},{"damage":21,"enemies":"Slime Boss","floor":16,"turns":9},{"damage":0,"enemies":"3 Byrds","floor":18,"turns":3},{"damage":12,"enemies":"Spheric Guardian","floor":19,"turns":4},{"damage":0,"enemies":"3 Cultists","floor":22,"turns":5},{"damage":24,"enemies":"Book of Stabbing","floor":24,"turns":6},{"damage":0,"enemies":"Centurion and Healer","floor":25,"turns":5},{"damage":0,"enemies":"Gremlin Leader","floor":27,"turns":4},{"damage":0,"enemies":"Snecko","floor":28,"turns":3},{"damage":0,"enemies":"Book of Stabbing","floor":29,"turns":3},{"damage":0,"enemies":"3 Cultists","floor":31,"turns":4},{"damage":21,"enemies":"Champ","floor":33,"turns":8},{"damage":0,"enemies":"Orb Walker","floor":35,"turns":2},{"damage":0,"enemies":"3 Shapes","floor":39,"turns":3},{"damage":20,"enemies":"Nemesis","floor":40,"turns":5},{"damage":0,"enemies":"Jaw Worm Horde","floor":41,"turns":3},{"damage":4,"enemies":"Giant Head","floor":42,"turns":5},{"damage":0,"enemies":"Nemesis","floor":44,"turns":4},{"damage":0,"enemies":"Reptomancer","floor":47,"turns":4},{"damage":15,"enemies":"2 Orb Walkers","floor":48,"turns":4},{"damage":36,"enemies":"Time Eater","floor":50,"turns":10}],"seed_played":"8928684422063446168","potions_obtained":[{"floor":5.0,"key":"Energy Potion"},{"floor":8.0,"key":"Energy Potion"},{"floor":10.0,"key":"FearPotion"},{"floor":13.0,"key":"SteroidPotion"},{"floor":14.0,"key":"hexamod:SoulburnPotion"},{"floor":22,"key":"DistilledChaos"},{"floor":24,"key":"Block Potion"},{"floor":28,"key":"Guardian:BlockOnCardUsePotion"},{"floor":29,"key":"sneckomod:MuddlingPotion"},{"floor":35,"key":"Ancient Potion"},{"floor":41,"key":"champ:CounterPotion"},{"floor":47,"key":"Energy Potion"}],"is_trial":false,"path_per_floor":["M","M","?","M","M","R","E","M","T","E","T","E","M","M","R","B",null,"M","M","$","?","M","R","E","M","T","E","M","E","$","M","R","B",null,"M","$","?","$","M","E","M","E","T","E","?","$","E","?","R","B",null],"character_chosen":"THE_DEFAULT","items_purchased":["theMarked:DeterminationOfTheMarked","Sling","Whetstone","theMarked:Standoff","Membership Card","hexamod:BolsterEngine","theMarked:KeepCalmAndFightOn","AttackPotion"],"campfire_rested":4,"item_purchase_floors":[20,20,20,38,46,46,46,46],"current_hp_per_floor":[70,68,68,68,35,56,35,32,32,10,10,10,9,9,30,9,55,55,43,43,43,43,64,40,40,40,40,40,40,40,40,40,19,57,57,57,57,57,57,37,37,33,33,33,33,33,33,18,39,3],"gold":117,"neow_bonus":"THREE_CARDS","is_daily":false,"chose_seed":false,"campfire_upgraded":1,"win_rate":0.0,"timestamp":1610886052,"path_taken":["M","M","?","M","?","R","E","M","T","E","?","E","M","M","R","BOSS","M","M","$","?","M","R","E","M","T","E","M","E","?","?","R","BOSS","M","?","?","$","M","E","M","E","T","E","?","?","E","?","R","BOSS"],"items_purchased_type":["Card","Relic","Relic","Card","Relic","Relic","Card","Potion"],"build_version":"2020-12-22","purchased_purges":3,"victory":true,"max_hp_per_floor":[70,70,70,70,70,70,70,70,70,70,70,70,70,70,70,70,70,70,70,70,70,70,70,70,70,70,70,70,70,70,70,70,70,70,70,70,70,70,70,70,70,70,70,70,70,70,70,70,70,70],"card_choices":[{"not_picked":["theMarked:HeightenedSenses","theMarked:Overthink"],"picked":"theMarked:TakeCover","floor":0.0},{"not_picked":["theMarked:Improvise","theMarked:Convert"],"picked":"theMarked:WastefulAttack","floor":1.0},{"not_picked":["theMarked:ElectricStrings","theMarked:MysticalArsenal"],"picked":"theMarked:ElementalBlade","floor":2.0},{"not_picked":["theMarked:Overcharge","theMarked:BanishingStrike"],"picked":"theMarked:TwofoldDefense","floor":4.0},{"not_picked":["theMarked:EmpowerWeapon","theMarked:Parry","theMarked:Parkour"],"picked":"SKIP","floor":5.0},{"not_picked":["theMarked:ResourceFulStrike","theMarked:EnhanceMovement"],"picked":"theMarked:Panic","floor":7.0},{"not_picked":["theMarked:TwofoldDefense","theMarked:HeightenedSenses"],"picked":"theMarked:BanishingStrike","floor":8.0},{"not_picked":["theMarked:Parry","theMarked:Reabsorb"],"picked":"theMarked:Overcharge","floor":10.0},{"not_picked":["theMarked:Overcharge","theMarked:Convert","theMarked:Parkour"],"picked":"SKIP","floor":12.0},{"not_picked":["theMarked:Electrocute","theMarked:ChainLightning"],"picked":"theMarked:RepellingDischarge","floor":13.0},{"not_picked":["theMarked:DeterminationOfTheMarked","theMarked:Polarize"],"picked":"theMarked:MuscleMemory","floor":14.0},{"not_picked":["theMarked:DispelDoubt","theMarked:MagicAdept"],"picked":"theMarked:Abjuration","floor":16},{"not_picked":["theMarked:Static+1"],"picked":"SKIP","floor":18},{"not_picked":["theMarked:Improvise"],"picked":"SKIP","floor":19},{"not_picked":["theMarked:Improvise"],"picked":"SKIP","floor":22},{"not_picked":["theMarked:PowerFlow"],"picked":"SKIP","floor":24},{"not_picked":["theMarked:SwordAndMagic+1"],"picked":"SKIP","floor":25},{"not_picked":["theMarked:MaelstromOfLightning"],"picked":"SKIP","floor":27},{"not_picked":[],"picked":"theMarked:HeritageOfTheMarked","floor":28},{"not_picked":["theMarked:Electrify"],"picked":"SKIP","floor":29},{"not_picked":["theMarked:Static"],"picked":"SKIP","floor":31},{"not_picked":[],"picked":"theMarked:SummonStrength","floor":33},{"not_picked":["theMarked:BanishingStrike+1"],"picked":"SKIP","floor":35},{"not_picked":[],"picked":"theMarked:Opportunist+1","floor":39},{"not_picked":["theMarked:HeightenedSenses+1"],"picked":"SKIP","floor":40},{"not_picked":["theMarked:Frustration"],"picked":"SKIP","floor":41},{"not_picked":["theMarked:RepellingDischarge+1"],"picked":"SKIP","floor":42},{"not_picked":["theMarked:ChainLightning+1"],"picked":"SKIP","floor":44},{"not_picked":["theMarked:Seal"],"picked":"SKIP","floor":47}],"player_experience":2848653,"relics_obtained":[{"floor":7.0,"key":"InkBottle"},{"floor":9.0,"key":"Runesmith:AutoHammer"},{"floor":10.0,"key":"Letter Opener"},{"floor":11.0,"key":"sneckomod:BlankCard"},{"floor":12.0,"key":"Nunchaku"},{"floor":24,"key":"Kunai"},{"floor":26,"key":"Guardian:PocketSentry"},{"floor":27,"key":"Akabeko"},{"floor":29,"key":"Dream Catcher"},{"floor":40,"key":"Calipers"},{"floor":42,"key":"Thread and Needle"},{"floor":44,"key":"Juzu Bracelet"},{"floor":47,"key":"Centennial Puzzle"},{"floor":48,"key":"Gambling Chip"}],"event_choices":[{"cards_removed":["theMarked:Strike"],"damage_healed":0.0,"max_hp_gain":0.0,"max_hp_loss":0.0,"gold_gain":0.0,"event_name":"Bonfire Elementals","player_choice":"Offered Basic","floor":3.0,"gold_loss":0.0,"damage_taken":0.0},{"damage_healed":0,"gold_gain":0,"player_choice":"Upgraded","damage_taken":0,"max_hp_gain":0,"max_hp_loss":0,"event_name":"Upgrade Shrine","floor":21,"gold_loss":0,"cards_upgraded":["theMarked:SoldierOfQuellstein"]},{"damage_healed":0,"gold_gain":0,"player_choice":"Ignored","damage_taken":0,"max_hp_gain":0,"max_hp_loss":0,"event_name":"Tomb of Lord Red Mask","floor":37,"gold_loss":0},{"damage_healed":0,"gold_gain":0,"player_choice":"Ignored","damage_taken":0,"max_hp_gain":0,"max_hp_loss":0,"event_name":"SecretPortal","floor":45,"gold_loss":0},{"damage_healed":0,"gold_gain":0,"player_choice":"Fight","damage_taken":0,"max_hp_gain":0,"max_hp_loss":0,"event_name":"Mysterious Sphere","floor":48,"gold_loss":0}],"is_beta":false,"boss_relics":[{"not_picked":["Fusion Hammer","Empty Cage"],"picked":"Busted Crown"},{"not_picked":["Snecko Eye","Cursed Key"],"picked":"Runic Pyramid"}],"items_purged_floors":[20,30,38],"is_endless":false,"potions_floor_spawned":[5,8,10,13,14,22,24,28,29,35,41,47],"ascension_level":5}}