{"host":"nsu382cuivk29rjh","time":1610870683,"event":{"mods":["BaseMod","Downfall","Minty Spire (QoL Compilation)","StSLib"],"gold_per_floor":[99,24,41,53,153,103,103,116,136,86,98,8,8,43,54,153,153,103,121,140,25,25,39,65,80,80,30,42,73,23,75,89,187,187,137,152,171,186,186,215,239,255,5,21,38,38,51,68,88,88,88,88],"floor_reached":50,"language":"ZHS","playtime":2808,"items_purged":["Slimebound:Strike_Slimebound","Slimebound:Strike_Slimebound","Slimebound:Defend_Slimebound"],"score":527,"play_id":"8a724c88-bd62-49e2-897d-9c65512d7cda","local_time":"20210117160443","is_ascension_mode":false,"campfire_choices":[{"data":"Slimebound:CorrosiveSpit","floor":1,"key":"SMITH"},{"data":"Slimebound:SlimeTap","floor":6,"key":"SMITH"},{"data":"Slimebound:SlimeBarrage","floor":10,"key":"SMITH"},{"data":"Slimebound:LeadByExample","floor":13,"key":"SMITH"},{"data":"Slimebound:FirmFortitude","floor":18,"key":"SMITH"},{"data":"Slimebound:Nibble","floor":27,"key":"SMITH"},{"data":"Slimebound:ComboTackle","floor":30,"key":"SMITH"},{"floor":35,"key":"RECALL"},{"data":"Slimebound:MassRepurpose","floor":43,"key":"SMITH"},{"data":"Slimebound:RallyTheTroops","floor":46,"key":"SMITH"}],"circlet_count":0,"master_deck":["Slimebound:Strike_Slimebound","Slimebound:Tackle","Slimebound:Defend_Slimebound","Slimebound:Defend_Slimebound","Slimebound:Defend_Slimebound","Slimebound:Split+1","Slimebound:CorrosiveSpit+1","Slimebound:SlimeTap+1","Slimebound:SlimeSpikes","Slimebound:SlimeBarrage+1","Slimebound:LeadByExample+1","Slimebound:LivingWall","Slimebound:LeechLife","Slimebound:GoopSpray","Slimebound:FirmFortitude+1","Slimebound:Nibble+1","Slimebound:ComboTackle+1","Slimebound:LevelUp+1","Slimebound:RallyTheTroops+1","Slimebound:SlimeTap+1","Slimebound:GoopSpray+1","Slimebound:SlimeTap+1","Slimebound:SpikyOuterGoop","Slimebound:MinionMaster","Slimebound:Replication+1","Slimebound:ForwardTackle+1","Slimebound:MassRepurpose+1"],"relics":["Slimebound:AbsorbEndCombat","Slimebound:GreedOozeRelic","Toy Ornithopter","Nunchaku","Philosopher\u0027s Stone","Nilry\u0027s Codex","Centennial Puzzle","StoneCalendar","DollysMirror","Coffee Dripper","Pen Nib","downfall:HeartBlessingRed","downfall:HeartBlessingGreen"],"acts_visited":["TheCity","TheBeyond"],"potions_floor_usage":[14,28,50,50],"damage_taken":[{"damage":2,"enemies":"Small Slimes","floor":3,"turns":3},{"damage":1,"enemies":"Jaw Worm","floor":4,"turns":2},{"damage":1,"enemies":"Cultist","floor":8,"turns":3},{"damage":16,"enemies":"3 Louse","floor":9,"turns":3},{"damage":8,"enemies":"Exordium Thugs","floor":11,"turns":3},{"damage":0,"enemies":"downfall:FleeingMerchant","floor":12,"turns":4},{"damage":14,"enemies":"Gremlin Nob","floor":14,"turns":3},{"damage":0,"enemies":"Large Slime","floor":15,"turns":4},{"damage":4,"enemies":"SI_SHIV_ARCHETYPE","floor":16,"turns":7},{"damage":0,"enemies":"Shell Parasite","floor":19,"turns":5},{"damage":13,"enemies":"3 Byrds","floor":20,"turns":2},{"damage":3,"enemies":"downfall:FleeingMerchant","floor":21,"turns":4},{"damage":4,"enemies":"Sentry and Sphere","floor":23,"turns":3},{"damage":16,"enemies":"3 Cultists","floor":25,"turns":4},{"damage":0,"enemies":"Snecko","floor":28,"turns":2},{"damage":11,"enemies":"Book of Stabbing","floor":29,"turns":4},{"damage":0,"enemies":"downfall:FleeingMerchant","floor":31,"turns":2},{"damage":3,"enemies":"Snake Plant","floor":32,"turns":2},{"damage":16,"enemies":"IC_MUSHROOM_ARCHETYPE","floor":33,"turns":5},{"damage":0,"enemies":"Orb Walker","floor":36,"turns":3},{"damage":5,"enemies":"3 Shapes","floor":37,"turns":2},{"damage":0,"enemies":"Transient","floor":38,"turns":5},{"damage":3,"enemies":"Reptomancer","floor":40,"turns":3},{"damage":10,"enemies":"Maw","floor":42,"turns":4},{"damage":0,"enemies":"Spire Growth","floor":44,"turns":2},{"damage":3,"enemies":"Transient","floor":45,"turns":5},{"damage":4,"enemies":"4 Shapes","floor":47,"turns":2},{"damage":5,"enemies":"Spire Growth","floor":48,"turns":4},{"damage":30,"enemies":"Writhing Mass","floor":49,"turns":4},{"damage":85,"enemies":"DF_ARCHETYPE_ORBS","floor":50,"turns":5}],"seed_played":"-566834751996918207","potions_obtained":[{"floor":3,"key":"Fire Potion"},{"floor":8,"key":"Dexterity Potion"},{"floor":9,"key":"CultistPotion"},{"floor":16,"key":"Fire Potion"},{"floor":28,"key":"GamblersBrew"},{"floor":49,"key":"Slimebound:SpawnSlimePotion"}],"is_trial":false,"path_per_floor":["R","?","M","M","?","R","T","M","M","R","M","$","R","E","M","B",null,"R","M","M","$","?","M","T","M","?","R","M","E","R","$","M","B",null,"R","M","M","M","?","E","T","M","R","M","M","R","M","M","M","B"],"character_chosen":"SLIMEBOUND","items_purchased":["DollysMirror"],"campfire_rested":0,"item_purchase_floors":[31],"current_hp_per_floor":[65,65,64,64,64,64,64,64,49,49,42,47,47,39,41,65,65,65,65,52,64,48,56,56,42,42,42,49,41,41,51,50,38,65,65,65,65,65,65,65,65,62,62,64,65,65,62,60,44,0,0,0],"gold":88,"neow_bonus":"UPGRADE_CARD","is_daily":false,"chose_seed":false,"campfire_upgraded":9,"win_rate":0.0,"timestamp":1610870683,"path_taken":["R","?","M","M","?","R","T","M","M","R","M","$","R","E","M","BOSS","R","M","M","$","?","M","T","M","?","R","?","E","R","$","M","BOSS","R","M","M","M","?","E","T","M","R","M","M","R","M","M","M","BOSS"],"items_purchased_type":["Relic"],"build_version":"2020-12-22","purchased_purges":3,"victory":false,"max_hp_per_floor":[65,65,65,65,65,65,65,65,65,65,65,65,65,65,65,65,65,65,65,65,65,65,65,65,65,65,65,65,65,65,65,65,65,65,65,65,65,65,65,65,65,65,65,65,65,65,65,65,65,65,65,65],"card_choices":[{"not_picked":["Slimebound:DisruptingSlam","Slimebound:Schlurp"],"picked":"Slimebound:SlimeTap","floor":3},{"not_picked":["Slimebound:GoopTackle","Slimebound:SplitBruiser"],"picked":"Slimebound:SlimeSpikes","floor":4},{"not_picked":["Slimebound:MegaLick","Slimebound:FinishingTackle"],"picked":"Slimebound:SlimeBarrage","floor":8},{"not_picked":["Slimebound:FinishingTackle","Slimebound:MegaLick"],"picked":"Slimebound:LeadByExample","floor":9},{"not_picked":["Slimebound:ViciousTackle","Slimebound:PressTheAttack","Slimebound:FinishingTackle"],"picked":"SKIP","floor":11},{"not_picked":["Slimebound:SlimeBrawl","Slimebound:SplitBruiser"],"picked":"Slimebound:LivingWall","floor":12},{"not_picked":["Slimebound:PressTheAttack","Slimebound:Equalize"],"picked":"Slimebound:LeechLife","floor":14},{"not_picked":["Slimebound:SplitBruiser","Slimebound:RollThrough"],"picked":"Slimebound:GoopSpray","floor":15},{"not_picked":["Slimebound:LeechLife","Slimebound:WasteNot"],"picked":"Slimebound:FirmFortitude","floor":16},{"not_picked":["Slimebound:SplitMire+1","Slimebound:LivingWall"],"picked":"Slimebound:Nibble","floor":19},{"not_picked":["Slimebound:SplitAcid","Slimebound:SplitMire"],"picked":"Slimebound:ComboTackle","floor":20},{"not_picked":["Slimebound:Replication","Slimebound:LivingWall"],"picked":"Slimebound:LevelUp+1","floor":21},{"not_picked":["Slimebound:RollThrough","Slimebound:SlimeSpikes"],"picked":"Slimebound:RallyTheTroops","floor":23},{"not_picked":["Slimebound:PressTheAttack","Slimebound:AcidTongue","Slimebound:RollThrough"],"picked":"SKIP","floor":25},{"not_picked":["Slimebound:SplitMire","Slimebound:ItLooksTasty","Slimebound:SplitBruiser"],"picked":"SKIP","floor":28},{"not_picked":["Slimebound:SlimeSpikes","Slimebound:SplitLeeching"],"picked":"Slimebound:GoopSpray+1","floor":29},{"not_picked":["Slimebound:GoopSpray+1","Slimebound:LeadByExample+1","Slimebound:Schlurp"],"picked":"SKIP","floor":31},{"not_picked":["Slimebound:Grow","Slimebound:SplitAcid"],"picked":"Slimebound:SpikyOuterGoop","floor":32},{"not_picked":["Slimebound:PrepareCrush","Slimebound:MassFeed"],"picked":"Slimebound:MinionMaster","floor":33},{"not_picked":["Slimebound:SplitBruiser+1","Slimebound:SlimeSpikes"],"picked":"Slimebound:Replication+1","floor":36},{"not_picked":["Slimebound:RainOfGoop","Slimebound:FinishingTackle+1","Slimebound:MegaLick"],"picked":"SKIP","floor":37},{"not_picked":["Slimebound:ProtectTheBoss+1","Slimebound:SlimeBrawl+1"],"picked":"Slimebound:ForwardTackle+1","floor":38},{"not_picked":["Slimebound:Chomp","Slimebound:Schlurp+1","Slimebound:Grow"],"picked":"SKIP","floor":40},{"not_picked":["Slimebound:PressTheAttack","Slimebound:SlimeBarrage"],"picked":"Slimebound:MassRepurpose","floor":42},{"not_picked":["Slimebound:TongueLash","Slimebound:Grow","Slimebound:SpikyOuterGoop+1"],"picked":"SKIP","floor":44},{"not_picked":["Slimebound:DisruptingSlam","Slimebound:Chomp+1","Slimebound:SplitBruiser"],"picked":"SKIP","floor":45},{"not_picked":["Slimebound:LeadByExample","Slimebound:SlimeBrawl+1","Slimebound:SlimeTap+1"],"picked":"SKIP","floor":47},{"not_picked":["Slimebound:Gluttony+1","Slimebound:GoopSpray+1","Slimebound:FormOfPuddle+1"],"picked":"SKIP","floor":48},{"not_picked":["Slimebound:ComboTackle","Slimebound:FinishingTackle","Slimebound:RollThrough+1"],"picked":"SKIP","floor":49}],"player_experience":1142964,"relics_obtained":[{"floor":7,"key":"Toy Ornithopter"},{"floor":14,"key":"Nunchaku"},{"floor":22,"key":"Nilry\u0027s Codex"},{"floor":24,"key":"Centennial Puzzle"},{"floor":29,"key":"StoneCalendar"},{"floor":40,"key":"Pen Nib"}],"event_choices":[],"is_beta":false,"boss_relics":[{"not_picked":["Sozu","Busted Crown"],"picked":"Philosopher\u0027s Stone"},{"not_picked":["Cursed Key","Runic Dome"],"picked":"Coffee Dripper"}],"items_purged_floors":[12,21,31],"is_endless":false,"potions_floor_spawned":[3,8,9,16,25,28,32,38,42,44,49],"killed_by":"DF_ARCHETYPE_ORBS","ascension_level":0}}