{"host":"q6ff4ns2kep02ti6","time":1610900814,"event":{"mods":["AchievementEnabler","BaseMod","Minty Spire (QoL Compilation)","Relic Stats","StSLib","Unceasing Turn Reminder"],"gold_per_floor":[111,121,138,138,154,188,2,37,37,37,68,68,78,78,78,177,177,190,190,200,200,215,244,244,263,317,317,352,352,367,22,22,121,121,140,155,169,169,184,184,210,210,210,237,249,62,82,0,0,0,0],"floor_reached":50,"language":"ENG","playtime":3852,"items_purged":["Strike_B","Strike_B"],"score":822,"play_id":"598e0a10-574c-4b0c-bf37-189d3626a422","local_time":"20210117172654","is_ascension_mode":true,"campfire_choices":[{"data":"Scrape","floor":12,"key":"SMITH"},{"floor":15,"key":"REST"},{"data":"Beam Cell","floor":24,"key":"SMITH"},{"floor":27,"key":"REST"},{"floor":32,"key":"REST"},{"data":"Seek","floor":40,"key":"SMITH"},{"floor":42,"key":"REST"},{"floor":49,"key":"RECALL"}],"circlet_count":0,"master_deck":["Zap","Dualcast","Hyperbeam+1","Rip and Tear","Gash","Coolheaded","Scrape+1","Hologram","Swift Strike","Beam Cell+1","Skim","Seek","Coolheaded+1","Conserve Battery","Scrape+1","Panache","Seek+1","Scrape","Undo","Conserve Battery","Chaos","Stack","Defragment+1","Madness","Madness","Beam Cell+1","Forethought","Go for the Eyes"],"relics":["Cracked Core","Oddly Smooth Stone","Pear","Mercury Hourglass","Darkstone Periapt","Sundial","Busted Crown","MutagenicStrength","Toy Ornithopter","Potion Belt","Symbiotic Virus","Pandora\u0027s Box","Torii","Kunai","Red Mask"],"acts_visited":["Exordium","TheCity","TheBeyond"],"potions_floor_usage":[8,11,16,28,33,33,41,41,50,50,50,50],"damage_taken":[{"damage":2,"enemies":"Jaw Worm","floor":1,"turns":3},{"damage":0,"enemies":"Small Slimes","floor":2,"turns":1},{"damage":0,"enemies":"Cultist","floor":3,"turns":2},{"damage":7,"enemies":"Exordium Wildlife","floor":5,"turns":3},{"damage":15,"enemies":"3 Sentries","floor":6,"turns":3},{"damage":16,"enemies":"Gremlin Nob","floor":8,"turns":3},{"damage":14,"enemies":"3 Sentries","floor":11,"turns":4},{"damage":0,"enemies":"Blue Slaver","floor":13,"turns":1},{"damage":11,"enemies":"The Guardian","floor":16,"turns":11},{"damage":0,"enemies":"Spheric Guardian","floor":18,"turns":3},{"damage":0,"enemies":"Chosen","floor":20,"turns":1},{"damage":0,"enemies":"3 Cultists","floor":22,"turns":2},{"damage":53,"enemies":"Book of Stabbing","floor":23,"turns":5},{"damage":18,"enemies":"Snake Plant","floor":25,"turns":3},{"damage":0,"enemies":"Slavers","floor":28,"turns":1},{"damage":10,"enemies":"Snecko","floor":30,"turns":3},{"damage":12,"enemies":"Collector","floor":33,"turns":4},{"damage":0,"enemies":"3 Shapes","floor":35,"turns":3},{"damage":0,"enemies":"Orb Walker","floor":36,"turns":2},{"damage":0,"enemies":"3 Darklings","floor":37,"turns":2},{"damage":6,"enemies":"Transient","floor":39,"turns":5},{"damage":62,"enemies":"Giant Head","floor":41,"turns":8},{"damage":38,"enemies":"Nemesis","floor":44,"turns":5},{"damage":0,"enemies":"4 Shapes","floor":45,"turns":3},{"damage":0,"enemies":"Jaw Worm Horde","floor":47,"turns":2},{"damage":31,"enemies":"Time Eater","floor":50,"turns":4}],"seed_played":"6439309402338567771","potions_obtained":[{"floor":2,"key":"SpeedPotion"},{"floor":3,"key":"SteroidPotion"},{"floor":8,"key":"AttackPotion"},{"floor":16,"key":"Strength Potion"},{"floor":23,"key":"Fire Potion"},{"floor":25,"key":"Strength Potion"},{"floor":28,"key":"Strength Potion"},{"floor":36,"key":"Regen Potion"},{"floor":37,"key":"Explosive Potion"},{"floor":47,"key":"PotionOfCapacity"}],"is_trial":false,"path_per_floor":["M","M","M","?","M","E","$","E","T","?","E","R","M","T","R","B",null,"M","?","M","?","M","E","R","M","T","R","E","?","M","$","R","B",null,"M","M","M","?","M","R","E","R","T","E","M","$","M","?","R","B"],"character_chosen":"DEFECT","items_purchased":["Hologram","Swift Strike","Panache","SkillPotion","Forethought","Go for the Eyes","Dexterity Potion"],"campfire_rested":4,"item_purchase_floors":[7,7,31,31,46,46,46],"current_hp_per_floor":[66,66,66,66,59,44,44,38,38,38,24,24,24,24,49,38,73,73,73,73,73,73,20,20,2,2,27,32,32,22,22,47,45,75,75,75,75,64,58,58,21,46,46,8,8,8,8,8,8,0,0],"gold":0,"neow_bonus":"ONE_RANDOM_RARE_CARD","is_daily":false,"chose_seed":false,"campfire_upgraded":3,"win_rate":0.0,"timestamp":1610900814,"path_taken":["M","M","M","?","M","E","$","E","T","?","E","R","?","?","R","BOSS","M","?","M","?","M","E","R","M","T","R","E","?","M","$","R","BOSS","M","M","?","?","M","R","E","R","T","E","M","$","M","?","R","BOSS"],"items_purchased_type":["Card","Card","Card","Potion","Card","Card","Potion"],"build_version":"2020-12-22","purchased_purges":2,"victory":false,"max_hp_per_floor":[75,75,75,75,75,75,75,85,85,85,85,85,85,85,85,85,85,85,85,85,85,85,85,85,85,85,85,85,85,85,85,85,85,85,85,85,85,85,85,85,85,85,85,85,85,85,85,85,85,85,85],"relic_stats":{"Darkstone Periapt":0,"Busted Crown":32,"Torii":0,"counters":[26,87],"Sundial":[16],"Pandora\u0027s Box":["Seek","Scrape","Undo","Conserve Battery","Chaos","Stack"],"Kunai":[4],"obtain_stats":[{"Darkstone Periapt":11,"Potion Belt":26,"Pear":8,"Torii":41,"Oddly Smooth Stone":6,"Mercury Hourglass":9,"Busted Crown":17,"Sundial":14,"MutagenicStrength":19,"Pandora\u0027s Box":34,"Red Mask":48,"Kunai":44,"Cracked Core":0,"Symbiotic Virus":28,"Toy Ornithopter":23},{"Darkstone Periapt":7,"Potion Belt":14,"Pear":6,"Torii":22,"Oddly Smooth Stone":5,"Mercury Hourglass":6,"Busted Crown":9,"Sundial":8,"MutagenicStrength":10,"Pandora\u0027s Box":17,"Red Mask":25,"Kunai":23,"Cracked Core":0,"Symbiotic Virus":15,"Toy Ornithopter":13},{"Darkstone Periapt":19,"Potion Belt":45,"Pear":15,"Torii":73,"Oddly Smooth Stone":12,"Mercury Hourglass":15,"Busted Crown":31,"Sundial":20,"MutagenicStrength":34,"Pandora\u0027s Box":53,"Red Mask":83,"Kunai":78,"Cracked Core":0,"Symbiotic Virus":46,"Toy Ornithopter":42}],"Toy Ornithopter":45,"Mercury Hourglass":[263]},"card_choices":[{"not_picked":["Gash","Aggregate"],"picked":"Rip and Tear","floor":1},{"not_picked":["Sweeping Beam","Compile Driver"],"picked":"Gash","floor":2},{"not_picked":["Defragment","Reinforced Body"],"picked":"Coolheaded","floor":3},{"not_picked":["Ball Lightning","Streamline"],"picked":"Scrape","floor":5},{"not_picked":["Stack","Cold Snap","Ball Lightning"],"picked":"SKIP","floor":6},{"not_picked":["Electrodynamics","Barrage","Compile Driver"],"picked":"SKIP","floor":8},{"not_picked":["Ball Lightning","Leap"],"picked":"Beam Cell","floor":11},{"not_picked":["Cold Snap","Ball Lightning"],"picked":"Skim","floor":13},{"not_picked":["Fission","Amplify"],"picked":"Seek","floor":16},{"not_picked":["Redo+1"],"picked":"SKIP","floor":18},{"not_picked":["Sweeping Beam"],"picked":"SKIP","floor":20},{"not_picked":[],"picked":"Coolheaded+1","floor":22},{"not_picked":[],"picked":"Conserve Battery","floor":23},{"not_picked":["Consume"],"picked":"SKIP","floor":25},{"not_picked":["Streamline"],"picked":"SKIP","floor":28},{"not_picked":["Electrodynamics"],"picked":"SKIP","floor":30},{"not_picked":["Stack"],"picked":"SKIP","floor":35},{"not_picked":[],"picked":"Defragment+1","floor":36},{"not_picked":["Ball Lightning+1"],"picked":"SKIP","floor":37},{"not_picked":["Sweeping Beam+1"],"picked":"SKIP","floor":39},{"not_picked":[],"picked":"Beam Cell+1","floor":41},{"not_picked":["Chaos"],"picked":"SKIP","floor":44},{"not_picked":["Rip and Tear+1"],"picked":"SKIP","floor":45},{"not_picked":["Fusion"],"picked":"SKIP","floor":47}],"player_experience":966801,"relics_obtained":[{"floor":6,"key":"Oddly Smooth Stone"},{"floor":8,"key":"Pear"},{"floor":9,"key":"Mercury Hourglass"},{"floor":11,"key":"Darkstone Periapt"},{"floor":14,"key":"Sundial"},{"floor":23,"key":"Toy Ornithopter"},{"floor":26,"key":"Potion Belt"},{"floor":28,"key":"Symbiotic Virus"},{"floor":41,"key":"Torii"},{"floor":44,"key":"Kunai"}],"event_choices":[{"damage_healed":0,"gold_gain":0,"player_choice":"Ignored","damage_taken":0,"max_hp_gain":0,"max_hp_loss":0,"event_name":"Liars Game","floor":4,"gold_loss":0},{"damage_healed":0,"gold_gain":0,"player_choice":"Forge","damage_taken":0,"max_hp_gain":0,"max_hp_loss":0,"event_name":"Accursed Blacksmith","floor":10,"gold_loss":0,"cards_upgraded":["Hyperbeam"]},{"damage_healed":0,"gold_gain":0,"player_choice":"Inject Mutagens","damage_taken":0,"relics_obtained":["MutagenicStrength"],"max_hp_gain":0,"max_hp_loss":0,"event_name":"Drug Dealer","floor":19,"gold_loss":0},{"damage_healed":0,"gold_gain":0,"player_choice":"Ignored","damage_taken":0,"max_hp_gain":0,"max_hp_loss":0,"event_name":"Ghosts","floor":21,"gold_loss":0},{"damage_healed":0,"gold_gain":0,"player_choice":"Copied","damage_taken":0,"max_hp_gain":0,"max_hp_loss":0,"event_name":"Duplicator","floor":29,"gold_loss":0,"cards_obtained":["Scrape"]},{"damage_healed":0,"gold_gain":0,"player_choice":"Embrace Madness","damage_taken":11,"max_hp_gain":0,"max_hp_loss":0,"event_name":"Winding Halls","floor":38,"gold_loss":0,"cards_obtained":["Madness","Madness"]},{"damage_healed":0,"gold_gain":0,"player_choice":"Paid","damage_taken":0,"relics_obtained":["Red Mask"],"max_hp_gain":0,"max_hp_loss":0,"event_name":"Tomb of Lord Red Mask","floor":48,"gold_loss":82}],"is_beta":false,"boss_relics":[{"not_picked":["SacredBark","Runic Dome"],"picked":"Busted Crown"},{"not_picked":["Coffee Dripper","Inserter"],"picked":"Pandora\u0027s Box"}],"items_purged_floors":[7,31],"is_endless":false,"potions_floor_spawned":[2,3,8,16,23,25,28,36,37,47],"killed_by":"Time Eater","ascension_level":8}}