{"host":"umc2kcp6syiz6ck1","time":1610912414,"event":{"mods":["Act Like it!","BaseMod","Colored Map","Colored Powertips","Friendly Minions","Gensokyo","Hallownest","Koishi","Marisa????????","Minty Spire (QoL Compilation)","Prisma Mod","Quick Restart","Remilia??????","StSLib","Td1madao Mod","The Administrix","The Bug Knight","The Servant 0.9.4"],"gold_per_floor":[116,129,129,129,145,145,179,190,259,259,276,288,288,107,107,210,210,228,245,245,260,275,302,315,315,315],"floor_reached":25,"language":"ENG","playtime":2631,"items_purged":["Strike_MRS"],"score":252,"play_id":"c842a59e-1ade-45e0-ba43-a28ffee4dd75","local_time":"20210117134014","is_ascension_mode":false,"campfire_choices":[{"data":"BlazeAway","floor":6,"key":"SMITH"},{"data":"StarBarrage","floor":15,"key":"SMITH"}],"circlet_count":0,"master_deck":["Strike_MRS","Defend_MRS","Defend_MRS","Defend_MRS","Defend_MRS","MasterSpark","UpSweep","StarBarrage+1","BlazeAway+1","AsteroidBelt","EarthLightRay","ChargeUpSpray","PowerUp","FairyDestructionRay","IllusionStar","CasketOfStar","BlazeAway","EnergyRecoil+1","MilkyWay","PulseMagic","GrandCross","MysteriousBeam"],"relics":["MiniHakkero","Ginger","Sundial","RampagingMagicTools","Juzu Bracelet"],"acts_visited":["Exordium","TheCity"],"potions_floor_usage":[16,24,24,25],"damage_taken":[{"damage":0,"enemies":"Small Slimes","floor":1,"turns":4},{"damage":1,"enemies":"Cultist","floor":2,"turns":3},{"damage":1,"enemies":"2 Louse","floor":5,"turns":2},{"damage":26,"enemies":"Lagavulin","floor":7,"turns":4},{"damage":0,"enemies":"Large Slime","floor":8,"turns":3},{"damage":12,"enemies":"Lots of Slimes","floor":11,"turns":5},{"damage":4,"enemies":"Blue Slaver","floor":12,"turns":4},{"damage":25,"enemies":"Slime Boss","floor":16,"turns":8},{"damage":9,"enemies":"Chosen","floor":18,"turns":2},{"damage":10,"enemies":"Spheric Guardian","floor":19,"turns":3},{"damage":26,"enemies":"Centurion and Healer","floor":21,"turns":5},{"damage":20,"enemies":"Snecko","floor":22,"turns":5},{"damage":16,"enemies":"Gremlin Leader","floor":23,"turns":8},{"damage":28,"enemies":"Cultist and Chosen","floor":24,"turns":5},{"damage":10,"enemies":"Chosen and Byrds","floor":25,"turns":1}],"seed_played":"413116084706145343","potions_obtained":[{"floor":1,"key":"LiquidBronze"},{"floor":8,"key":"Strength Potion"},{"floor":11,"key":"ColorlessPotion"},{"floor":16,"key":"Fruit Juice"},{"floor":18,"key":"SpeedPotion"}],"is_trial":false,"path_per_floor":["M","M","?","?","M","R","E","M","T","?","M","M","?","$","R","B",null,"M","M","?","M","M","E","M","M"],"character_chosen":"MARISA","items_purchased":["FairyDestructionRay","IllusionStar"],"campfire_rested":0,"item_purchase_floors":[14,14],"current_hp_per_floor":[82,81,81,86,85,85,59,59,59,56,48,48,87,87,87,67,92,87,81,81,59,43,31,7,0,0],"gold":315,"neow_bonus":"TEN_PERCENT_HP_BONUS","is_daily":false,"chose_seed":false,"campfire_upgraded":2,"win_rate":0.0,"timestamp":1610912414,"path_taken":["M","M","?","?","M","R","E","M","T","?","M","M","?","$","R","BOSS","M","?","?","M","M","E","M","M"],"items_purchased_type":["Card","Card"],"build_version":"2020-12-22","purchased_purges":1,"victory":false,"max_hp_per_floor":[82,82,82,87,87,87,87,87,87,87,87,87,87,87,87,92,92,92,92,92,92,92,92,92,92,92],"card_choices":[{"not_picked":["DC","LuminesStrike"],"picked":"StarBarrage","floor":1},{"not_picked":["PulseMagic","NonDirectionalLaser"],"picked":"BlazeAway","floor":2},{"not_picked":["DC","ShootingEcho"],"picked":"AsteroidBelt","floor":5},{"not_picked":["WitchOfGreed","WitchLeyline","ShootingEcho"],"picked":"SKIP","floor":7},{"not_picked":["Acceleration","OrrerysSun"],"picked":"EarthLightRay","floor":8},{"not_picked":["Acceleration","SatelliteIllusion"],"picked":"ChargeUpSpray","floor":11},{"not_picked":["Acceleration","MeteoricShower"],"picked":"PowerUp","floor":12},{"not_picked":["SuperNova","MaximisePower"],"picked":"CasketOfStar","floor":16},{"not_picked":["Acceleration","6A"],"picked":"BlazeAway","floor":18},{"not_picked":["ShootingEcho","WitchLeyline"],"picked":"EnergyRecoil+1","floor":19},{"not_picked":["DarkSpark","Orbital+1"],"picked":"MilkyWay","floor":21},{"not_picked":["IllusionStar+1","DC"],"picked":"PulseMagic","floor":22},{"not_picked":["IllusionStar","Orbital"],"picked":"GrandCross","floor":23},{"not_picked":["PowerUp","GalacticHalo"],"picked":"MysteriousBeam","floor":24}],"player_experience":67843,"relics_obtained":[{"floor":7,"key":"Ginger"},{"floor":9,"key":"Sundial"},{"floor":23,"key":"Juzu Bracelet"}],"event_choices":[{"cards_removed":["Strike_MRS"],"damage_healed":0,"gold_gain":0,"player_choice":"Forget","damage_taken":0,"max_hp_gain":0,"max_hp_loss":0,"event_name":"Living Wall","floor":3,"gold_loss":0},{"damage_healed":0,"gold_gain":0,"player_choice":"Donut","damage_taken":0,"max_hp_gain":5,"max_hp_loss":0,"event_name":"Big Fish","floor":4,"gold_loss":0},{"damage_healed":0,"gold_gain":0,"player_choice":"Fled","damage_taken":3,"max_hp_gain":0,"max_hp_loss":0,"event_name":"Scrap Ooze","floor":10,"gold_loss":0},{"damage_healed":39,"gold_gain":0,"player_choice":"Full Heal","damage_taken":0,"max_hp_gain":0,"max_hp_loss":0,"event_name":"Wheel of Change","floor":13,"gold_loss":0},{"cards_removed":["Strike_MRS"],"damage_healed":0,"gold_gain":0,"player_choice":"Elegance","damage_taken":0,"max_hp_gain":0,"max_hp_loss":0,"event_name":"Back to Basics","floor":20,"gold_loss":0}],"is_beta":false,"boss_relics":[{"not_picked":["Astrolabe","Sozu"],"picked":"RampagingMagicTools"}],"items_purged_floors":[14],"is_endless":false,"potions_floor_spawned":[1,8,11,16,18,22],"killed_by":"Chosen and Byrds","ascension_level":0}}