{"host":"z0tqw7lu1gwakzxm","time":1610850623,"event":{"mods":["BaseMod","DeckTracker","Lobotomy","Minty Spire (QoL Compilation)","StSLib","slay the spire mod where everything is the same but ironclad has a cowboy hat"],"gold_per_floor":[113,113,113,113,124,124,136,136,204,215,64,64,84,116,116,116,116],"floor_reached":16,"language":"ENG","playtime":306,"items_purged":[],"score":100,"play_id":"4f9557f5-7f57-4917-9810-da8bbee2a287","local_time":"20210116213023","is_ascension_mode":false,"campfire_choices":[{"data":"Sword Boomerang","floor":6,"key":"SMITH"},{"data":"Disarm","floor":8,"key":"SMITH"},{"data":"Whirlwind","floor":12,"key":"SMITH"},{"floor":15,"key":"REST"}],"circlet_count":0,"master_deck":["Strike_R","Strike_R","Strike_R","Strike_R","Strike_R","Defend_R","Defend_R","Defend_R","Defend_R","Bash+1","WallGazer","Sword Boomerang+1","Regret","BodiesMountain","Whirlwind+1","MeatLantern","Disarm+1","CrumblingArmor","Hemokinesis","Pummel","Disarm","FairyFestival","Twin Strike","OldLady","Thunderclap"],"relics":["Burning Blood","CogitoBucket","Champion Belt","White Beast Statue","Blue Candle"],"acts_visited":["Exordium"],"potions_floor_usage":[14,14],"damage_taken":[{"damage":7,"enemies":"2 Louse","floor":1,"turns":2},{"damage":6,"enemies":"Jaw Worm","floor":5,"turns":3},{"damage":6,"enemies":"Cultist","floor":7,"turns":3},{"damage":2,"enemies":"3 Louse","floor":10,"turns":1},{"damage":4,"enemies":"Looter","floor":13,"turns":4},{"damage":60,"enemies":"Gremlin Nob","floor":14,"turns":3},{"damage":72,"enemies":"Slime Boss","floor":16,"turns":1}],"seed_played":"2080104975886713279","potions_obtained":[{"floor":10,"key":"ColorlessPotion"},{"floor":13,"key":"Block Potion"},{"floor":14,"key":"SkillPotion"}],"is_trial":false,"path_per_floor":["M","?","?","?","M","R","M","R","T","M","$","R","M","E","R","B"],"character_chosen":"IRONCLAD","items_purchased":["Pummel","Disarm"],"campfire_rested":1,"item_purchase_floors":[11,11],"current_hp_per_floor":[79,79,79,79,79,79,79,79,79,80,80,80,80,31,55,0,0],"gold":116,"neow_bonus":"","is_daily":false,"chose_seed":false,"campfire_upgraded":3,"win_rate":0.0,"timestamp":1610850623,"path_taken":["M","?","?","?","?","R","M","R","T","M","$","R","M","E","R","BOSS"],"items_purchased_type":["Card","Card"],"build_version":"2020-12-22","purchased_purges":0,"victory":false,"max_hp_per_floor":[80,80,80,80,80,80,80,80,80,80,80,80,80,80,80,80,80],"card_choices":[{"not_picked":["CherryBlossoms","Scorched"],"picked":"WallGazer","floor":1},{"not_picked":["Shockwave","Clash"],"picked":"Sword Boomerang","floor":1},{"not_picked":["OSAHOGD","PunishingBird"],"picked":"BodiesMountain","floor":5},{"not_picked":["Heavy Blade","Armaments"],"picked":"Whirlwind","floor":5},{"not_picked":["Scorched","UniverseFragment"],"picked":"MeatLantern","floor":7},{"not_picked":["Disarm","Wild Strike","Havoc"],"picked":"SKIP","floor":7},{"not_picked":["Wild Strike","Havoc"],"picked":"Disarm","floor":7},{"not_picked":["Variant","SingingMachine"],"picked":"CrumblingArmor","floor":10},{"not_picked":["Clash","Dual Wield"],"picked":"Hemokinesis","floor":10},{"not_picked":["Wellcheers","SingingMachine"],"picked":"FairyFestival","floor":13},{"not_picked":["Wild Strike","Infernal Blade"],"picked":"Twin Strike","floor":13},{"not_picked":["SnowQueen","BlackSwan"],"picked":"OldLady","floor":14},{"not_picked":["Offering","Rampage"],"picked":"Thunderclap","floor":14}],"player_experience":332375,"relics_obtained":[{"floor":9,"key":"White Beast Statue"},{"floor":14,"key":"Blue Candle"}],"event_choices":[{"damage_healed":0,"gold_gain":0,"player_choice":"Ignored","damage_taken":0,"max_hp_gain":0,"max_hp_loss":0,"event_name":"Golden Wing","floor":2,"gold_loss":0},{"damage_healed":0,"gold_gain":0,"player_choice":"Grow","damage_taken":0,"max_hp_gain":0,"max_hp_loss":0,"event_name":"Living Wall","floor":3,"gold_loss":0,"cards_upgraded":["Bash"]},{"damage_healed":0,"gold_gain":0,"player_choice":"Box","damage_taken":0,"relics_obtained":["Champion Belt"],"max_hp_gain":0,"max_hp_loss":0,"event_name":"Big Fish","floor":4,"gold_loss":0,"cards_obtained":["Regret"]}],"is_beta":false,"boss_relics":[],"items_purged_floors":[],"is_endless":false,"potions_floor_spawned":[10,13,14],"killed_by":"Slime Boss","ascension_level":0}}