{"host":"sc0o2qwpf9j16a4i","time":1610892688,"event":{"mods":["AchievementEnabler","BaseMod","BetterRewards","Block Reminder","Colored Map","Colored Powertips","Custom Start","Highlight Path","Minty Spire (QoL Compilation)","Relic Stats"],"gold_per_floor":[113,113,133,50,50,50,85,85,385,403,416,416,434,445,445,523,523,543,108,124,74,74,74,108,120,120,147,161,4,4,16,16,95,95,112,131,131,131,183,183,210,210,233,17,17,28,55,66,66,66,66,66,66,21,50,50,50],"floor_reached":56,"language":"ENG","playtime":2435,"items_purged":["Strike_G","Defend_G"],"score":2575,"play_id":"287cead4-1c53-4b8b-bfa2-64ef6c00704d","local_time":"20210117161128","is_ascension_mode":true,"campfire_choices":[{"floor":6.0,"key":"REST"},{"floor":8.0,"key":"REST"},{"data":"Apotheosis","floor":15.0,"key":"SMITH"},{"floor":23.0,"key":"RECALL"},{"floor":30.0,"key":"REST"},{"floor":32.0,"key":"REST"},{"floor":40.0,"key":"REST"},{"floor":42.0,"key":"REST"},{"floor":49.0,"key":"REST"},{"floor":53.0,"key":"REST"}],"circlet_count":0,"master_deck":["AscendersBane","Defend_G","Defend_G","Defend_G","Defend_G","Survivor","Neutralize","Apotheosis+1","Noxious Fumes","Dagger Throw","Bouncing Flask","Dash","Deadly Poison","Riddle With Holes","Backflip","Bane","Blur","Wraith Form v2","Footwork","Crippling Poison","PiercingWail","Accuracy","Noxious Fumes","Backflip","Deadly Poison+1","Dodge and Roll","Sucker Punch+1","Catalyst","Wraith Form v2","Escape Plan","PiercingWail+1","Backflip","Well Laid Plans","Well Laid Plans","Crippling Poison"],"relics":["Ring of the Snake","Lee\u0027s Waffle","Bag of Preparation","PreservedInsect","OrangePellets","Happy Flower","Sundial","Bag of Marbles","Old Coin","Fusion Hammer","White Beast Statue","Lantern","Red Mask","Membership Card","Empty Cage","CaptainsWheel","Boot","Toy Ornithopter","TwistedFunnel","Strawberry","Snake Skull","Centennial Puzzle"],"acts_visited":["Exordium","TheCity","TheBeyond","TheEnding"],"potions_floor_usage":[56,56],"damage_taken":[{"damage":1.0,"enemies":"2 Louse","floor":1.0,"turns":3.0},{"damage":0.0,"enemies":"Cultist","floor":3.0,"turns":4.0},{"damage":11.0,"enemies":"Gremlin Nob","floor":7.0,"turns":3.0},{"damage":0.0,"enemies":"Jaw Worm","floor":10.0,"turns":3.0},{"damage":4.0,"enemies":"Exordium Wildlife","floor":11.0,"turns":6.0},{"damage":16.0,"enemies":"Gremlin Gang","floor":13.0,"turns":5.0},{"damage":0.0,"enemies":"Lots of Slimes","floor":14.0,"turns":2.0},{"damage":23.0,"enemies":"Slime Boss","floor":16.0,"turns":9.0},{"damage":0.0,"enemies":"Spheric Guardian","floor":18.0,"turns":3.0},{"damage":0.0,"enemies":"3 Byrds","floor":20.0,"turns":4.0},{"damage":0.0,"enemies":"Gremlin Leader","floor":24.0,"turns":6.0},{"damage":10.0,"enemies":"Centurion and Healer","floor":25.0,"turns":5.0},{"damage":0.0,"enemies":"Masked Bandits","floor":27.0,"turns":4.0},{"damage":0.0,"enemies":"3 Cultists","floor":28.0,"turns":5.0},{"damage":0.0,"enemies":"Sentry and Sphere","floor":31.0,"turns":3.0},{"damage":0.0,"enemies":"Collector","floor":33.0,"turns":7.0},{"damage":12.0,"enemies":"3 Darklings","floor":35.0,"turns":6.0},{"damage":0.0,"enemies":"Orb Walker","floor":36.0,"turns":4.0},{"damage":28.0,"enemies":"2 Orb Walkers","floor":39.0,"turns":6.0},{"damage":0.0,"enemies":"Nemesis","floor":41.0,"turns":9.0},{"damage":6.0,"enemies":"3 Darklings","floor":46.0,"turns":5.0},{"damage":2.0,"enemies":"Giant Head","floor":47.0,"turns":9.0},{"damage":0.0,"enemies":"Jaw Worm Horde","floor":48.0,"turns":9.0},{"damage":65.0,"enemies":"Awakened One","floor":50.0,"turns":23.0},{"damage":3.0,"enemies":"Time Eater","floor":51.0,"turns":8.0},{"damage":54.0,"enemies":"Shield and Spear","floor":55.0,"turns":6.0},{"damage":51,"enemies":"The Heart","floor":56,"turns":3}],"seed_played":"-2614074811810587136","potions_obtained":[{"floor":1.0,"key":"Dexterity Potion"},{"floor":5.0,"key":"DuplicationPotion"},{"floor":7.0,"key":"LiquidMemories"},{"floor":13.0,"key":"DistilledChaos"},{"floor":16.0,"key":"CunningPotion"},{"floor":20.0,"key":"Explosive Potion"},{"floor":24.0,"key":"Explosive Potion"},{"floor":25.0,"key":"Fire Potion"},{"floor":27.0,"key":"Swift Potion"},{"floor":28.0,"key":"LiquidMemories"},{"floor":31.0,"key":"CultistPotion"},{"floor":33.0,"key":"SteroidPotion"},{"floor":39.0,"key":"Weak Potion"},{"floor":46.0,"key":"SpeedPotion"},{"floor":47.0,"key":"SteroidPotion"},{"floor":55.0,"key":"EssenceOfSteel"}],"is_trial":false,"path_per_floor":["M","?","M","$","?","R","E","R","T","M","M","?","M","M","R","B",null,"M","$","M","$","?","R","E","M","T","?","M","$","R","M","R","B",null,"M","M","$","?","?","R","E","R","T","$","?","M","E","M","R","B","B",null,"R","$","E","B"],"character_chosen":"THE_SILENT","items_purchased":["Lee\u0027s Waffle","Bag of Preparation","Apotheosis","PreservedInsect","OrangePellets","Noxious Fumes","Happy Flower","PowerPotion","Dash","Footwork","White Beast Statue","PiercingWail","Membership Card","TwistedFunnel","Strawberry","Well Laid Plans"],"campfire_rested":8,"item_purchase_floors":[0,0,0,0,0,0,0,0,4,19,19,21,29,44,44,54],"current_hp_per_floor":[72,37,37,37,37,58,47,68,68,68,64,69,53,53,53,30,66,66,66,66,66,66,66,66,56,56,56,56,56,78,78,78,78,78,66,66,66,66,38,61,61,78,78,85,81,80,79,79,81,16,18,65,81,81,27,0,0],"gold":50,"neow_bonus":"","is_daily":false,"chose_seed":false,"campfire_upgraded":1,"win_rate":0.0,"timestamp":1610892688,"path_taken":["M","?","M","$","?","R","E","R","T","M","?","?","M","M","R","BOSS","M","$","M","$","?","R","E","M","T","?","M","?","R","?","R","BOSS","M","M","?","?","?","R","E","R","T","$","?","M","E","M","R","BOSS","BOSS","R","$","E","BOSS"],"items_purchased_type":["Relic","Relic","Card","Relic","Relic","Card","Relic","Potion","Card","Card","Relic","Card","Relic","Relic","Relic","Card"],"build_version":"2020-12-22","purchased_purges":2,"victory":false,"max_hp_per_floor":[73,73,73,73,73,73,73,73,73,73,73,78,78,78,78,78,78,78,78,78,78,78,78,78,78,78,78,78,78,78,78,78,78,78,78,78,78,78,78,78,78,78,78,85,81,81,81,81,81,81,81,81,81,81,81,81,81],"relic_stats":{"Lee\u0027s Waffle":54,"Happy Flower":[77],"counters":[153,853],"PreservedInsect":742,"Snake Skull":[172],"Bag of Preparation":[54],"Boot":[33],"OrangePellets":[17],"Centennial Puzzle":[2],"Sundial":[18],"obtain_stats":[{"TwistedFunnel":0,"Calipers":0,"Gremlin Horn":40,"Vajra":11,"Whetstone":48,"Ginger":47,"Bottled Tornado":30,"Boot":41,"Old Coin":9,"Blood Vial":0,"Centennial Puzzle":9,"Lizard Tail":9,"HornCleat":19,"Sundial":2,"Strawberry":43,"MealTicket":23,"Philosopher\u0027s Stone":34,"Fusion Hammer":17,"Kunai":48,"Toxic Egg 2":28,"Pear":12,"Happy Flower":0,"Astrolabe":34,"Oddly Smooth Stone":0,"Tingsha":47,"Eternal Feather":0,"Pen Nib":0,"Letter Opener":28,"Paper Crane":0,"Question Card":0,"Akabeko":55,"WarpedTongs":36,"OrangePellets":0,"Shuriken":45,"Bronze Scales":0,"Snecko Eye":17,"Pandora\u0027s Box":0,"StrikeDummy":41,"Unceasing Top":36,"Pocketwatch":0,"Lantern":24,"Regal Pillow":0,"Torii":7,"Singing Bowl":0,"Mango":0,"Snake Skull":26,"Bag of Preparation":44,"Incense Burner":0,"Cursed Key":17,"Ancient Tea Set":42,"Empty Cage":34,"ClockworkSouvenir":0,"Dream Catcher":7,"Nunchaku":46,"Shovel":0,"Ninja Scroll":43,"Mummified Hand":0,"WingedGreaves":26,"Red Mask":24,"InkBottle":45,"Ring of the Snake":0,"Runic Pyramid":17,"Potion Belt":0,"Lee\u0027s Waffle":21,"The Specimen":41,"Golden Idol":2,"Thread and Needle":0,"PreservedInsect":0,"Omamori":14,"Orichalcum":46,"Frozen Egg 2":0,"MawBank":13,"Medical Kit":0,"White Beast Statue":22,"Mercury Hourglass":0,"Peace Pipe":42,"Strange Spoon":0,"Anchor":44,"CaptainsWheel":39,"Busted Crown":34,"Ornamental Fan":55,"Turnip":0,"Art of War":6,"Bag of Marbles":7,"Membership Card":37,"FossilizedHelix":26,"Toy Ornithopter":43},{"TwistedFunnel":48,"Calipers":77,"Gremlin Horn":95,"Vajra":4,"Whetstone":73,"Ginger":124,"Bottled Tornado":12,"Boot":146,"Old Coin":129,"Blood Vial":48,"Centennial Puzzle":4,"Lizard Tail":52,"HornCleat":30,"Sundial":127,"Strawberry":40,"MealTicket":9,"Philosopher\u0027s Stone":66,"Fusion Hammer":134,"Kunai":99,"Toxic Egg 2":89,"Pear":54,"Happy Flower":126,"Astrolabe":91,"Oddly Smooth Stone":48,"Tingsha":73,"Eternal Feather":77,"Pen Nib":22,"Letter Opener":63,"Paper Crane":48,"Question Card":77,"Akabeko":47,"WarpedTongs":92,"OrangePellets":48,"Shuriken":72,"Bronze Scales":77,"Snecko Eye":6,"Pandora\u0027s Box":0,"StrikeDummy":40,"Unceasing Top":38,"Pocketwatch":101,"Lantern":61,"Regal Pillow":77,"Torii":51,"Singing Bowl":77,"Mango":77,"Snake Skull":32,"Bag of Preparation":41,"Incense Burner":48,"Cursed Key":29,"Ancient Tea Set":71,"Empty Cage":142,"ClockworkSouvenir":48,"Dream Catcher":4,"Nunchaku":98,"Shovel":48,"Ninja Scroll":18,"Mummified Hand":48,"WingedGreaves":89,"Red Mask":10,"InkBottle":19,"Ring of the Snake":0,"Runic Pyramid":84,"Potion Belt":48,"Lee\u0027s Waffle":30,"The Specimen":17,"Golden Idol":78,"Thread and Needle":101,"PreservedInsect":126,"Omamori":28,"Orichalcum":19,"Frozen Egg 2":22,"MawBank":5,"Medical Kit":22,"White Beast Statue":8,"Mercury Hourglass":101,"Peace Pipe":18,"Strange Spoon":101,"Anchor":72,"CaptainsWheel":145,"Busted Crown":13,"Ornamental Fan":76,"Turnip":77,"Art of War":25,"Bag of Marbles":129,"Membership Card":15,"FossilizedHelix":62,"Toy Ornithopter":146},{"TwistedFunnel":262,"Calipers":453,"Gremlin Horn":529,"Vajra":27,"Whetstone":403,"Ginger":679,"Bottled Tornado":73,"Boot":790,"Old Coin":703,"Blood Vial":262,"Centennial Puzzle":27,"Lizard Tail":287,"HornCleat":155,"Sundial":696,"Strawberry":210,"MealTicket":57,"Philosopher\u0027s Stone":365,"Fusion Hammer":728,"Kunai":552,"Toxic Egg 2":500,"Pear":295,"Happy Flower":693,"Astrolabe":512,"Oddly Smooth Stone":262,"Tingsha":403,"Eternal Feather":453,"Pen Nib":120,"Letter Opener":344,"Paper Crane":262,"Question Card":453,"Akabeko":254,"WarpedTongs":515,"OrangePellets":262,"Shuriken":396,"Bronze Scales":453,"Snecko Eye":41,"Pandora\u0027s Box":0,"StrikeDummy":210,"Unceasing Top":200,"Pocketwatch":562,"Lantern":335,"Regal Pillow":453,"Torii":283,"Singing Bowl":453,"Mango":453,"Snake Skull":167,"Bag of Preparation":217,"Incense Burner":262,"Cursed Key":151,"Ancient Tea Set":387,"Empty Cage":765,"ClockworkSouvenir":262,"Dream Catcher":27,"Nunchaku":545,"Shovel":262,"Ninja Scroll":103,"Mummified Hand":262,"WingedGreaves":500,"Red Mask":60,"InkBottle":109,"Ring of the Snake":0,"Runic Pyramid":479,"Potion Belt":262,"Lee\u0027s Waffle":155,"The Specimen":96,"Golden Idol":458,"Thread and Needle":562,"PreservedInsect":693,"Omamori":144,"Orichalcum":109,"Frozen Egg 2":120,"MawBank":31,"Medical Kit":120,"White Beast Statue":48,"Mercury Hourglass":562,"Peace Pipe":103,"Strange Spoon":562,"Anchor":396,"CaptainsWheel":781,"Busted Crown":81,"Ornamental Fan":443,"Turnip":453,"Art of War":132,"Bag of Marbles":703,"Membership Card":86,"FossilizedHelix":338,"Toy Ornithopter":790}],"Toy Ornithopter":21,"Ring of the Snake":[262]},"card_choices":[{"not_picked":["Reflex","Setup"],"picked":"Dagger Throw","floor":1.0},{"not_picked":["Underhanded Strike","Heel Hook"],"picked":"Bouncing Flask","floor":3.0},{"not_picked":["Slice","Flechettes"],"picked":"Deadly Poison","floor":7.0},{"not_picked":["Dagger Throw","Grand Finale"],"picked":"Riddle With Holes","floor":10.0},{"not_picked":["Underhanded Strike","Distraction"],"picked":"Backflip","floor":11.0},{"not_picked":["Underhanded Strike","Prepared"],"picked":"Bane","floor":13.0},{"not_picked":["Prepared","Underhanded Strike"],"picked":"Blur","floor":14.0},{"not_picked":["Unload","Storm of Steel"],"picked":"Wraith Form v2","floor":16.0},{"not_picked":["Backstab","Outmaneuver","Bane"],"picked":"SKIP","floor":18.0},{"not_picked":["Prepared","Reflex"],"picked":"Crippling Poison","floor":20.0},{"not_picked":["Infinite Blades","Well Laid Plans"],"picked":"Backflip","floor":24.0},{"not_picked":["Slice+1","Dagger Throw"],"picked":"Deadly Poison+1","floor":25.0},{"not_picked":["Accuracy","Riddle With Holes"],"picked":"Dodge and Roll","floor":27.0},{"not_picked":["Outmaneuver+1","Cloak And Dagger+1"],"picked":"Sucker Punch+1","floor":28.0},{"not_picked":["Blur","Reflex"],"picked":"Catalyst","floor":31.0},{"not_picked":["Storm of Steel","Die Die Die"],"picked":"Wraith Form v2","floor":33.0},{"not_picked":["Expertise","Slice"],"picked":"Escape Plan","floor":35.0},{"not_picked":["Tactician","Deflect","Terror"],"picked":"SKIP","floor":36.0},{"not_picked":["Backstab+1","Slice+1"],"picked":"PiercingWail+1","floor":41.0},{"not_picked":["Quick Slash","Dagger Throw"],"picked":"Backflip","floor":46.0},{"not_picked":["Cloak And Dagger","Bane+1","Deflect"],"picked":"SKIP","floor":47.0},{"not_picked":["Dagger Throw","Dagger Spray"],"picked":"Well Laid Plans","floor":48.0},{"not_picked":["Predator+1","Dagger Throw+1"],"picked":"Crippling Poison","floor":55.0}],"player_experience":694333,"relics_obtained":[{"floor":7.0,"key":"Bag of Marbles"},{"floor":9.0,"key":"Old Coin"},{"floor":24.0,"key":"Lantern"},{"floor":27.0,"key":"Red Mask"},{"floor":39.0,"key":"CaptainsWheel"},{"floor":41.0,"key":"Boot"},{"floor":43.0,"key":"Toy Ornithopter"},{"floor":47.0,"key":"Snake Skull"},{"floor":55.0,"key":"Centennial Puzzle"}],"event_choices":[{"damage_healed":0.0,"max_hp_gain":0.0,"max_hp_loss":0.0,"gold_gain":0.0,"event_name":"Scrap Ooze","player_choice":"Success","floor":2.0,"gold_loss":0.0,"damage_taken":35.0,"relics_obtained":["Sundial"]},{"damage_healed":0.0,"max_hp_gain":0.0,"max_hp_loss":0.0,"gold_gain":0.0,"event_name":"Lab","player_choice":"Got Potions","floor":5.0,"gold_loss":0.0,"damage_taken":0.0},{"damage_healed":0.0,"max_hp_gain":5.0,"max_hp_loss":0.0,"gold_gain":0.0,"event_name":"Big Fish","player_choice":"Donut","floor":12.0,"gold_loss":0.0,"damage_taken":0.0},{"damage_healed":0.0,"max_hp_gain":0.0,"max_hp_loss":0.0,"gold_gain":0.0,"cards_transformed":["Strike_G","Strike_G"],"event_name":"Drug Dealer","player_choice":"Became Test Subject","floor":22.0,"gold_loss":0.0,"damage_taken":0.0,"cards_obtained":["Accuracy","Noxious Fumes"]},{"damage_healed":0.0,"max_hp_gain":0.0,"max_hp_loss":0.0,"gold_gain":0.0,"event_name":"Masked Bandits","player_choice":"Fought Bandits","floor":27.0,"gold_loss":0.0,"damage_taken":0.0},{"damage_healed":0.0,"max_hp_gain":0.0,"max_hp_loss":0.0,"gold_gain":0.0,"event_name":"SensoryStone","player_choice":"Memory 1","floor":38.0,"gold_loss":0.0,"damage_taken":0.0},{"damage_healed":0.0,"max_hp_gain":0.0,"max_hp_loss":0.0,"gold_gain":0.0,"event_name":"Mysterious Sphere","player_choice":"Fight","floor":39.0,"gold_loss":0.0,"damage_taken":0.0},{"damage_healed":0.0,"max_hp_gain":0.0,"max_hp_loss":4.0,"gold_gain":0.0,"event_name":"Winding Halls","player_choice":"Max HP","floor":45.0,"gold_loss":0.0,"damage_taken":0.0}],"is_beta":false,"boss_relics":[{"not_picked":["Coffee Dripper","Ectoplasm"],"picked":"Fusion Hammer"},{"not_picked":["Ring of the Serpent","Velvet Choker"],"picked":"Empty Cage"}],"items_purged_floors":[19,44],"is_endless":false,"potions_floor_spawned":[1,7,13,16,20,24,25,27,28,31,33,35,36,39,41,46,47,48,55],"killed_by":"The Heart","ascension_level":20}}