{"host":"q1tlngmkbyqa4avn","time":1610916769,"event":{"mods":["BaseMod","Curses Come First","Hermit","Minty Spire (QoL Compilation)","Rare Cards Sparkle","StSLib"],"gold_per_floor":[110,34,34,49,49,49,49,49,49,85,104,104,104,127,127,252,252,273,273,286,311,25,25,25],"floor_reached":23,"language":"ENG","playtime":531,"items_purged":[],"score":262,"play_id":"2407d032-2a85-4570-8132-2f5de4d84d84","local_time":"20210117155249","is_ascension_mode":true,"campfire_choices":[{"data":"hermit:PistolWhip","floor":6,"key":"SMITH"},{"data":"hermit:Snapshot","floor":8,"key":"SMITH"},{"floor":13,"key":"REST"},{"data":"hermit:Dissolve","floor":15,"key":"SMITH"}],"circlet_count":0,"master_deck":["hermit:Strike_Hermit","hermit:Strike_Hermit","hermit:Strike_Hermit","hermit:Strike_Hermit","hermit:Defend_Hermit","hermit:Defend_Hermit","hermit:Defend_Hermit","hermit:Defend_Hermit","hermit:Snapshot+1","hermit:Covet","hermit:Dissolve+1","hermit:PistolWhip+1","hermit:Brawl+1","hermit:Headshot","Regret","Injury","hermit:Quickdraw","hermit:ItchyTrigger","hermit:FinalCanter","hermit:Horror+1","hermit:Brawl","hermit:Virtue+1","hermit:FatalDesire"],"relics":["hermit:Momento","InkBottle","Golden Idol","Bottled Tornado","Regal Pillow","Bronze Scales","Pen Nib","Cursed Key","PreservedInsect"],"acts_visited":["Exordium","TheCity"],"potions_floor_usage":[11,20,23],"damage_taken":[{"damage":10,"enemies":"2 Louse","floor":1,"turns":3},{"damage":1,"enemies":"Cultist","floor":4,"turns":4},{"damage":29,"enemies":"Gremlin Nob","floor":10,"turns":4},{"damage":8,"enemies":"Small Slimes","floor":11,"turns":3},{"damage":2,"enemies":"Slime Boss","floor":16,"turns":6},{"damage":25,"enemies":"2 Thieves","floor":18,"turns":4},{"damage":4,"enemies":"3 Byrds","floor":20,"turns":1},{"damage":21,"enemies":"Snake Plant","floor":21,"turns":3},{"damage":27,"enemies":"Gremlin Leader","floor":23,"turns":1}],"seed_played":"-1385170332271236012","potions_obtained":[{"floor":10,"key":"SkillPotion"},{"floor":11,"key":"Regen Potion"},{"floor":18,"key":"LiquidBronze"}],"is_trial":false,"path_per_floor":["M","$","?","M","?","R","?","R","T","E","M","?","R","T","R","B",null,"M","?","M","M","$","E"],"character_chosen":"HERMIT","items_purchased":["hermit:Brawl","PreservedInsect","hermit:FatalDesire"],"campfire_rested":1,"item_purchase_floors":[2,22,22],"current_hp_per_floor":[58,58,58,57,57,57,57,57,57,28,20,17,54,54,54,52,69,44,44,40,19,19,0,0],"gold":25,"neow_bonus":"ONE_RANDOM_RARE_CARD","is_daily":false,"chose_seed":false,"campfire_upgraded":3,"win_rate":0.0,"timestamp":1610916769,"path_taken":["M","$","?","?","?","R","?","R","T","E","M","?","R","?","R","BOSS","M","?","?","M","?","E"],"items_purchased_type":["Card","Relic","Card"],"build_version":"2020-12-22","purchased_purges":0,"victory":false,"max_hp_per_floor":[75,75,75,75,75,75,75,75,75,75,75,75,75,75,75,75,75,75,75,75,75,75,75,75],"card_choices":[{"not_picked":["hermit:BodyArmor","hermit:LuckOfTheDraw"],"picked":"hermit:PistolWhip","floor":1},{"not_picked":["hermit:Snipe","hermit:Maintenance"],"picked":"hermit:Headshot","floor":4},{"not_picked":["hermit:BodyArmor","hermit:HighCaliber"],"picked":"hermit:Quickdraw","floor":10},{"not_picked":["hermit:Determination","hermit:Showdown"],"picked":"hermit:ItchyTrigger","floor":11},{"not_picked":["hermit:Magnum","hermit:HighNoon"],"picked":"hermit:FinalCanter","floor":16},{"not_picked":["hermit:Misfire","hermit:BigShot"],"picked":"hermit:Horror+1","floor":18},{"not_picked":["hermit:Headshot+1","hermit:Vantage+1"],"picked":"hermit:Brawl","floor":20},{"not_picked":["hermit:LowProfile","hermit:Feint"],"picked":"hermit:Virtue+1","floor":21}],"player_experience":997396,"relics_obtained":[{"floor":9,"key":"Bottled Tornado"},{"floor":10,"key":"Regal Pillow"},{"floor":14,"key":"Pen Nib"}],"event_choices":[{"damage_healed":0,"gold_gain":0,"player_choice":"Upgraded","damage_taken":0,"max_hp_gain":0,"max_hp_loss":0,"event_name":"Upgrade Shrine","floor":3,"gold_loss":0,"cards_upgraded":["hermit:Brawl"]},{"damage_healed":0,"gold_gain":0,"player_choice":"Box","damage_taken":0,"relics_obtained":["InkBottle"],"max_hp_gain":0,"max_hp_loss":0,"event_name":"Big Fish","floor":5,"gold_loss":0,"cards_obtained":["Regret"]},{"damage_healed":0,"gold_gain":0,"player_choice":"Take Wound","damage_taken":0,"relics_obtained":["Golden Idol"],"max_hp_gain":0,"max_hp_loss":0,"event_name":"Golden Idol","floor":7,"gold_loss":0,"cards_obtained":["Injury"]},{"damage_healed":0,"gold_gain":0,"player_choice":"Success","damage_taken":3,"relics_obtained":["Bronze Scales"],"max_hp_gain":0,"max_hp_loss":0,"event_name":"Scrap Ooze","floor":12,"gold_loss":0},{"damage_healed":0,"gold_gain":0,"player_choice":"Ignored","damage_taken":0,"max_hp_gain":0,"max_hp_loss":0,"event_name":"N\u0027loth","floor":19,"gold_loss":0}],"is_beta":false,"boss_relics":[{"not_picked":["Runic Pyramid","Fusion Hammer"],"picked":"Cursed Key"}],"items_purged_floors":[],"is_endless":false,"potions_floor_spawned":[10,11,18],"killed_by":"Gremlin Leader","ascension_level":8}}