{"host":"cyg2l0kxxafiqofp","time":1610926467,"event":{"mods":["BaseMod","Colored Map","Colored Powertips","Minty Spire (QoL Compilation)","Quick Restart","Replay The Spire","StSLib"],"gold_per_floor":[111,111,111,111,125,152,152,179,202,214,235,251,276,290,290,290,290],"floor_reached":16,"language":"ENG","playtime":16040,"items_purged":[],"score":160,"play_id":"157383de-91f1-48e0-bcdb-f12ce6c046c0","local_time":"20210117183427","is_ascension_mode":true,"campfire_choices":[{"floor":7.0,"key":"RECALL"},{"floor":15.0,"key":"REST"}],"circlet_count":0,"master_deck":["Strike_G+1","Strike_G","Strike_G","Strike_G+1","Strike_G","Defend_G","Defend_G","Defend_G","Survivor","Neutralize","Backstab","Noxious Fumes+1","Blade Dance","Terror","ReplayTheSpireMod:Tripwire","Poisoned Stab","Toxin Wave","Distraction","ReplayTheSpireMod:Scrap Shanks"],"relics":["Ring of the Snake","NeowsBlessing","Strawberry","Ice Cream","Odd Mushroom","Replay:WaspNest"],"acts_visited":["Exordium"],"potions_floor_usage":[16],"damage_taken":[{"damage":0.0,"enemies":"2 Louse","floor":1.0,"turns":1.0},{"damage":0.0,"enemies":"Jaw Worm","floor":5.0,"turns":1.0},{"damage":0.0,"enemies":"Lagavulin","floor":6.0,"turns":1.0},{"damage":17.0,"enemies":"3 Sentries","floor":8.0,"turns":5.0},{"damage":0.0,"enemies":"Small Slimes","floor":10.0,"turns":2.0},{"damage":10.0,"enemies":"The Mushroom Lair","floor":11.0,"turns":3.0},{"damage":6.0,"enemies":"3 Louse","floor":12.0,"turns":2.0},{"damage":5.0,"enemies":"Lagavulin","floor":13.0,"turns":5.0},{"damage":6.0,"enemies":"Exordium Wildlife","floor":14.0,"turns":3.0},{"damage":35,"enemies":"Slime Boss","floor":16,"turns":6}],"seed_played":"774847576610121898","potions_obtained":[{"floor":1.0,"key":"Adrenaline Potion"},{"floor":5.0,"key":"Adrenaline Potion"},{"floor":10.0,"key":"SkillPotion"},{"floor":11.0,"key":"SkillPotion"},{"floor":14.0,"key":"Regen Potion"}],"is_trial":false,"path_per_floor":["M","?","?","?","M","E","R","E","T","M","?","M","E","M","R","B"],"character_chosen":"THE_SILENT","items_purchased":[],"campfire_rested":1,"item_purchase_floors":[],"current_hp_per_floor":[70,63,63,49,49,56,56,39,39,39,29,23,18,12,35,15,15],"gold":290,"neow_bonus":"THREE_ENEMY_KILL","is_daily":false,"chose_seed":false,"campfire_upgraded":0,"win_rate":0.0,"timestamp":1610926467,"path_taken":["M","?","?","?","M","E","R","E","T","M","?","M","E","M","R","BOSS"],"items_purchased_type":[],"build_version":"2020-12-22","purchased_purges":0,"victory":false,"max_hp_per_floor":[70,70,70,70,70,77,77,77,77,77,77,77,77,77,77,77,77],"card_choices":[{"not_picked":["Prepared","Hidden Blade"],"picked":"Backstab","floor":1.0},{"not_picked":["Acrobatics","Cloak And Dagger"],"picked":"Blade Dance","floor":5.0},{"not_picked":["ReplayTheSpireMod:The Works","Distraction"],"picked":"Terror","floor":6.0},{"not_picked":["Dagger Throw","ReplayTheSpireMod:Exploit Weakness"],"picked":"ReplayTheSpireMod:Tripwire","floor":8.0},{"not_picked":["Bane","Slice"],"picked":"Poisoned Stab","floor":10.0},{"not_picked":["Dagger Throw","Noxious Fumes"],"picked":"Toxin Wave","floor":12.0},{"not_picked":["ReplayTheSpireMod:Speed Training","Blur"],"picked":"Distraction","floor":13.0},{"not_picked":["Hidden Blade","Deflect"],"picked":"ReplayTheSpireMod:Scrap Shanks","floor":14.0}],"player_experience":200779,"relics_obtained":[{"floor":6.0,"key":"Strawberry"},{"floor":8.0,"key":"Ice Cream"},{"floor":11.0,"key":"Odd Mushroom"},{"floor":13.0,"key":"Replay:WaspNest"}],"event_choices":[{"cards_removed":["Defend_G"],"damage_healed":0.0,"max_hp_gain":0.0,"max_hp_loss":0.0,"gold_gain":0.0,"event_name":"Golden Wing","player_choice":"Card Removal","floor":2.0,"gold_loss":0.0,"damage_taken":7.0},{"damage_healed":0.0,"max_hp_gain":0.0,"max_hp_loss":0.0,"gold_gain":0.0,"event_name":"Shining Light","player_choice":"Entered Light","floor":4.0,"gold_loss":0.0,"damage_taken":14.0,"cards_upgraded":["Strike_G","Strike_G"]},{"damage_healed":0.0,"max_hp_gain":0.0,"max_hp_loss":0.0,"gold_gain":0.0,"event_name":"Mushrooms","player_choice":"Fought Mushrooms","floor":11.0,"gold_loss":0.0,"damage_taken":0.0}],"is_beta":false,"boss_relics":[],"items_purged_floors":[],"is_endless":false,"potions_floor_spawned":[1,5,10,11,14],"killed_by":"Slime Boss","ascension_level":2}}