{"host":"xttq6c038pg3qyaq","time":1610882019,"event":{"mods":["BaseMod","Bestiary","Downfall","Hermit","Marisa（霧雨　魔理沙）","Minty Spire (QoL Compilation)","StSLib"],"gold_per_floor":[112,112,27,42,54,54,129,163,163,17,17,34,34,69,69,169,169,184,184,197,215,62,62,87,99,124,136,176,188,219,244,256,363,375,400,182,196,196,196,196,196,196],"floor_reached":41,"language":"ENG","playtime":2499,"items_purged":[],"score":461,"play_id":"4754afcb-030a-4c7e-a2f2-549358a61d16","local_time":"20210117214339","is_ascension_mode":true,"campfire_choices":[{"data":"hermit:HighCaliber","floor":6,"key":"SMITH"},{"data":"hermit:Shortfuse","floor":11,"key":"SMITH"},{"floor":13,"key":"REST"},{"floor":15,"key":"REST"},{"data":"hermit:HighNoon","floor":23,"key":"SMITH"},{"floor":27,"key":"REST"},{"floor":29,"key":"REST"},{"floor":32,"key":"REST"},{"floor":40,"key":"REST"}],"circlet_count":0,"master_deck":["hermit:Strike_Hermit","hermit:Strike_Hermit","hermit:Strike_Hermit","hermit:Strike_Hermit","hermit:Defend_Hermit+1","hermit:Defend_Hermit+1","hermit:Defend_Hermit","hermit:Defend_Hermit","hermit:Snapshot","hermit:Covet","hermit:Purgatory","hermit:FullyLoaded","hermit:Quickdraw","hermit:Shortfuse+1","hermit:HighCaliber+1","hermit:Deadeye","hermit:Showdown","hermit:HighNoon+1","hermit:GhostlyPresence","hermit:Showdown","hermit:WideOpen","hermit:Shortfuse","hermit:FullyLoaded+1","hermit:Dive+1","Shame","hermit:Dive","hermit:Horror","hermit:HeroicBravado","hermit:HighCaliber","hermit:Glare+1","Finesse","Wraith"],"relics":["hermit:Momento","GremlinMask","Meat on the Bone","Toy Ornithopter","hermit:Horseshoe","Cursed Key","Blood Vial","Mummified Hand","MawBank","War Paint","Philosopher\u0027s Stone","Lantern"],"acts_visited":["Exordium","TheCity","TheBeyond"],"potions_floor_usage":[16,20,28,28,33,33,41,41],"damage_taken":[{"damage":4,"enemies":"2 Louse","floor":1,"turns":3},{"damage":0,"enemies":"Cultist","floor":4,"turns":3},{"damage":0,"enemies":"Jaw Worm","floor":5,"turns":2},{"damage":40,"enemies":"Gremlin Nob","floor":8,"turns":5},{"damage":0,"enemies":"3 Louse","floor":12,"turns":2},{"damage":40,"enemies":"3 Sentries","floor":14,"turns":8},{"damage":38,"enemies":"Slime Boss","floor":16,"turns":6},{"damage":12,"enemies":"Chosen","floor":18,"turns":5},{"damage":24,"enemies":"Spheric Guardian","floor":20,"turns":4},{"damage":8,"enemies":"Snake Plant","floor":21,"turns":4},{"damage":36,"enemies":"Book of Stabbing","floor":24,"turns":5},{"damage":15,"enemies":"Chosen and Byrds","floor":25,"turns":4},{"damage":49,"enemies":"Slavers","floor":28,"turns":7},{"damage":18,"enemies":"Centurion and Healer","floor":30,"turns":5},{"damage":14,"enemies":"Cultist and Chosen","floor":31,"turns":7},{"damage":53,"enemies":"Collector","floor":33,"turns":11},{"damage":21,"enemies":"Orb Walker","floor":35,"turns":5},{"damage":34,"enemies":"3 Darklings","floor":37,"turns":6},{"damage":78,"enemies":"Reptomancer","floor":41,"turns":7}],"seed_played":"-4551806155176976022","potions_obtained":[{"floor":1,"key":"hexamod:SoulburnPotion"},{"floor":5,"key":"BlessingOfTheForge"},{"floor":14,"key":"hexamod:SoulburnPotion"},{"floor":16,"key":"Fruit Juice"},{"floor":20,"key":"Guardian:BlockOnCardUsePotion"},{"floor":28,"key":"Energy Potion"},{"floor":31,"key":"BlessingOfTheForge"}],"is_trial":false,"path_per_floor":["M","?","$","M","M","R","?","E","T","$","R","M","R","E","R","B",null,"M","?","M","M","$","R","E","M","T","R","E","R","M","M","R","B",null,"M","$","M","?","?","R","E"],"character_chosen":"HERMIT","items_purchased":["hermit:Quickdraw","hermit:Shortfuse","Toy Ornithopter","Blood Vial","Lantern","hermit:BlackBile"],"campfire_rested":6,"item_purchase_floors":[3,3,10,22,36,36],"current_hp_per_floor":[71,71,71,71,71,71,60,20,20,20,20,32,54,26,48,27,75,63,63,49,41,41,41,19,18,18,42,17,41,37,37,61,32,80,59,59,39,39,39,63,0,0],"gold":196,"neow_bonus":"ONE_RANDOM_RARE_CARD","is_daily":false,"chose_seed":false,"campfire_upgraded":3,"win_rate":0.0,"timestamp":1610882019,"path_taken":["M","?","?","M","?","R","?","E","T","?","R","M","R","E","R","BOSS","M","?","?","M","?","R","E","?","T","R","E","R","M","M","R","BOSS","M","$","M","?","?","R","E"],"items_purchased_type":["Card","Card","Relic","Relic","Relic","Potion"],"build_version":"2020-12-22","purchased_purges":0,"victory":false,"max_hp_per_floor":[75,75,75,75,75,75,75,75,75,75,75,75,75,75,75,75,75,75,75,80,80,80,80,80,80,80,80,80,80,80,80,80,80,80,80,80,80,80,80,80,80,80],"card_choices":[{"not_picked":["hermit:LoneWolf","hermit:WideOpen"],"picked":"hermit:FullyLoaded","floor":1},{"not_picked":["hermit:Desperado","hermit:Misfire","hermit:Ricochet"],"picked":"SKIP","floor":4},{"not_picked":["hermit:Quickdraw","hermit:Enervate"],"picked":"hermit:HighCaliber","floor":5},{"not_picked":["hermit:Dissolve","hermit:EternalForm","hermit:Misfire"],"picked":"SKIP","floor":8},{"not_picked":["hermit:Snipe","hermit:Dive"],"picked":"hermit:Deadeye","floor":12},{"not_picked":["hermit:Manifest","hermit:Grudge"],"picked":"hermit:Showdown","floor":14},{"not_picked":["hermit:Dissolve","hermit:FinalCanter"],"picked":"hermit:HighNoon","floor":16},{"not_picked":["hermit:Ricochet+1","hermit:TrackingShot"],"picked":"hermit:GhostlyPresence","floor":18},{"not_picked":["hermit:Brawl+1","hermit:Desperado+1"],"picked":"hermit:WideOpen","floor":20},{"not_picked":["hermit:ItchyTrigger+1","hermit:PistolWhip"],"picked":"hermit:Shortfuse","floor":21},{"not_picked":["hermit:Midnight","hermit:ItchyTrigger+1"],"picked":"hermit:FullyLoaded+1","floor":24},{"not_picked":["hermit:Scavenge","hermit:FatalDesire"],"picked":"hermit:Dive+1","floor":25},{"not_picked":["hermit:LoneWolf+1","hermit:Combo+1"],"picked":"hermit:Dive","floor":28},{"not_picked":["hermit:Coalescence","hermit:EyeOfTheStorm","hermit:Headshot"],"picked":"SKIP","floor":30},{"not_picked":["hermit:Headshot","hermit:Ricochet"],"picked":"hermit:Horror","floor":31},{"not_picked":["hermit:Reprieve","hermit:EternalForm"],"picked":"hermit:HeroicBravado","floor":33},{"not_picked":["hermit:Quickdraw","hermit:Virtue"],"picked":"hermit:HighCaliber","floor":35},{"not_picked":["hermit:WideOpen","hermit:FullyLoaded"],"picked":"hermit:Glare+1","floor":37},{"not_picked":["Madness","Forethought"],"picked":"Finesse","floor":38}],"player_experience":592388,"relics_obtained":[{"floor":8,"key":"Meat on the Bone"},{"floor":14,"key":"hermit:Horseshoe"},{"floor":24,"key":"Mummified Hand"},{"floor":26,"key":"MawBank"},{"floor":28,"key":"War Paint"}],"event_choices":[{"damage_healed":0,"gold_gain":0,"player_choice":"Trade","damage_taken":0,"relics_obtained":["GremlinMask"],"max_hp_gain":0,"max_hp_loss":0,"event_name":"FaceTrader","floor":2,"gold_loss":0},{"damage_healed":0,"gold_gain":75,"player_choice":"Gather Gold","damage_taken":11,"max_hp_gain":0,"max_hp_loss":0,"event_name":"World of Goop","floor":7,"gold_loss":0},{"damage_healed":0,"gold_gain":0,"player_choice":"Copied","damage_taken":0,"max_hp_gain":0,"max_hp_loss":0,"event_name":"Duplicator","floor":19,"gold_loss":0,"cards_obtained":["hermit:Showdown"]},{"damage_healed":0,"gold_gain":0,"player_choice":"Memory 1","damage_taken":0,"max_hp_gain":0,"max_hp_loss":0,"event_name":"SensoryStone","floor":38,"gold_loss":0},{"damage_healed":0,"gold_gain":0,"player_choice":"Ignored","damage_taken":0,"max_hp_gain":0,"max_hp_loss":0,"event_name":"OrinTheCat","floor":39,"gold_loss":0}],"is_beta":false,"boss_relics":[{"not_picked":["Runic Dome","bronze:MakeshiftBattery"],"picked":"Cursed Key"},{"not_picked":["Black Star","Coffee Dripper"],"picked":"Philosopher\u0027s Stone"}],"items_purged_floors":[],"is_endless":false,"potions_floor_spawned":[1,5,14,16,18,20,24,28,31],"killed_by":"Reptomancer","ascension_level":1}}