{"host":"aibqmozag2xz7y1n","time":1610902190,"event":{"mods":["AchievementEnabler","BaseMod","Colored Map","Colored Powertips","Marisa????????","Minty Spire (QoL Compilation)","Rare Cards Sparkle","StSLib","The Servant 0.9.4"],"gold_per_floor":[144,189,265,310,355,445,445,490,490,490,535,580,580,670,670,970,970,1015,940,940,946,646,736,736,826,826,871,871,916,1006,1051,1051,1351,1351,1396,1396,1441,1486,1636,1726,1726,1816,1866,1911,1911,1561,1606,1651,1651,1651],"floor_reached":51,"language":"ENG","playtime":2218,"items_purged":[],"score":1104,"play_id":"d5ff3c80-8864-428a-ad9e-e9452a27b7ab","local_time":"20210117174950","daily_mods":["SealedDeck","Hoarder","Midas"],"is_ascension_mode":false,"campfire_choices":[{"floor":7,"key":"REST"},{"floor":15,"key":"REST"},{"floor":32,"key":"REST"},{"floor":41,"key":"REST"},{"floor":49,"key":"REST"}],"circlet_count":0,"master_deck":["Clash+1","Clash","Clash","Pommel Strike","Pommel Strike","Pommel Strike","Reckless Charge","Reckless Charge","Pommel Strike","Pommel Strike","Pommel Strike","Clash","Clash","Clash","Shrug It Off","Shrug It Off","Shrug It Off","Iron Wave","Iron Wave","Iron Wave","Flex","Flex","Flex","Anger+1","Anger","Anger","Shrug It Off","Shrug It Off","Shrug It Off","Anger","Anger","Anger","Anger","Anger","Anger","Infernal Blade+1","Infernal Blade","Infernal Blade+1","Feed","Feed","Feed","Flex","Flex","Flex","Burning Pact+1","Burning Pact+1","Burning Pact+1","Perfected Strike","Perfected Strike","Perfected Strike","Armaments+1","Armaments+1","Armaments+1","Wraith","Wraith","Wraith","Sentinel+1","Sentinel+1","Sentinel+1","Flex+1","Flex+1","Flex+1","Inflame+1","Inflame+1","Inflame+1"],"relics":["Burning Blood","Pear","Darkstone Periapt","Potion Belt","Bottled Flame","Fusion Hammer","Red Mask","Membership Card","StrikeDummy","Toxic Egg 2","Matryoshka","Vajra","PreservedInsect","Shuriken","Bottled Lightning","War Paint","Tiny Chest","Black Star","Unceasing Top","Bag of Preparation","Mango","Whetstone","Red Skull","Oddly Smooth Stone","White Beast Statue","Ice Cream","Eternal Feather","Medical Kit"],"acts_visited":["TheCity","TheBeyond"],"potions_floor_usage":[29,33,33,38,50,50,50],"damage_taken":[{"damage":0,"enemies":"2 Louse","floor":1,"turns":1},{"damage":0,"enemies":"Cultist","floor":2,"turns":1},{"damage":0,"enemies":"Small Slimes","floor":4,"turns":1},{"damage":0,"enemies":"Looter","floor":5,"turns":2},{"damage":5,"enemies":"3 Sentries","floor":6,"turns":5},{"damage":0,"enemies":"2 Fungi Beasts","floor":8,"turns":2},{"damage":0,"enemies":"Large Slime","floor":11,"turns":2},{"damage":0,"enemies":"Lots of Slimes","floor":12,"turns":2},{"damage":5,"enemies":"Lagavulin","floor":14,"turns":4},{"damage":10,"enemies":"Slime Boss","floor":16,"turns":7},{"damage":0,"enemies":"Spheric Guardian","floor":18,"turns":2},{"damage":9,"enemies":"Masked Bandits","floor":21,"turns":3},{"damage":27,"enemies":"Slavers","floor":23,"turns":4},{"damage":7,"enemies":"Gremlin Leader","floor":25,"turns":4},{"damage":1,"enemies":"Chosen","floor":27,"turns":2},{"damage":0,"enemies":"3 Cultists","floor":29,"turns":3},{"damage":16,"enemies":"Book of Stabbing","floor":30,"turns":3},{"damage":0,"enemies":"Snake Plant","floor":31,"turns":2},{"damage":14,"enemies":"Automaton","floor":33,"turns":5},{"damage":8,"enemies":"3 Darklings","floor":35,"turns":4},{"damage":6,"enemies":"3 Shapes","floor":37,"turns":3},{"damage":59,"enemies":"Transient","floor":38,"turns":5},{"damage":42,"enemies":"Mind Bloom Boss Battle","floor":39,"turns":6},{"damage":31,"enemies":"Reptomancer","floor":40,"turns":4},{"damage":32,"enemies":"Nemesis","floor":42,"turns":3},{"damage":48,"enemies":"Writhing Mass","floor":44,"turns":3},{"damage":0,"enemies":"Jaw Worm Horde","floor":47,"turns":3},{"damage":16,"enemies":"3 Darklings","floor":48,"turns":3},{"damage":22,"enemies":"Awakened One","floor":50,"turns":7}],"seed_played":"7372172642885907109","potions_obtained":[{"floor":5,"key":"Regen Potion"},{"floor":8,"key":"SneckoOil"},{"floor":11,"key":"SneckoOil"},{"floor":18,"key":"SpeedPotion"},{"floor":27,"key":"CultistPotion"},{"floor":29,"key":"DuplicationPotion"},{"floor":30,"key":"Strength Potion"},{"floor":31,"key":"DistilledChaos"},{"floor":39,"key":"LiquidBronze"},{"floor":47,"key":"SkillPotion"},{"floor":48,"key":"ColorlessPotion"}],"is_trial":false,"path_per_floor":["M","M","?","M","M","E","R","M","T","?","M","M","?","E","R","B",null,"M","?","?","?","$","E","T","E","T","M","T","M","E","M","R","B",null,"M","?","M","M","?","E","R","E","T","M","T","$","M","M","R","B",null],"character_chosen":"IRONCLAD","items_purchased":["Membership Card","StrikeDummy","Perfected Strike","Ice Cream","Eternal Feather","Medical Kit"],"campfire_rested":5,"item_purchase_floors":[22,22,22,46,46,46],"current_hp_per_floor":[80,80,80,80,80,90,90,90,90,90,90,90,90,90,90,86,90,93,93,93,90,90,75,75,77,77,82,82,92,82,92,110,102,110,108,126,129,85,49,41,85,62,62,20,20,20,26,16,100,84],"gold":1651,"neow_bonus":"","is_daily":true,"chose_seed":false,"campfire_upgraded":0,"win_rate":0.0,"timestamp":1610902190,"path_taken":["M","M","?","M","M","E","R","M","T","?","?","M","?","E","R","BOSS","M","?","?","?","$","E","?","E","T","M","?","?","E","M","R","BOSS","M","?","M","M","?","E","R","E","T","M","?","$","M","M","R","BOSS"],"items_purchased_type":["Relic","Relic","Card","Relic","Relic","Relic"],"build_version":"2020-12-22","purchased_purges":0,"victory":true,"max_hp_per_floor":[80,80,80,80,80,90,90,90,90,90,90,90,90,90,90,90,90,93,93,93,93,93,99,99,102,102,102,102,106,106,110,110,110,110,110,128,131,131,131,148,148,151,151,151,151,151,151,151,151,151],"card_choices":[{"not_picked":["True Grit","Searing Blow","Body Slam"],"picked":"SKIP","floor":1},{"not_picked":["Pommel Strike","Whirlwind"],"picked":"Anger","floor":2},{"not_picked":["Havoc","Limit Break","Body Slam"],"picked":"SKIP","floor":4},{"not_picked":["Headbutt","Body Slam","Twin Strike"],"picked":"SKIP","floor":5},{"not_picked":["Hemokinesis","Power Through","Shrug It Off"],"picked":"SKIP","floor":6},{"not_picked":["Blood for Blood","Twin Strike"],"picked":"Anger","floor":8},{"not_picked":["Barricade","Shockwave","Clothesline"],"picked":"SKIP","floor":11},{"not_picked":["Havoc","Evolve"],"picked":"Infernal Blade","floor":12},{"not_picked":["Warcry","Armaments","Shrug It Off"],"picked":"SKIP","floor":14},{"not_picked":["Fiend Fire","Berserk"],"picked":"Feed","floor":16},{"not_picked":["Pommel Strike","Spot Weakness","Sword Boomerang"],"picked":"SKIP","floor":18},{"not_picked":["Dropkick","Iron Wave"],"picked":"Burning Pact+1","floor":21},{"not_picked":["Sentinel+1","Clash","Pommel Strike"],"picked":"SKIP","floor":23},{"not_picked":["Sword Boomerang+1","Body Slam","Spot Weakness+1"],"picked":"SKIP","floor":25},{"not_picked":["Rampage+1","Iron Wave"],"picked":"Armaments+1","floor":27},{"not_picked":["Double Tap+1","Burning Pact+1","Sword Boomerang"],"picked":"SKIP","floor":29},{"not_picked":["Intimidate+1","Pommel Strike","Twin Strike"],"picked":"SKIP","floor":30},{"not_picked":["Havoc+1","Sever Soul+1","Clash"],"picked":"SKIP","floor":31},{"not_picked":["Wild Strike","Headbutt+1","Sword Boomerang"],"picked":"SKIP","floor":35},{"not_picked":["Sword Boomerang","Bludgeon","Wild Strike"],"picked":"SKIP","floor":37},{"not_picked":["Anger","Power Through+1"],"picked":"Sentinel+1","floor":38},{"not_picked":["Wild Strike+1","Armaments+1"],"picked":"Flex+1","floor":39},{"not_picked":["Whirlwind+1","Body Slam+1","Twin Strike+1"],"picked":"SKIP","floor":40},{"not_picked":["Feel No Pain","Fiend Fire","Clothesline+1"],"picked":"SKIP","floor":42},{"not_picked":["Clothesline+1","Shockwave+1","Pummel"],"picked":"SKIP","floor":44},{"not_picked":["Rage+1","Armaments+1","Warcry+1"],"picked":"SKIP","floor":47},{"not_picked":["Rampage+1","Pommel Strike+1"],"picked":"Inflame+1","floor":48}],"player_experience":231599,"relics_obtained":[{"floor":6,"key":"Pear"},{"floor":9,"key":"Darkstone Periapt"},{"floor":14,"key":"Bottled Flame"},{"floor":21,"key":"Red Mask"},{"floor":23,"key":"Toxic Egg 2"},{"floor":24,"key":"Matryoshka"},{"floor":25,"key":"Vajra"},{"floor":26,"key":"PreservedInsect"},{"floor":26,"key":"Shuriken"},{"floor":28,"key":"Bottled Lightning"},{"floor":28,"key":"War Paint"},{"floor":30,"key":"Tiny Chest"},{"floor":39,"key":"Unceasing Top"},{"floor":40,"key":"Bag of Preparation"},{"floor":40,"key":"Mango"},{"floor":42,"key":"Whetstone"},{"floor":42,"key":"Red Skull"},{"floor":43,"key":"Oddly Smooth Stone"},{"floor":45,"key":"White Beast Statue"}],"event_choices":[{"damage_healed":0,"gold_gain":76,"player_choice":"Gained Gold","damage_taken":0,"max_hp_gain":0,"max_hp_loss":0,"event_name":"Golden Wing","floor":3,"gold_loss":0},{"damage_healed":0,"gold_gain":0,"player_choice":"Gave Potion","damage_taken":0,"relics_obtained":["Potion Belt"],"max_hp_gain":0,"max_hp_loss":0,"event_name":"WeMeetAgain","floor":10,"gold_loss":0},{"damage_healed":0,"gold_gain":0,"player_choice":"Ignored","damage_taken":0,"max_hp_gain":0,"max_hp_loss":0,"event_name":"Liars Game","floor":13,"gold_loss":0},{"cards_removed":["Reckless Charge"],"damage_healed":0,"gold_gain":0,"player_choice":"Gave Gold","damage_taken":0,"max_hp_gain":0,"max_hp_loss":0,"event_name":"Beggar","floor":19,"gold_loss":75},{"damage_healed":0,"gold_gain":0,"player_choice":"Read","damage_taken":0,"max_hp_gain":0,"max_hp_loss":0,"event_name":"The Library","floor":20,"gold_loss":0,"cards_obtained":["Flex"]},{"damage_healed":0,"gold_gain":0,"player_choice":"Fought Bandits","damage_taken":0,"max_hp_gain":0,"max_hp_loss":0,"event_name":"Masked Bandits","floor":21,"gold_loss":0},{"damage_healed":0,"gold_gain":0,"player_choice":"Ignored","damage_taken":0,"max_hp_gain":0,"max_hp_loss":0,"event_name":"OrinTheCat","floor":36,"gold_loss":0},{"damage_healed":0,"gold_gain":0,"player_choice":"Fight","damage_taken":0,"max_hp_gain":0,"max_hp_loss":0,"event_name":"MindBloom","floor":39,"gold_loss":0}],"is_beta":false,"boss_relics":[{"not_picked":["SlaversCollar","Philosopher\u0027s Stone"],"picked":"Fusion Hammer"},{"not_picked":["Runic Cube","Astrolabe"],"picked":"Black Star"}],"items_purged_floors":[],"is_endless":false,"potions_floor_spawned":[5,8,11,18,27,29,30,31,37,39,47,48],"ascension_level":0}}