{"host":"r9v0g0iwbsx9dzwu","time":1610873404,"event":{"mods":["ATMod(阿瑾Mod)","Aspiration","BaseMod","Minty Spire (QoL Compilation)","MostiFishMod","Replay The Spire","RumiaBox-露米娅的神秘盒子","StSLib","TestMod","[IsaacMod]以撒尖塔","vexMod","【功能Mod】聪明的最终Boss","【遗物卡牌】REMEMod"],"gold_per_floor":[111,111,111,36,106,191,191,222,222,301,319,319,319,335,335,436,436,494,200,258,308,380,380,390,390,414,494,494,494,501,170,170,302,302,302],"floor_reached":34,"language":"ZHS","playtime":1178,"items_purged":["Pain","AT_WindFlip","REME_GrazeFinale"],"score":1072,"play_id":"4b9358c7-4662-482d-a3cf-ecbef4be5174","local_time":"20210117165004","is_ascension_mode":true,"campfire_choices":[{"data":"MostiFishMod:Neurotoxin","floor":7.0,"key":"SMITH"},{"data":"MostiFishMod:WinterMarkForm","floor":12.0,"key":"SMITH"},{"data":"A Thousand Cuts","floor":15.0,"key":"SMITH"},{"data":"REME_PuzzleBox","floor":23.0,"key":"SMITH"},{"data":"MostiFishMod:SpreadingSpore","floor":25.0,"key":"SMITH"},{"data":"MostiFishMod:HiddenBlade","floor":28.0,"key":"SMITH"},{"floor":32.0,"key":"RECALL"}],"circlet_count":0,"master_deck":["AscendersBane","BettingIsNotGood","AT_DarkMatter","Backflip","AT_KingSlayer","MostiFishMod:WinterMarkForm+1","A Thousand Cuts+1","Burst+1","MostiFishMod:Neurotoxin+1","Adrenaline","MostiFishMod:Wind","MostiFishMod:AdrenalineArouse","MostiFishMod:Wind","ReplayTheSpireMod:From All Sides+1","MostiFishMod:SpreadingSpore+1","REME_PuzzleBox+1","MostiFishMod:WinterMarkForm+1","MostiFishMod:HiddenBlade+1","Adrenaline"],"relics":["Ring of the Snake","AT_ATBox","DaveBox","testmod-TestBox","HushsDoor","REME_ComplimentaryCards","D6","testmod-TimeTraveler","ChiXiaoBlade","NeowsBlessing","Baka","WarpedTongs","ReplayTheSpireMod:Ring of Challenge","SumBook","Replay:Mystery Machine","CeramicFish","Potion Belt","Runic Dome","Incubus","SatanicBible","BargainBundle","Pocketwatch","MealTicket","SalivaCoin","PreservedInsect","AT_ChloranthyRing","Technique","Runic Pyramid","GuppysHead","DeathBook"],"acts_visited":["Exordium","TheCity","TheBeyond"],"potions_floor_usage":[],"damage_taken":[{"damage":0.0,"enemies":"Jaw Worm","floor":1.0,"turns":1.0},{"damage":0.0,"enemies":"Cultist","floor":5.0,"turns":1.0},{"damage":45.0,"enemies":"Gremlin Nob","floor":6.0,"turns":4.0},{"damage":0.0,"enemies":"Lagavulin","floor":8.0,"turns":3.0},{"damage":12.0,"enemies":"3 Sentries","floor":10.0,"turns":3.0},{"damage":0.0,"enemies":"2 Louse","floor":11.0,"turns":2.0},{"damage":0.0,"enemies":"Looter","floor":14.0,"turns":2.0},{"damage":0.0,"enemies":"Fading Forest","floor":16.0,"turns":7.0},{"damage":0.0,"enemies":"Spheric Guardian","floor":18.0,"turns":2.0},{"damage":0.0,"enemies":"3 Byrds","floor":20.0,"turns":3.0},{"damage":0.0,"enemies":"Centurion and Healer","floor":22.0,"turns":2.0},{"damage":0.0,"enemies":"Snecko","floor":24.0,"turns":1.0},{"damage":8.0,"enemies":"Gremlin Leader","floor":27.0,"turns":3.0},{"damage":16.0,"enemies":"Champ","floor":33.0,"turns":3.0}],"seed_played":"-6324319513285644093","potions_obtained":[{"floor":1.0,"key":"Poison Potion"},{"floor":8.0,"key":"Strength Potion"},{"floor":14.0,"key":"GamblersBrew"},{"floor":16.0,"key":"LifebloodPotion"},{"floor":22.0,"key":"CultistPotion"},{"floor":33.0,"key":"Dexterity Potion"}],"is_trial":false,"path_per_floor":["M","?","?","$","M","E","R","E","T","E","M","R","?","M","R","B",null,"M","$","M","?","M","R","M","R","T","E","R","?","?","$","R","B",null],"character_chosen":"THE_SILENT","items_purchased":["Incubus","SatanicBible","BargainBundle","REME_PuzzleBox","AT_ChloranthyRing","Technique","GuppysHead","DeathBook"],"campfire_rested":0,"item_purchase_floors":[17,17,19,19,31,31,34,34],"current_hp_per_floor":[64,64,64,64,64,19,19,19,19,56,56,56,41,32,32,73,38,38,38,44,44,44,44,44,44,44,36,36,36,29,44,44,38,24,24],"gold":302,"neow_bonus":"THREE_ENEMY_KILL","is_daily":false,"chose_seed":false,"campfire_upgraded":6,"win_rate":0.0,"timestamp":1610873404,"path_taken":["M","?","?","$","M","E","R","E","T","E","M","R","?","M","R","BOSS","M","$","M","?","M","R","M","R","T","E","R","?","?","?","R","BOSS"],"items_purchased_type":["Relic","Relic","Relic","Card","Relic","Relic","Relic","Relic"],"build_version":"2020-12-22","purchased_purges":3,"victory":false,"max_hp_per_floor":[66,66,66,66,66,66,66,66,66,66,66,66,66,73,73,73,38,38,38,44,44,44,44,44,44,44,44,44,44,44,44,44,44,24,24],"card_choices":[{"not_picked":[],"picked":"BettingIsNotGood","floor":0.0},{"not_picked":["Deflect","Bane"],"picked":"Backflip","floor":1.0},{"not_picked":["Hidden Blade","Deadly Poison"],"picked":"AT_WindFlip","floor":5.0},{"not_picked":["Dodge and Roll","AT_WindFlip","MostiFishMod:ThornCasing"],"picked":"SKIP","floor":6.0},{"not_picked":["Predator","Sucker Punch","Slice"],"picked":"SKIP","floor":8.0},{"not_picked":["AT_WomanClash","AT_WindFlip","MostiFishMod:PerfectParry"],"picked":"SKIP","floor":10.0},{"not_picked":["PiercingWail","Glass Knife","Dagger Spray"],"picked":"SKIP","floor":11.0},{"not_picked":["ReplayTheSpireMod:The Works","Underhanded Strike","AT_WomanClash"],"picked":"SKIP","floor":14.0},{"not_picked":["REME_ShadowForm","Envenom"],"picked":"MostiFishMod:SpreadingSpore","floor":16.0},{"not_picked":["Cloak And Dagger","Flying Knee","Prepared"],"picked":"SKIP","floor":18.0},{"not_picked":["Slice","Dagger Throw","Deadly Poison+1"],"picked":"SKIP","floor":20.0},{"not_picked":["Quick Slash","Outmaneuver","Riddle With Holes"],"picked":"SKIP","floor":22.0},{"not_picked":["Deflect+1","Cloak And Dagger","Blade Dance+1"],"picked":"SKIP","floor":24.0},{"not_picked":["Deadly Poison","Slice+1"],"picked":"MostiFishMod:HiddenBlade","floor":27.0},{"not_picked":["MostiFishMod:Dislodge","Bullet Time"],"picked":"Adrenaline","floor":33.0}],"player_experience":26146,"relics_obtained":[{"floor":1.0,"key":"Baka"},{"floor":3.0,"key":"ReplayTheSpireMod:Ring of Challenge"},{"floor":6.0,"key":"SumBook"},{"floor":8.0,"key":"Replay:Mystery Machine"},{"floor":10.0,"key":"CeramicFish"},{"floor":20.0,"key":"Pocketwatch"},{"floor":26.0,"key":"MealTicket"},{"floor":27.0,"key":"SalivaCoin"}],"event_choices":[{"damage_healed":0.0,"max_hp_gain":0.0,"max_hp_loss":0.0,"gold_gain":0.0,"event_name":"Accursed Blacksmith","player_choice":"Rummage","floor":2.0,"gold_loss":0.0,"damage_taken":0.0,"relics_obtained":["WarpedTongs"],"cards_obtained":["Pain"]},{"damage_healed":0.0,"max_hp_gain":0.0,"max_hp_loss":0.0,"gold_gain":50.0,"event_name":"Nest","player_choice":"Stole From Cult","floor":21.0,"gold_loss":0.0,"damage_taken":0.0},{"damage_healed":0.0,"max_hp_gain":0.0,"max_hp_loss":0.0,"gold_gain":0.0,"event_name":"Vampires","player_choice":"Ignored","floor":29.0,"gold_loss":0.0,"damage_taken":0.0}],"is_beta":false,"boss_relics":[{"not_picked":["vexMod:BigBerry","BloodWine"],"picked":"Runic Dome"},{"not_picked":[]},{"not_picked":["OneHitWonderSystem","testmod-Recursion"],"picked":"Runic Pyramid"},{"not_picked":[]}],"items_purged_floors":[4,17,19],"is_endless":false,"potions_floor_spawned":[1,8,14,16,22,33],"ascension_level":20}}