{"host":"KYO","time":1610883044,"event":{"mods":["ATMod(°¢èªMod)","BaseMod","Minty Spire (QoL Compilation)","Permanent Neow","Shop Mod","StSLib","SuperFastMode","[IsaacMod]ÒÔÈö¼âËþ","¡¾ÒÅÎï¿¨ÅÆ¡¿REMEMod"],"gold_per_floor":[116,128,214,226,21,41,72,22,46,153,295,349,27,64,64,163,163,233,233,274,199,238,291,291,392,392,477,541,592,656,358,358,490,490,584,584,584,726,762,820,820,973,973,868,981,1074,1130,1274,1274,1299,1349,1349,1349,988,1070,1095],"floor_reached":57,"language":"ZHS","playtime":2071,"items_purged":["Strike_R","Defend_R","Strike_R","Strike_R","Strike_R","Defend_R","Bash"],"score":3273,"play_id":"50b13dd7-25bc-49a0-9e75-29bc563afd62","local_time":"20210117193044","is_ascension_mode":true,"campfire_choices":[{"floor":15.0,"key":"REST"},{"floor":24.0,"key":"RECALL"},{"data":"AT_Dispersion","floor":32.0,"key":"SMITH"},{"data":"Pommel Strike","floor":41.0,"key":"SMITH"},{"data":"AT_FamilyPortrait","floor":49,"key":"SMITH"},{"data":"REME_FirmDetermination","floor":53,"key":"SMITH"}],"circlet_count":0,"master_deck":["AscendersBane","REME_FirmDetermination+1","AT_FamilyPortrait+1","AT_CaressingTears","REME_Scribble","Pommel Strike+1","AT_ShrugMaster","Inflame","AT_Dispersion+1","Evolve+1","Demon Form+1","Sword Boomerang+1","Shrug It Off","Metallicize+1"],"relics":["Burning Blood","HushsDoor","AT_ATBox","REME_ComplimentaryCards","SteamSale","AT_EbonyIvory","MerchantsRug","AT_MibuBalloonWealth","HowToJump","REME_HourglassOfDeath","Anchor","Toy Ornithopter","Blue Candle","Coffee Dripper","SatanicBible","BelialBook","Frozen Egg 2","Art of War","Bronze Scales","MealTicket","Kunai","Lantern","Pen Nib","Ancient Tea Set","AT_ChloranthyRing","REME_PuzzleBoxRelic","OrangePellets","BookofShadows"],"acts_visited":["Exordium","TheCity","TheBeyond","TheEnding"],"potions_floor_usage":[42,45,56,56],"damage_taken":[{"damage":13.0,"enemies":"2 Louse","floor":1.0,"turns":3.0},{"damage":12.0,"enemies":"Cultist","floor":2.0,"turns":4.0},{"damage":16.0,"enemies":"Jaw Worm","floor":4.0,"turns":4.0},{"damage":4.0,"enemies":"3 Louse","floor":6.0,"turns":3.0},{"damage":31.0,"enemies":"Gremlin Nob","floor":7.0,"turns":4.0},{"damage":27.0,"enemies":"3 Sentries","floor":10.0,"turns":5.0},{"damage":8.0,"enemies":"Lots of Slimes","floor":11.0,"turns":3.0},{"damage":3.0,"enemies":"Gremlin Nob","floor":12.0,"turns":3.0},{"damage":13.0,"enemies":"Blue Slaver","floor":14.0,"turns":3.0},{"damage":4.0,"enemies":"The Guardian","floor":16.0,"turns":8.0},{"damage":2.0,"enemies":"2 Thieves","floor":18.0,"turns":2.0},{"damage":0.0,"enemies":"Shell Parasite","floor":20.0,"turns":1.0},{"damage":0.0,"enemies":"Snecko","floor":22.0,"turns":4.0},{"damage":14.0,"enemies":"Book of Stabbing","floor":23.0,"turns":4.0},{"damage":19.0,"enemies":"Gremlin Leader","floor":25.0,"turns":4.0},{"damage":2.0,"enemies":"Centurion and Healer","floor":28.0,"turns":4.0},{"damage":23.0,"enemies":"Book of Stabbing","floor":29.0,"turns":3.0},{"damage":2.0,"enemies":"Cultist and Chosen","floor":30.0,"turns":3.0},{"damage":3.0,"enemies":"Champ","floor":33.0,"turns":7.0},{"damage":0.0,"enemies":"3 Shapes","floor":35.0,"turns":5.0},{"damage":0.0,"enemies":"3 Darklings","floor":38.0,"turns":2.0},{"damage":23.0,"enemies":"Maw","floor":39.0,"turns":5.0},{"damage":8.0,"enemies":"Giant Head","floor":40.0,"turns":4.0},{"damage":34,"enemies":"Reptomancer","floor":42,"turns":4},{"damage":6,"enemies":"4 Shapes","floor":45,"turns":4},{"damage":13,"enemies":"Jaw Worm Horde","floor":46,"turns":3},{"damage":2,"enemies":"Giant Head","floor":47,"turns":4},{"damage":14,"enemies":"3 Darklings","floor":48,"turns":3},{"damage":28,"enemies":"Time Eater","floor":50,"turns":5},{"damage":24,"enemies":"Donu and Deca","floor":51,"turns":5},{"damage":2,"enemies":"Shield and Spear","floor":55,"turns":3},{"damage":0,"enemies":"The Heart","floor":56,"turns":6}],"seed_played":"4352154262683941984","potions_obtained":[{"floor":4.0,"key":"FairyPotion"},{"floor":7.0,"key":"Block Potion"},{"floor":10.0,"key":"ColorlessPotion"},{"floor":11.0,"key":"BloodPotion"},{"floor":23.0,"key":"BloodPotion"},{"floor":28.0,"key":"GamblersBrew"},{"floor":35.0,"key":"ColorlessPotion"},{"floor":45,"key":"DistilledChaos"}],"is_trial":false,"path_per_floor":["M","M","?","M","$","M","E","$","T","E","M","E","$","M","R","B",null,"M","?","M","?","M","E","R","E","T","?","M","E","M","$","R","B",null,"M","?","?","M","M","E","R","E","T","$","M","M","E","M","R","B","B",null,"R","$","E","B",null],"character_chosen":"IRONCLAD","items_purchased":["AT_EbonyIvory","MerchantsRug","Toy Ornithopter","Blue Candle","Inflame","SatanicBible","BelialBook","MealTicket","Kunai","REME_GoldPotion","Pen Nib","EssenceOfSteel","AT_ChloranthyRing","REME_PuzzleBoxRelic","OrangePellets","Strength Potion"],"campfire_rested":1,"item_purchase_floors":[5,5,13,13,13,17,17,31,31,31,44,44,54,54,54,54],"current_hp_per_floor":[61,55,40,32,32,36,11,11,11,20,20,23,23,16,40,45,57,63,63,63,63,65,62,62,51,51,36,61,53,62,62,62,72,81,87,87,87,87,72,72,72,54,54,69,95,90,96,90,90,74,62,94,94,105,107,109],"gold":1095,"neow_bonus":"RANDOM_COLORLESS","is_daily":false,"chose_seed":false,"campfire_upgraded":4,"win_rate":0.0,"timestamp":1610883044,"path_taken":["M","M","?","M","?","M","E","$","T","E","M","E","$","M","R","BOSS","M","?","M","?","M","E","R","E","T","?","M","E","?","$","R","BOSS","M","?","?","M","M","E","R","E","T","?","M","M","E","M","R","BOSS","BOSS","R","$","E","BOSS"],"items_purchased_type":["Relic","Relic","Relic","Relic","Card","Relic","Relic","Relic","Relic","Potion","Relic","Potion","Relic","Relic","Relic","Potion"],"build_version":"2020-12-18","purchased_purges":7,"victory":true,"max_hp_per_floor":[75,75,75,77,77,79,79,79,79,81,83,83,83,83,83,86,61,63,63,63,63,65,67,67,69,69,69,71,80,82,82,82,84,84,87,87,87,87,89,91,91,93,93,93,95,97,99,101,101,103,105,105,105,105,107,109],"card_choices":[{"not_picked":["Deep Breath","BettingIsNotGood"],"picked":"REME_FirmDetermination","floor":0.0},{"not_picked":["Iron Wave","Pommel Strike"],"picked":"Cleave","floor":1.0},{"not_picked":["Wild Strike","True Grit"],"picked":"REME_Scribble","floor":2.0},{"not_picked":["Clothesline","Iron Wave","Anger"],"picked":"SKIP","floor":4.0},{"not_picked":["Wild Strike","Shrug It Off"],"picked":"Pommel Strike","floor":6.0},{"not_picked":["Power Through","Blood for Blood"],"picked":"AT_ShrugMaster","floor":7.0},{"not_picked":["Armaments","AT_IchimonjiDouble","Intimidate"],"picked":"SKIP","floor":10.0},{"not_picked":["REME_TheLastStrike","Sentinel","Headbutt"],"picked":"SKIP","floor":11.0},{"not_picked":["Corruption","AT_ShrugMaster","Twin Strike"],"picked":"SKIP","floor":12.0},{"not_picked":["Pommel Strike","Armaments","Reckless Charge"],"picked":"SKIP","floor":14.0},{"not_picked":["REME_Fury","Corruption"],"picked":"AT_Dispersion","floor":16.0},{"not_picked":["Twin Strike","Thunderclap","Ghostly Armor+1"],"picked":"SKIP","floor":18.0},{"not_picked":["Twin Strike","Thunderclap","Ghostly Armor+1"],"picked":"SKIP","floor":18.0},{"not_picked":["Flame Barrier","Anger+1","Shockwave"],"picked":"SKIP","floor":20.0},{"not_picked":["Body Slam","Intimidate","Havoc"],"picked":"SKIP","floor":22.0},{"not_picked":["Thunderclap","Warcry","Immolate"],"picked":"SKIP","floor":23.0},{"not_picked":["Metallicize+1","Combust+1","Second Wind"],"picked":"SKIP","floor":25.0},{"not_picked":["Iron Wave","Sentinel","AT_IchimonjiDouble"],"picked":"SKIP","floor":28.0},{"not_picked":["Ghostly Armor","Thunderclap+1"],"picked":"Evolve+1","floor":29.0},{"not_picked":["Spot Weakness","REME_Scribble","Clothesline"],"picked":"SKIP","floor":30.0},{"not_picked":["Impervious","Double Tap"],"picked":"Demon Form+1","floor":33.0},{"not_picked":["Body Slam","Burning Pact"],"picked":"Sword Boomerang+1","floor":35.0},{"not_picked":["Seeing Red","Iron Wave","Clothesline"],"picked":"SKIP","floor":38.0},{"not_picked":["Flex","Twin Strike"],"picked":"Shrug It Off","floor":39.0},{"not_picked":["AT_IchimonjiDouble","Searing Blow"],"picked":"Metallicize+1","floor":40.0},{"not_picked":["Feed","REME_TheLastStrike","Infernal Blade"],"picked":"SKIP","floor":42},{"not_picked":["Iron Wave","Sword Boomerang","Armaments"],"picked":"SKIP","floor":45},{"not_picked":["Warcry","Seeing Red","Headbutt+1"],"picked":"SKIP","floor":46},{"not_picked":["Sword Boomerang","Havoc","Brutality+1"],"picked":"SKIP","floor":47},{"not_picked":["REME_FearOfPain+1","Dropkick","Perfected Strike"],"picked":"SKIP","floor":48},{"not_picked":["Sever Soul+1","Twin Strike+1","Shrug It Off"],"picked":"SKIP","floor":55}],"player_experience":617666,"relics_obtained":[{"floor":7.0,"key":"AT_MibuBalloonWealth"},{"floor":9.0,"key":"HowToJump"},{"floor":10.0,"key":"REME_HourglassOfDeath"},{"floor":12.0,"key":"Anchor"},{"floor":23.0,"key":"Frozen Egg 2"},{"floor":25.0,"key":"Art of War"},{"floor":26.0,"key":"Bronze Scales"},{"floor":29.0,"key":"Strawberry"},{"floor":40.0,"key":"Dream Catcher"},{"floor":42,"key":"Lantern"},{"floor":47,"key":"Ancient Tea Set"},{"floor":55,"key":"BookofShadows"}],"event_choices":[{"damage_healed":0.0,"max_hp_gain":0.0,"max_hp_loss":0.0,"gold_gain":0.0,"event_name":"Ghosts","player_choice":"Ignored","floor":19.0,"gold_loss":0.0,"damage_taken":0.0},{"cards_removed":["Defend_R"],"damage_healed":0.0,"max_hp_gain":0.0,"max_hp_loss":0.0,"gold_gain":0.0,"event_name":"Beggar","player_choice":"Gave Gold","floor":21.0,"gold_loss":75.0,"damage_taken":0.0},{"damage_healed":0.0,"max_hp_gain":0.0,"max_hp_loss":0.0,"gold_gain":0.0,"event_name":"Tomb of Lord Red Mask","player_choice":"Ignored","floor":36.0,"gold_loss":0.0,"damage_taken":0.0},{"cards_removed":["Cleave"],"damage_healed":0.0,"max_hp_gain":0.0,"max_hp_loss":0.0,"gold_gain":0.0,"event_name":"Falling","player_choice":"Removed Attack","floor":37.0,"gold_loss":0.0,"damage_taken":0.0}],"is_beta":true,"boss_relics":[{"not_picked":["Black Blood","Busted Crown"],"picked":"Coffee Dripper"},{"not_picked":[]},{"not_picked":["ChampionBelt","Snecko Eye"],"picked":"Empty Cage"},{"not_picked":[]}],"items_purged_floors":[5,8,13,17,31,44,54],"is_endless":false,"potions_floor_spawned":[4,7,10,11,16,18,20,23,28,35,45,55],"ascension_level":20}}