{"host":"irc1izoeqqttpzsx","time":1610872619,"event":{"mods":["2.2 Compatiblity","Aspiration","BaseMod","Better Note","BetterRewards","Colored Map","Colored Powertips","Conspire","DeckTracker","GifTheSpireLib","Highlight Path","Hubris","Infinite Spire","Mad Scientist","Mimic Mod","Minty Spire (QoL Compilation)","Quick Restart","Rare Cards Sparkle","Relic Sorter","Replay The Spire","Shop Mod","Spikes Relics","StSLib","SuperFastMode","The Servant 0.9.4","Trackpad","Uncapped"],"gold_per_floor":[114,114,114,126,453,453,486,486,524,542,554,573,573,593,593,690,690,700,593,603,620,126,152,152,152,152],"floor_reached":25,"language":"ENG","playtime":1140,"items_purged":["MadScienceMod:Strike_MadScience"],"score":259,"play_id":"afd64278-dbb2-4f5f-9d23-5164dba5115b","local_time":"20210117033659","is_ascension_mode":true,"campfire_choices":[{"data":"MadScienceMod:FragmentationGrenade","floor":6,"key":"SMITH"},{"data":"MadScienceMod:AssemblyLine","floor":8,"key":"SMITH"},{"data":"MadScienceMod:OilDrum","floor":13,"key":"SMITH"},{"data":"MadScienceMod:ShrinkRay","floor":15,"key":"SMITH"}],"circlet_count":0,"master_deck":["MadScienceMod:Strike_MadScience","MadScienceMod:Strike_MadScience","MadScienceMod:Defend_MadScience","MadScienceMod:Defend_MadScience","MadScienceMod:Defend_MadScience","MadScienceMod:Defend_MadScience","MadScienceMod:PoweredStrike","MadScienceMod:HideBehindJunk","MadScienceMod:AutoStrike+1","MadScienceMod:ShrinkRay+1","conspire:PoisonWeapons+1","MadScienceMod:FragmentationGrenade+1","MadScienceMod:AntimatterBomb","MadScienceMod:AssemblyLine+1","MadScienceMod:GattlingGun","MadScienceMod:EnergyBarrier","MadScienceMod:OilDrum+1","MadScienceMod:ShrinkRay+1","MadScienceMod:Automate","CurseOfTheBell","MadScienceMod:GattlingGun","ReplayTheSpireMod:Chaos Vortex","MadScienceMod:TimeDilationField+1"],"relics":["MadScienceMod:FuelTank","MerchantsRug","Guide Book","Meat on the Bone","MealTicket","infinitespire:Beetle Shell","Gremlin Horn","Du-Vu Doll","RollingBoulder"],"acts_visited":["Exordium","TheCity"],"potions_floor_usage":[16,16,20,23,23,25],"damage_taken":[{"damage":3,"enemies":"Small Slimes","floor":1,"turns":3},{"damage":17,"enemies":"Jaw Worm","floor":4,"turns":4},{"damage":14,"enemies":"Lagavulin","floor":7,"turns":6},{"damage":1,"enemies":"Cultist","floor":9,"turns":6},{"damage":0,"enemies":"Cultist","floor":10,"turns":3},{"damage":0,"enemies":"Exordium Thugs","floor":11,"turns":2},{"damage":0,"enemies":"Exordium Wildlife","floor":12,"turns":3},{"damage":10,"enemies":"Large Slime","floor":14,"turns":5},{"damage":33,"enemies":"Slime Boss","floor":16,"turns":15},{"damage":0,"enemies":"Chosen","floor":18,"turns":5},{"damage":10,"enemies":"3 Byrds","floor":20,"turns":6},{"damage":24,"enemies":"3 Cultists","floor":21,"turns":7},{"damage":35,"enemies":"Slavers","floor":23,"turns":7},{"damage":34,"enemies":"Gremlin Leader","floor":25,"turns":7}],"seed_played":"-7593752151155143491","potions_obtained":[{"floor":7,"key":"Weak Potion"},{"floor":10,"key":"Adrenaline Potion"},{"floor":16,"key":"BlessingOfTheForge"},{"floor":21,"key":"Toxic Potion"}],"is_trial":false,"path_per_floor":["M","?","?","M","$","R","E","R","MIM","M","M","M","R","M","R","B",null,"M","$","M","M","?","E","?","E"],"character_chosen":"MAD_SCIENTIST","items_purchased":["MerchantsRug","Guide Book","Meat on the Bone","MadScienceMod:AntimatterBomb","MadScienceMod:GattlingGun","Energy Potion","Adrenaline Potion"],"campfire_rested":0,"item_purchase_floors":[5,5,5,5,19,19,19],"current_hp_per_floor":[72,72,72,55,55,55,41,41,40,40,40,40,40,42,42,21,75,75,75,65,41,41,18,18,0,0],"gold":152,"neow_bonus":"THREE_CARDS","is_daily":false,"chose_seed":false,"campfire_upgraded":4,"win_rate":0.0,"timestamp":1610872619,"path_taken":["M","?","?","?","$","R","E","R","MIM","M","M","M","R","M","R","BOSS","M","$","M","M","?","E","?","E"],"items_purchased_type":["Relic","Relic","Relic","Card","Card","Potion","Potion"],"build_version":"2020-12-22","purchased_purges":1,"victory":false,"max_hp_per_floor":[75,75,75,75,75,75,75,75,75,75,75,75,75,75,75,75,75,75,75,75,75,75,75,75,75,75],"card_choices":[{"not_picked":["MadScienceMod:Sprocket","MadScienceMod:FlexibleSpear"],"picked":"MadScienceMod:AutoStrike","floor":0},{"not_picked":["MadScienceMod:AutoStrike","MadScienceMod:SoftenUp"],"picked":"MadScienceMod:ShrinkRay","floor":1},{"not_picked":["MadScienceMod:Retarget","MadScienceMod:FumeBlast"],"picked":"MadScienceMod:FragmentationGrenade","floor":4},{"not_picked":["MadScienceMod:FlexibleSpear","MadScienceMod:AntimatterBomb"],"picked":"MadScienceMod:AssemblyLine","floor":7},{"not_picked":["MadScienceMod:PowerArmor","MadScienceMod:Strafe"],"picked":"MadScienceMod:GattlingGun","floor":10},{"not_picked":["MadScienceMod:Sprocket","MadScienceMod:AutoStrike"],"picked":"MadScienceMod:EnergyBarrier","floor":11},{"not_picked":["MadScienceMod:MechanicalClaw","MadScienceMod:AssemblyLine"],"picked":"MadScienceMod:OilDrum","floor":12},{"not_picked":["MadScienceMod:FlameCannon","MadScienceMod:FumeBlast"],"picked":"MadScienceMod:ShrinkRay","floor":14},{"not_picked":["MadScienceMod:CondenseVapors","MadScienceMod:Postpone"],"picked":"MadScienceMod:Automate","floor":16},{"not_picked":["MadScienceMod:Bombardment","MadScienceMod:MechanicalClaw","MadScienceMod:LightOnFire"],"picked":"SKIP","floor":18},{"not_picked":["MadScienceMod:FlammableWall","MadScienceMod:MechanicalClaw","MadScienceMod:BandageBot"],"picked":"SKIP","floor":20},{"not_picked":["MadScienceMod:AntimatterBomb","MadScienceMod:PowerArmor","MadScienceMod:Strafe"],"picked":"SKIP","floor":21},{"not_picked":["ReplayTheSpireMod:Echoes of Time","infinitespire:Punishment"],"picked":"ReplayTheSpireMod:Chaos Vortex","floor":22},{"not_picked":["MadScienceMod:ParticleBeam","MadScienceMod:AntimatterBomb+1"],"picked":"MadScienceMod:TimeDilationField+1","floor":23}],"player_experience":515733,"relics_obtained":[{"floor":7,"key":"MealTicket"},{"floor":17,"key":"infinitespire:Beetle Shell"},{"floor":17,"key":"Gremlin Horn"},{"floor":17,"key":"Du-Vu Doll"},{"floor":23,"key":"RollingBoulder"}],"event_choices":[{"damage_healed":0,"gold_gain":0,"player_choice":"Leave","damage_taken":0,"max_hp_gain":0,"max_hp_loss":0,"event_name":"conspire:Investor","floor":2,"gold_loss":0},{"cards_removed":["MadScienceMod:AutoStrike"],"damage_healed":0,"gold_gain":0,"player_choice":"Take \u0026 Give","damage_taken":0,"max_hp_gain":0,"max_hp_loss":0,"event_name":"betterNote:BetterNote","floor":3,"gold_loss":0,"cards_obtained":["conspire:PoisonWeapons"]},{"cards_removed":["MadScienceMod:Strike_MadScience"],"damage_healed":0,"gold_gain":0,"player_choice":"Purged","damage_taken":0,"max_hp_gain":0,"max_hp_loss":0,"event_name":"Purifier","floor":24,"gold_loss":0}],"is_beta":false,"boss_relics":[{"not_picked":["SacredBark","hubris:ScarierMask"],"picked":"Calling Bell"}],"items_purged_floors":[5],"is_endless":false,"potions_floor_spawned":[7,10,12,16,21],"killed_by":"Gremlin Leader","ascension_level":1}}