{"host":"yvb207ks1sg3cxef","time":1610872697,"event":{"mods":["2.2 Compatiblity","BaseMod","Bestiary","Colored Powertips","Minty Spire (QoL Compilation)","Permanent Neow","Quick Restart","Relic Stats","StSLib"],"gold_per_floor":[318,43,57,72,87,119,119,131,176,193,220,220,240,272,272,369,369,385,398,398,42,42,75,75,75,75],"floor_reached":25,"language":"ENG","playtime":1370,"items_purged":["Strike_P","Strike_P"],"score":415,"play_id":"a38a7a2c-5798-4f78-961a-8f357b211d08","local_time":"20210117140817","is_ascension_mode":true,"campfire_choices":[{"data":"Eruption","floor":7.0,"key":"SMITH"},{"data":"Adaptation","floor":12.0,"key":"SMITH"},{"data":"Halt","floor":15.0,"key":"SMITH"},{"floor":24,"key":"REST"}],"circlet_count":0,"master_deck":["AscendersBane","Strike_P+1","Strike_P+1","Defend_P","Defend_P","Defend_P","Defend_P","Eruption+1","Vigilance","WheelKick","Halt+1","Prostrate","Conclude","JustLucky","Protect","Protect","Adaptation+1","Prostrate","Prostrate","DevaForm","Sanctity+1","TalkToTheHand","Adaptation","LessonLearned"],"relics":["PureWater","Old Coin","Whetstone","Question Card","Lantern","Pantograph","Omamori","Black Star","TeardropLocket","Smiling Mask","Ornamental Fan"],"acts_visited":["Exordium","TheCity"],"potions_floor_usage":[23,25,25],"damage_taken":[{"damage":0.0,"enemies":"Cultist","floor":1.0,"turns":2.0},{"damage":0.0,"enemies":"2 Louse","floor":3.0,"turns":3.0},{"damage":0.0,"enemies":"Small Slimes","floor":4.0,"turns":3.0},{"damage":3.0,"enemies":"Exordium Thugs","floor":5.0,"turns":4.0},{"damage":13.0,"enemies":"Gremlin Nob","floor":6.0,"turns":4.0},{"damage":0.0,"enemies":"Lots of Slimes","floor":8.0,"turns":1.0},{"damage":0.0,"enemies":"Blue Slaver","floor":10.0,"turns":5.0},{"damage":9.0,"enemies":"Lagavulin","floor":11.0,"turns":7.0},{"damage":0.0,"enemies":"Large Slime","floor":13.0,"turns":3.0},{"damage":0.0,"enemies":"3 Sentries","floor":14.0,"turns":4.0},{"damage":7.0,"enemies":"Hexaghost","floor":16.0,"turns":9.0},{"damage":6.0,"enemies":"3 Byrds","floor":18.0,"turns":5.0},{"damage":0.0,"enemies":"Chosen","floor":19.0,"turns":11.0},{"damage":46,"enemies":"Book of Stabbing","floor":23,"turns":9},{"damage":42,"enemies":"Gremlin Leader","floor":25,"turns":7}],"seed_played":"-4894074423589471394","potions_obtained":[{"floor":5.0,"key":"Fire Potion"},{"floor":6.0,"key":"CultistPotion"},{"floor":23,"key":"BottledMiracle"}],"is_trial":false,"path_per_floor":["M","$","M","M","M","E","R","M","T","M","E","R","M","E","R","B",null,"M","M","?","$","?","E","R","E"],"character_chosen":"WATCHER","items_purchased":["Whetstone","Halt","TeardropLocket"],"campfire_rested":1,"item_purchase_floors":[2,2,21],"current_hp_per_floor":[65,65,65,65,62,49,49,49,49,49,40,40,40,40,40,58,69,63,63,63,63,63,17,38,0,0],"gold":75,"neow_bonus":"ONE_RARE_RELIC","is_daily":false,"chose_seed":false,"campfire_upgraded":3,"win_rate":0.0,"timestamp":1610872697,"path_taken":["M","$","M","M","M","E","R","M","T","M","E","R","M","E","R","BOSS","M","M","?","$","?","E","R","E"],"items_purchased_type":["Relic","Card","Relic"],"build_version":"2020-12-22","purchased_purges":2,"victory":false,"max_hp_per_floor":[72,72,72,72,72,72,72,72,72,72,72,72,72,72,72,72,72,72,72,72,72,72,72,72,72,72],"relic_stats":{"counters":[15,77],"Ornamental Fan":[4],"Pantograph":25,"Black Star":1,"Whetstone":["Strike_P","Strike_P"],"Question Card":9,"Smiling Mask":0,"obtain_stats":[{"Lantern":9,"Ornamental Fan":23,"Pantograph":11,"Omamori":14,"Black Star":17,"Whetstone":2,"TeardropLocket":21,"PureWater":0,"Question Card":6,"Smiling Mask":23,"Old Coin":0},{"Lantern":6,"Ornamental Fan":14,"Pantograph":8,"Omamori":10,"Black Star":11,"Whetstone":1,"TeardropLocket":13,"PureWater":0,"Question Card":5,"Smiling Mask":14,"Old Coin":0},{"Lantern":17,"Ornamental Fan":70,"Pantograph":29,"Omamori":36,"Black Star":45,"Whetstone":2,"TeardropLocket":61,"PureWater":0,"Question Card":16,"Smiling Mask":70,"Old Coin":0}]},"card_choices":[{"not_picked":["BowlingBash","ThirdEye"],"picked":"WheelKick","floor":1.0},{"not_picked":["MentalFortress","CutThroughFate"],"picked":"Prostrate","floor":3.0},{"not_picked":["FollowUp","WreathOfFlame"],"picked":"Conclude","floor":4.0},{"not_picked":["EmptyBody","EmptyFist"],"picked":"JustLucky","floor":5.0},{"not_picked":["Wish","FollowUp"],"picked":"Protect","floor":6.0},{"not_picked":["JustLucky","MentalFortress","WreathOfFlame"],"picked":"Protect","floor":8.0},{"not_picked":["Prostrate","Perseverance","WheelKick"],"picked":"Adaptation","floor":10.0},{"not_picked":["ClearTheMind","Brilliance","JustLucky"],"picked":"Prostrate","floor":11.0},{"not_picked":["Evaluate","FlyingSleeves","FollowUp"],"picked":"Prostrate","floor":13.0},{"not_picked":["ForeignInfluence","SashWhip","Omniscience","PathToVictory"],"picked":"SKIP","floor":14.0},{"not_picked":["Judgement","Ragnarok","Alpha"],"picked":"DevaForm","floor":16.0},{"not_picked":["ThirdEye","Vengeance+1","Consecrate"],"picked":"Sanctity+1","floor":18.0},{"not_picked":["Crescendo","EmptyBody","SandsOfTime"],"picked":"TalkToTheHand","floor":19.0},{"not_picked":["SignatureMove+1","JustLucky","Wallop+1"],"picked":"LessonLearned","floor":23}],"player_experience":366567,"relics_obtained":[{"floor":6.0,"key":"Question Card"},{"floor":9.0,"key":"Lantern"},{"floor":11.0,"key":"Pantograph"},{"floor":14.0,"key":"Omamori"},{"floor":23,"key":"Smiling Mask"},{"floor":23,"key":"Ornamental Fan"}],"event_choices":[{"damage_healed":0.0,"max_hp_gain":0.0,"max_hp_loss":0.0,"gold_gain":0.0,"event_name":"The Library","player_choice":"Read","floor":20.0,"gold_loss":0.0,"damage_taken":0.0,"cards_obtained":["Adaptation"]},{"damage_healed":0.0,"max_hp_gain":0.0,"max_hp_loss":0.0,"gold_gain":0.0,"event_name":"The Mausoleum","player_choice":"Ignored","floor":22.0,"gold_loss":0.0,"damage_taken":0.0}],"is_beta":false,"boss_relics":[{"not_picked":["Velvet Choker","Tiny House"],"picked":"Black Star"}],"items_purged_floors":[2,21],"is_endless":false,"potions_floor_spawned":[5,6,8,10,16,18,23],"killed_by":"Gremlin Leader","ascension_level":11}}