{"host":"idjwbq71yrpkph1r","time":1610847471,"event":{"mods":["Alarm Clock","BaseMod","Better Third Choice","Block Reminder","Colored Powertips","Conspire","Hubris","Minty Spire (QoL Compilation)","Rare Cards Sparkle","StSLib","The Blue Laboratory","Waifu the Spire","everything is the same but u backflip on backflip"],"gold_per_floor":[117,117,117,137,108,135,135,163,211,240,309,309,57,71,71,170,170,187,187,187,204,219,219,219],"floor_reached":23,"language":"ENG","playtime":2308,"items_purged":[],"score":248,"play_id":"fb542a50-a840-469b-8196-16d9ce9461d4","local_time":"20210117023751","is_ascension_mode":true,"campfire_choices":[{"floor":7,"key":"REST"},{"floor":15,"key":"REST"}],"circlet_count":0,"master_deck":["Strike_B","Strike_B","Strike_B","Strike_B","Defend_B","Defend_B","Defend_B","Defend_B","Zap","Dualcast","Cold Snap","Self Repair","Leap","Sweeping Beam","Sweeping Beam","Capacitor","BootSequence","Buffer","Conserve Battery+1","Genetic Algorithm","Ball Lightning"],"relics":["Black Star","betterThird:SlimedRelic","Torii","hubris:64BitClover","Centennial Puzzle","Lantern","hubris:TenFootPole","conspire:TopHat","Ornamental Fan","hubris:DisguiseKit","Toy Ornithopter","Pen Nib","conspire:SeveredTorchhead"],"acts_visited":["Exordium","TheCity"],"potions_floor_usage":[23],"damage_taken":[{"damage":4,"enemies":"Small Slimes","floor":1,"turns":4},{"damage":9,"enemies":"Jaw Worm","floor":4,"turns":3},{"damage":30,"enemies":"Gremlin Nob","floor":6,"turns":6},{"damage":26,"enemies":"3 Sentries","floor":8,"turns":12},{"damage":15,"enemies":"Lagavulin","floor":10,"turns":8},{"damage":0,"enemies":"conspire:RoseBush","floor":14,"turns":5},{"damage":38,"enemies":"Slime Boss","floor":16,"turns":17},{"damage":20,"enemies":"conspire:FuzzyDice","floor":18,"turns":9},{"damage":21,"enemies":"Spheric Guardian","floor":21,"turns":10},{"damage":32,"enemies":"Snecko","floor":22,"turns":10},{"damage":39,"enemies":"Gremlin Leader","floor":23,"turns":9}],"seed_played":"7335867765063721772","potions_obtained":[{"floor":8,"key":"LiquidBronze"},{"floor":10,"key":"blueLaboratory:RememoryPotion"},{"floor":18,"key":"blueLaboratory:BottleOfVodka"}],"is_trial":false,"path_per_floor":["M","?","?","M","?","E","R","E","T","E","T","?","$","M","R","B",null,"M","?","?","M","M","E"],"character_chosen":"DEFECT","items_purchased":["Pen Nib","Sweeping Beam","Capacitor"],"campfire_rested":2,"item_purchase_floors":[13,13,13],"current_hp_per_floor":[71,76,76,67,56,33,57,38,38,30,30,15,15,22,46,15,80,67,67,62,48,23,0,0],"gold":219,"neow_bonus":"BOSS_RELIC","is_daily":false,"chose_seed":false,"campfire_upgraded":0,"win_rate":0.0,"timestamp":1610847471,"path_taken":["M","?","?","M","?","E","R","E","T","E","?","?","$","M","R","BOSS","M","?","?","M","M","E"],"items_purchased_type":["Relic","Card","Card"],"build_version":"2020-12-22","purchased_purges":0,"victory":false,"max_hp_per_floor":[75,80,80,80,80,80,80,80,80,80,80,80,80,80,80,80,80,80,80,85,85,85,85,85],"card_choices":[{"not_picked":["Compile Driver","Turbo"],"picked":"Cold Snap","floor":1},{"not_picked":["conspire:Rain","Cold Snap"],"picked":"Self Repair","floor":4},{"not_picked":["Capacitor","Darkness"],"picked":"Leap","floor":6},{"not_picked":["Hello World","Compile Driver","Blizzard"],"picked":"SKIP","floor":8},{"not_picked":["Scrape","Turbo"],"picked":"Sweeping Beam","floor":10},{"not_picked":["Cold Snap","Coolheaded","Underhanded Strike"],"picked":"BootSequence","floor":14},{"not_picked":["hubris:Prefetch","Multi-Cast","Wraith Form v2"],"picked":"Buffer","floor":16},{"not_picked":["Compile Driver+1","Coolheaded","Calculated Gamble"],"picked":"Conserve Battery+1","floor":18},{"not_picked":["Lockon","Skim","Acrobatics"],"picked":"Genetic Algorithm","floor":21},{"not_picked":["Barrage","Beam Cell","Skewer"],"picked":"Ball Lightning","floor":22}],"player_experience":216315,"relics_obtained":[{"floor":6,"key":"Torii"},{"floor":6,"key":"hubris:64BitClover"},{"floor":8,"key":"Centennial Puzzle"},{"floor":8,"key":"Lantern"},{"floor":9,"key":"hubris:TenFootPole"},{"floor":10,"key":"conspire:TopHat"},{"floor":10,"key":"Ornamental Fan"},{"floor":11,"key":"hubris:DisguiseKit"}],"event_choices":[{"damage_healed":0,"gold_gain":0,"player_choice":"Donut","damage_taken":0,"max_hp_gain":5,"max_hp_loss":0,"event_name":"Big Fish","floor":2,"gold_loss":0},{"damage_healed":0,"gold_gain":0,"player_choice":"Ignored","damage_taken":117,"max_hp_gain":0,"max_hp_loss":0,"event_name":"betterThird:BetterSerpent","floor":3,"gold_loss":0},{"damage_healed":0,"gold_gain":0,"player_choice":"Slimed","damage_taken":11,"max_hp_gain":0,"max_hp_loss":0,"event_name":"betterThird:BetterGoop","floor":5,"gold_loss":29},{"damage_healed":0,"gold_gain":0,"player_choice":"Relic ","damage_taken":33,"max_hp_gain":0,"max_hp_loss":0,"event_name":"betterThird:BetterScrap","floor":12,"gold_loss":0,"cards_obtained":["Storm of Steel"]},{"damage_healed":0,"gold_gain":0,"player_choice":"Ignored","damage_taken":0,"max_hp_gain":0,"max_hp_loss":0,"event_name":"Ghosts","floor":19,"gold_loss":0},{"damage_healed":0,"gold_gain":0,"player_choice":"Shed Blood","damage_taken":20,"max_hp_gain":5,"max_hp_loss":0,"event_name":"Forgotten Altar","floor":20,"gold_loss":0}],"is_beta":false,"boss_relics":[{"not_picked":["hubris:HollowSoul","Ectoplasm"],"picked":"conspire:SeveredTorchhead"}],"items_purged_floors":[],"is_endless":false,"potions_floor_spawned":[8,10,18,21],"killed_by":"Gremlin Leader","ascension_level":4}}