{"host":"mku5fdaoqz3qihec","time":1610864396,"event":{"mods":["2.2 Compatiblity","AchievementEnabler","Arknights The Spire","BaseMod","Colored Map","Colored Powertips","Minty Spire (QoL Compilation)","Rare Cards Sparkle","StSLib","SuperFastMode"],"gold_per_floor":[109,128,78,153,172,172,204,204,204,204,223,148,167,167,167,167,167],"floor_reached":16,"language":"KOR","playtime":455,"items_purged":["ats:Strike G"],"score":100,"play_id":"0dee4027-3970-4e21-9361-b9cd658fc594","local_time":"20210117151956","is_ascension_mode":false,"campfire_choices":[{"data":"ats:Echo Reverb","floor":6,"key":"SMITH"},{"data":"ats:Guardian Obelisk","floor":8,"key":"SMITH"},{"data":"ats:Ignite","floor":10,"key":"SMITH"},{"floor":15,"key":"REST"}],"circlet_count":0,"master_deck":["ats:Strike C","ats:Strike S","ats:Armor Crushing Shot","ats:Defend","ats:Defend","ats:Defend","ats:Defend","ats:Emotion Absorption","ats:Echo Reverb+1","ats:Hook Shot","ats:Ignite+1","ats:Overload","ats:Guardian Obelisk+1","ats:Ignite","ats:Ignite"],"relics":["ats:Sanity","ats:Originium","Ice Cream","ats:Lavender"],"acts_visited":["Exordium"],"potions_floor_usage":[7],"damage_taken":[{"damage":5,"enemies":"2 Louse","floor":1,"turns":3},{"damage":5,"enemies":"Jaw Worm","floor":2,"turns":5},{"damage":6,"enemies":"Cultist","floor":5,"turns":4},{"damage":40,"enemies":"3 Sentries","floor":7,"turns":10},{"damage":5,"enemies":"Looter","floor":11,"turns":3},{"damage":11,"enemies":"2 Fungi Beasts","floor":13,"turns":3},{"damage":27,"enemies":"Hexaghost","floor":16,"turns":7}],"seed_played":"2167590449367665302","potions_obtained":[{"floor":1,"key":"Regen Potion"},{"floor":5,"key":"SmokeBomb"}],"is_trial":false,"path_per_floor":["M","M","?","?","M","R","E","R","T","R","M","$","M","?","R","B"],"character_chosen":"DOCTOR_CLASS","items_purchased":[],"campfire_rested":1,"item_purchase_floors":[],"current_hp_per_floor":[60,55,55,44,38,38,13,13,13,13,10,10,1,1,20,0,0],"gold":167,"neow_bonus":"THREE_RARE_CARDS","is_daily":false,"chose_seed":false,"campfire_upgraded":3,"win_rate":0.0,"timestamp":1610864396,"path_taken":["M","M","?","?","M","R","E","R","T","R","?","?","M","?","R","BOSS"],"items_purchased_type":[],"build_version":"2020-12-22","purchased_purges":1,"victory":false,"max_hp_per_floor":[65,65,65,65,65,65,65,65,65,65,65,65,65,65,65,65,65],"card_choices":[{"not_picked":["ats:Wolf Pack","ats:Rat Pack"],"picked":"ats:Echo Reverb","floor":0},{"not_picked":["ats:Part Time Job","ats:Shadow Raid"],"picked":"ats:Hook Shot","floor":1},{"not_picked":["ats:Revitalization","ats:Closed Bolt Burst Fire"],"picked":"ats:Ignite","floor":2},{"not_picked":["ats:Support Order","ats:Cat Scratch"],"picked":"ats:Overload","floor":5},{"not_picked":["ats:Poison Spread","ats:Automatic Cover"],"picked":"ats:Guardian Obelisk","floor":7},{"not_picked":["ats:Poison Spread","ats:Flame Of Heaven"],"picked":"ats:Ignite","floor":11},{"not_picked":["ats:Poison Spread","ats:Collapsing Strike"],"picked":"ats:Ignite","floor":13}],"player_experience":249270,"relics_obtained":[{"floor":7,"key":"ats:Originium"},{"floor":7,"key":"Ice Cream"},{"floor":9,"key":"ats:Lavender"}],"event_choices":[{"cards_removed":["ats:Strike V"],"damage_healed":0,"gold_gain":0,"player_choice":"Card Removal","damage_taken":0,"max_hp_gain":0,"max_hp_loss":0,"event_name":"The Cleric","floor":3,"gold_loss":50},{"damage_healed":0,"gold_gain":75,"player_choice":"Gather Gold","damage_taken":11,"max_hp_gain":0,"max_hp_loss":0,"event_name":"World of Goop","floor":4,"gold_loss":0},{"damage_healed":0,"gold_gain":0,"player_choice":"Ignored","damage_taken":0,"max_hp_gain":0,"max_hp_loss":0,"event_name":"Shining Light","floor":14,"gold_loss":0}],"is_beta":false,"boss_relics":[],"items_purged_floors":[12],"is_endless":false,"potions_floor_spawned":[1,5],"killed_by":"Hexaghost","ascension_level":0}}