{"host":"3xls0xm49ftugio7","time":1610920841,"event":{"mods":["2.2 Compatiblity","AchievementEnabler","Act Like it!","BaseMod","Colored Powertips","GifTheSpireLib","HornydragonMod","Minty Spire (QoL Compilation)","Quick Restart","Relic Stats","StSLib"],"gold_per_floor":[87,97,97,111,81,81,109,109,109,122,47,78,78,96,96,192,192,208,40,40,40,54,54,80,100,176,176,176,176,189,230,230,355,394,427,439,469,115,134,134,173,191,241,278,278,278,278,304,304,304,304,304,14,54,54],"floor_reached":56,"language":"ENG","playtime":5406,"items_purged":["Strike_HD","Strike_HD","BloodyMary"],"score":1275,"play_id":"33658592-4603-4464-aa6e-4910bd16d071","local_time":"20210118000041","is_ascension_mode":false,"campfire_choices":[{"data":"KingRound","floor":6,"key":"SMITH"},{"data":"DoNotDrink","floor":13,"key":"SMITH"},{"data":"PointCard0","floor":15,"key":"SMITH"},{"data":"Melancholia","floor":23,"key":"SMITH"},{"data":"Metabolism","floor":27,"key":"SMITH"},{"data":"GetToilet","floor":29,"key":"SMITH"},{"data":"BreakDrink","floor":32,"key":"SMITH"},{"data":"Apotheosis","floor":40,"key":"SMITH"},{"floor":47,"key":"RECALL"},{"data":"GetAlcoholism","floor":49,"key":"SMITH"},{"data":"UnoWild4","floor":52,"key":"SMITH"}],"circlet_count":0,"master_deck":["Defend_HD","Defend_HD","Defend_HD","Defend_HD","AlcoholBarrier","BreakDrink+1","AlcoholAttack+1","AlcoholGun+1","KingRound+1","Melancholia+1","DoNotDrink+1","PointCard0+1","Linda","CurseOfTheBell","Platelet+1","GetToilet+1","Metabolism+1","BloodyMary+1","Melancholia+1","Hammer","CardReborn+1","Fly+1","Brimstone+1","ShrimpCocktail+1","BraveAlcohol","Apotheosis+1","UnoWild4+1","Noodle+1","GetAlcoholism+1","Timmie","BlackJackAttack+1","Icecream+1","Beer+1","DrunkardWalk","Guppy+1"],"relics":["WineBottle","Odd Mushroom","White Beast Statue","Sundial","Anchor","Calling Bell","Oddly Smooth Stone","InkBottle","Gambling Chip","Centennial Puzzle","Omamori","Regal Pillow","Toy Ornithopter","Mercury Hourglass","Happy Flower","CeramicFish","Eternal Feather","Juzu Bracelet","Bag of Marbles","MawBank","Astrolabe","Singing Bowl","Lantern","Orrery","Incense Burner","Smiling Mask","Whetstone","Torii","Nunchaku","HornCleat"],"acts_visited":["Exordium","TheCity","TheBeyond","TheEnding"],"potions_floor_usage":[12,12,12,16,25,33,33,33,33,33,33,55,55,55],"damage_taken":[{"damage":0,"enemies":"Small Slimes","floor":1,"turns":4},{"damage":0,"enemies":"2 Louse","floor":2,"turns":2},{"damage":1,"enemies":"Cultist","floor":4,"turns":4},{"damage":7,"enemies":"Exordium Thugs","floor":5,"turns":5},{"damage":9,"enemies":"The Mushroom Lair","floor":7,"turns":4},{"damage":0,"enemies":"Exordium Wildlife","floor":10,"turns":4},{"damage":6,"enemies":"Gremlin Nob","floor":12,"turns":3},{"damage":2,"enemies":"Blue Slaver","floor":14,"turns":3},{"damage":58,"enemies":"The Guardian","floor":16,"turns":21},{"damage":40,"enemies":"Shell Parasite","floor":18,"turns":21},{"damage":0,"enemies":"Chosen","floor":22,"turns":4},{"damage":32,"enemies":"Sentry and Sphere","floor":25,"turns":19},{"damage":103,"enemies":"Centurion and Healer","floor":30,"turns":94},{"damage":1,"enemies":"Book of Stabbing","floor":31,"turns":6},{"damage":92,"enemies":"Automaton","floor":33,"turns":19},{"damage":0,"enemies":"Orb Walker","floor":35,"turns":8},{"damage":37,"enemies":"3 Darklings","floor":37,"turns":29},{"damage":2,"enemies":"Transient","floor":39,"turns":5},{"damage":6,"enemies":"Nemesis","floor":41,"turns":9},{"damage":0,"enemies":"Sphere and 2 Shapes","floor":42,"turns":16},{"damage":4,"enemies":"Reptomancer","floor":44,"turns":7},{"damage":2,"enemies":"3 Darklings","floor":48,"turns":4},{"damage":25,"enemies":"Donu and Deca","floor":50,"turns":9},{"damage":5,"enemies":"Shield and Spear","floor":54,"turns":6},{"damage":63,"enemies":"The Heart","floor":55,"turns":15}],"seed_played":"-8040700041868715285","potions_obtained":[{"floor":0,"key":"AttackPotion"},{"floor":0,"key":"EntropicBrew"},{"floor":0,"key":"BlessingOfTheForge"},{"floor":5,"key":"FearPotion"},{"floor":12,"key":"SteroidPotion"},{"floor":16,"key":"AttackPotion"},{"floor":18,"key":"SkillPotion"},{"floor":25,"key":"Energy Potion"},{"floor":33,"key":"CultistPotion"},{"floor":35,"key":"Weak Potion"},{"floor":37,"key":"SneckoOil"},{"floor":39,"key":"Regen Potion"},{"floor":42,"key":"Fire Potion"}],"is_trial":false,"path_per_floor":["M","M","?","M","M","R","?","?","T","M","$","E","R","M","R","B",null,"M","$","T","$","M","R","T","M","T","R","?","R","M","E","R","B",null,"M","?","M","$","M","R","E","M","T","E","?","?","R","M","R","B",null,"R","$","E","B",null],"character_chosen":"HORNYDRAGON","items_purchased":["GetToilet","BraveAlcohol","Apotheosis","Orrery","DrunkardWalk","Nunchaku","Dexterity Potion"],"campfire_rested":0,"item_purchase_floors":[19,38,38,38,53,53,53],"current_hp_per_floor":[87,87,92,91,88,88,83,83,83,87,87,85,85,91,91,38,92,52,52,52,52,63,63,63,62,62,62,62,62,52,74,86,41,92,92,87,69,73,90,93,93,95,95,95,95,95,95,94,95,73,95,95,95,92,66],"gold":54,"neow_bonus":"THREE_SMALL_POTIONS","is_daily":false,"chose_seed":false,"campfire_upgraded":10,"win_rate":0.0,"timestamp":1610920841,"path_taken":["M","M","?","M","M","R","?","?","T","M","$","E","R","M","R","BOSS","M","$","?","?","M","R","?","?","T","R","?","R","M","E","R","BOSS","M","?","M","$","M","R","E","M","T","E","?","?","R","M","R","BOSS","R","$","E","BOSS"],"items_purchased_type":["Card","Card","Card","Relic","Card","Relic","Potion"],"build_version":"2020-12-22","purchased_purges":3,"victory":true,"max_hp_per_floor":[87,87,92,92,92,92,92,92,92,92,92,92,92,92,92,92,92,92,92,92,92,92,92,92,92,92,92,92,92,92,92,92,92,92,92,87,89,93,93,93,93,95,95,95,95,95,95,95,95,95,95,95,95,95,92],"relic_stats":{"Regal Pillow":0,"Happy Flower":[68],"Singing Bowl":8,"Torii":10,"counters":[25,319],"CeramicFish":153,"Astrolabe":["CardReborn","Fly","Brimstone"],"Eternal Feather":16,"Juzu Bracelet":0,"Whetstone":["AlcoholGun","AlcoholAttack"],"MawBank":60,"Smiling Mask":75,"Mercury Hourglass":[770],"Centennial Puzzle":[36],"Nunchaku":[2],"Sundial":[68],"Gambling Chip":[28],"obtain_stats":[{"Regal Pillow":24,"Lantern":37,"Singing Bowl":37,"Torii":50,"CeramicFish":30,"Juzu Bracelet":30,"Incense Burner":41,"Whetstone":44,"Smiling Mask":42,"Centennial Puzzle":18,"Nunchaku":53,"HornCleat":54,"Sundial":12,"Gambling Chip":17,"InkBottle":17,"WineBottle":0,"Happy Flower":30,"Astrolabe":34,"Oddly Smooth Stone":17,"Eternal Feather":30,"Omamori":20,"Odd Mushroom":7,"MawBank":33,"White Beast Statue":9,"Mercury Hourglass":26,"Calling Bell":17,"Anchor":16,"Orrery":38,"Bag of Marbles":31,"Toy Ornithopter":25},{"Regal Pillow":11,"Lantern":17,"Singing Bowl":17,"Torii":23,"CeramicFish":13,"Juzu Bracelet":13,"Incense Burner":19,"Whetstone":21,"Smiling Mask":20,"Centennial Puzzle":10,"Nunchaku":23,"HornCleat":24,"Sundial":7,"Gambling Chip":9,"InkBottle":9,"WineBottle":0,"Happy Flower":13,"Astrolabe":15,"Oddly Smooth Stone":9,"Eternal Feather":13,"Omamori":10,"Odd Mushroom":5,"MawBank":15,"White Beast Statue":5,"Mercury Hourglass":12,"Calling Bell":9,"Anchor":9,"Orrery":17,"Bag of Marbles":14,"Toy Ornithopter":12},{"Regal Pillow":75,"Lantern":249,"Singing Bowl":231,"Torii":297,"CeramicFish":141,"Juzu Bracelet":182,"Incense Burner":263,"Whetstone":285,"Smiling Mask":271,"Centennial Puzzle":71,"Nunchaku":298,"HornCleat":304,"Sundial":26,"Gambling Chip":50,"InkBottle":50,"WineBottle":0,"Happy Flower":115,"Astrolabe":213,"Oddly Smooth Stone":50,"Eternal Feather":159,"Omamori":71,"Odd Mushroom":19,"MawBank":204,"White Beast Statue":19,"Mercury Hourglass":94,"Calling Bell":50,"Anchor":49,"Orrery":249,"Bag of Marbles":194,"Toy Ornithopter":93}],"InkBottle":[120],"Toy Ornithopter":33},"card_choices":[{"not_picked":["AlcoholGun","Weed"],"picked":"AlcoholAttack","floor":1},{"not_picked":["AlcoholBarrier","DrumStick"],"picked":"AlcoholGun","floor":2},{"not_picked":["Fury","Alcoholic"],"picked":"BloodyMary","floor":4},{"not_picked":["Margarita","GetStonks"],"picked":"KingRound","floor":5},{"not_picked":["AlcoholAttack","StrangeSheild"],"picked":"Melancholia","floor":7},{"not_picked":["Pigeon","PayToPlay"],"picked":"DoNotDrink","floor":10},{"not_picked":["RainbowAttack","Scp261"],"picked":"BloodyMary","floor":12},{"not_picked":["CardReborn","Nihilism"],"picked":"PointCard0","floor":14},{"not_picked":["GetAlcoholSmell","PointCard0"],"picked":"Linda","floor":16},{"not_picked":["BottleAttack","ShrimpCocktail"],"picked":"Platelet+1","floor":18},{"not_picked":["Ahahah","Bike"],"picked":"Metabolism","floor":22},{"not_picked":["BirdAttack+1","Conch+1"],"picked":"BloodyMary+1","floor":25},{"not_picked":["SexyLeg","HeadDefend","Scp261"],"picked":"SKIP","floor":30},{"not_picked":["DrumStick","Caffeine"],"picked":"Melancholia+1","floor":31},{"not_picked":["GetAlcoholism","PointCard0"],"picked":"Hammer","floor":33},{"not_picked":["PowerGlove+1","Blue"],"picked":"ShrimpCocktail+1","floor":35},{"not_picked":["ShrimpCocktail","Circle","RainbowAttack+1"],"picked":"Singing Bowl","floor":37},{"not_picked":["Scp261+1","Alcoholic","Vomiting"],"picked":"Singing Bowl","floor":38},{"not_picked":["Margarita","DoNotDrink+1"],"picked":"UnoWild4","floor":38},{"not_picked":["Weed+1","Fury+1"],"picked":"Noodle+1","floor":38},{"not_picked":["Metabolism","KingRound","Bike"],"picked":"Singing Bowl","floor":38},{"not_picked":["Scp500","Circle"],"picked":"GetAlcoholism","floor":38},{"not_picked":["BloodyMary","Pigeon+1"],"picked":"Timmie","floor":39},{"not_picked":["Beer","Brimstone"],"picked":"BlackJackAttack+1","floor":41},{"not_picked":["Trumpet+1","Metabolism","DrumStick"],"picked":"Singing Bowl","floor":42},{"not_picked":["LuckyCoin","DrumStick+1"],"picked":"Icecream+1","floor":44},{"not_picked":["KingRound","Circle"],"picked":"Beer+1","floor":48},{"not_picked":["Susie+1","GetToilet"],"picked":"Guppy+1","floor":54}],"player_experience":705255,"relics_obtained":[{"floor":7,"key":"Odd Mushroom"},{"floor":9,"key":"White Beast Statue"},{"floor":12,"key":"Sundial"},{"floor":17,"key":"Oddly Smooth Stone"},{"floor":17,"key":"InkBottle"},{"floor":17,"key":"Gambling Chip"},{"floor":20,"key":"Omamori"},{"floor":24,"key":"Regal Pillow"},{"floor":26,"key":"Mercury Hourglass"},{"floor":31,"key":"Bag of Marbles"},{"floor":41,"key":"Incense Burner"},{"floor":44,"key":"Whetstone"},{"floor":54,"key":"HornCleat"}],"event_choices":[{"damage_healed":0,"gold_gain":0,"player_choice":"Donut","damage_taken":0,"max_hp_gain":5,"max_hp_loss":0,"event_name":"Big Fish","floor":3,"gold_loss":0},{"damage_healed":0,"gold_gain":0,"player_choice":"Fought Mushrooms","damage_taken":0,"max_hp_gain":0,"max_hp_loss":0,"event_name":"Mushrooms","floor":7,"gold_loss":0},{"damage_healed":0,"gold_gain":0,"player_choice":"Bought 0 Potions","damage_taken":0,"max_hp_gain":0,"max_hp_loss":0,"event_name":"The Woman in Blue","floor":8,"gold_loss":0},{"damage_healed":0,"gold_gain":0,"player_choice":"Ignored","damage_taken":0,"max_hp_gain":0,"max_hp_loss":0,"event_name":"Vampires","floor":28,"gold_loss":0},{"damage_healed":0,"gold_gain":0,"player_choice":"Max HP","damage_taken":0,"max_hp_gain":0,"max_hp_loss":5,"event_name":"Winding Halls","floor":36,"gold_loss":0},{"damage_healed":0,"gold_gain":0,"player_choice":"Ignored","damage_taken":0,"max_hp_gain":0,"max_hp_loss":0,"event_name":"Tomb of Lord Red Mask","floor":45,"gold_loss":0},{"cards_removed":["BloodyMary"],"damage_healed":5,"gold_gain":0,"player_choice":"Offered Common","damage_taken":0,"max_hp_gain":0,"max_hp_loss":0,"event_name":"Bonfire Elementals","floor":46,"gold_loss":0},{"cards_removed":["BloodyMary"],"damage_healed":5,"gold_gain":0,"player_choice":"Offered Special","damage_taken":0,"max_hp_gain":0,"max_hp_loss":0,"event_name":"Bonfire Elementals","floor":46,"gold_loss":0}],"is_beta":false,"boss_relics":[{"not_picked":["Empty Cage","Runic Pyramid"],"picked":"Calling Bell"},{"not_picked":["Velvet Choker","SlaversCollar"],"picked":"Astrolabe"}],"items_purged_floors":[11,19,53],"is_endless":false,"potions_floor_spawned":[5,7,10,12,14,16,18,22,25,30,31,33,35,37,39,41,42,44,48,54],"ascension_level":0}}