{"host":"qhhcmep1unj6mpf7","time":1610857686,"event":{"mods":["2.2 Compatiblity","AchievementEnabler","BaseMod","Colored Map","DeckTracker","Highlight Path","Keyboard Shortcuts","Minty Spire (QoL Compilation)","Permanent Neow","Quick Restart","Random Character Button","StSLib","SuperFastMode","everything is the same but u backflip on backflip"],"gold_per_floor":[119,44,58,75,29,29,43,74,74,74,94,106,106,125,125,230,230,170,184,2,2,2],"floor_reached":21,"language":"KOR","playtime":708,"items_purged":["Writhe","Strike_B"],"score":181,"play_id":"011e0471-be7a-4e9b-aad9-e6043bd50e9d","local_time":"20210117132806","is_ascension_mode":false,"campfire_choices":[{"data":"Hologram","floor":6.0,"key":"SMITH"},{"data":"Coolheaded","floor":13.0,"key":"SMITH"},{"floor":15.0,"key":"REST"}],"circlet_count":0,"master_deck":["Strike_B","Strike_B","Defend_B","Defend_B","Defend_B","Defend_B","Zap","Dualcast","Meteor Strike","Undo","Hologram+1","Skim","Sweeping Beam","Coolheaded+1","Echo Form","Seek","Hologram+1","Enlightenment"],"relics":["FrozenCore","PreservedInsect","Ancient Tea Set"],"acts_visited":["Exordium","TheCity"],"potions_floor_usage":[],"damage_taken":[{"damage":7.0,"enemies":"2 Louse","floor":1.0,"turns":2.0},{"damage":5.0,"enemies":"Small Slimes","floor":3.0,"turns":4.0},{"damage":0.0,"enemies":"Jaw Worm","floor":4.0,"turns":4.0},{"damage":0.0,"enemies":"Blue Slaver","floor":7.0,"turns":5.0},{"damage":36.0,"enemies":"Lagavulin","floor":8.0,"turns":7.0},{"damage":5.0,"enemies":"Looter","floor":11.0,"turns":4.0},{"damage":2.0,"enemies":"2 Fungi Beasts","floor":12.0,"turns":4.0},{"damage":10.0,"enemies":"Blue Slaver","floor":14.0,"turns":5.0},{"damage":17.0,"enemies":"The Guardian","floor":16.0,"turns":7.0},{"damage":29,"enemies":"2 Thieves","floor":18,"turns":4},{"damage":42,"enemies":"Spheric Guardian","floor":19,"turns":10},{"damage":8,"enemies":"Shelled Parasite and Fungi","floor":21,"turns":1}],"seed_played":"-2398909677441402445","potions_obtained":[{"floor":3.0,"key":"Regen Potion"},{"floor":7.0,"key":"GamblersBrew"},{"floor":8.0,"key":"Energy Potion"},{"floor":11.0,"key":"LiquidBronze"}],"is_trial":false,"path_per_floor":["M","$","M","M","$","R","M","E","T","?","M","M","R","M","R","B",null,"M","M","$","M"],"character_chosen":"DEFECT","items_purchased":["Hologram","Enlightenment"],"campfire_rested":1,"item_purchase_floors":[5,20],"current_hp_per_floor":[68,68,63,63,63,63,63,36,36,36,31,29,29,19,41,24,75,46,4,4,0,0],"gold":2,"neow_bonus":"THREE_RARE_CARDS","is_daily":false,"chose_seed":false,"campfire_upgraded":2,"win_rate":0.0,"timestamp":1610857686,"path_taken":["M","$","M","M","$","R","M","E","T","?","M","M","R","M","R","BOSS","M","M","$","M"],"items_purchased_type":["Card","Card"],"build_version":"2020-12-22","purchased_purges":2,"victory":false,"max_hp_per_floor":[75,75,75,75,75,75,75,75,75,75,75,75,75,75,75,75,75,75,75,75,75,75],"card_choices":[{"not_picked":["Amplify","Buffer"],"picked":"Meteor Strike","floor":0.0},{"not_picked":["Tempest","FTL","Heatsinks"],"picked":"SKIP","floor":1.0},{"not_picked":["Cold Snap","Compile Driver"],"picked":"Undo","floor":3.0},{"not_picked":["Go for the Eyes","Stack","Barrage"],"picked":"SKIP","floor":4.0},{"not_picked":["Go for the Eyes","Stack","Barrage"],"picked":"SKIP","floor":4.0},{"not_picked":["Go for the Eyes","Stack","Barrage"],"picked":"SKIP","floor":4.0},{"not_picked":["Consume","Gash"],"picked":"Skim","floor":7.0},{"not_picked":["White Noise","BootSequence"],"picked":"Sweeping Beam","floor":8.0},{"not_picked":["Stack","Steam","Doom and Gloom"],"picked":"SKIP","floor":11.0},{"not_picked":["Rebound","Ball Lightning"],"picked":"Coolheaded","floor":12.0},{"not_picked":["Leap","Coolheaded"],"picked":"Echo Form","floor":14.0},{"not_picked":["Fission","Buffer"],"picked":"Seek","floor":16.0},{"not_picked":["Self Repair","Compile Driver"],"picked":"Hologram+1","floor":18},{"not_picked":["Consume","BootSequence","Conserve Battery"],"picked":"SKIP","floor":19}],"player_experience":315708,"relics_obtained":[{"floor":8.0,"key":"PreservedInsect"},{"floor":9.0,"key":"Ancient Tea Set"}],"event_choices":[{"cards_removed":["Strike_B"],"damage_healed":0.0,"max_hp_gain":0.0,"max_hp_loss":0.0,"gold_gain":0.0,"event_name":"Living Wall","player_choice":"Forget","floor":10.0,"gold_loss":0.0,"damage_taken":0.0}],"is_beta":false,"boss_relics":[{"not_picked":["Pandora\u0027s Box","Busted Crown"],"picked":"FrozenCore"}],"items_purged_floors":[2,20],"is_endless":false,"potions_floor_spawned":[3,7,8,11,14],"killed_by":"Shelled Parasite and Fungi","ascension_level":0}}