{"host":"43eszqhj3e37fphl","time":1610882296,"event":{"mods":["100% Spire Juice","Act Like it!","BaseMod","Colored Map","Colored Powertips","Downfall","GungeonMod","Hallownest","Hermit","Marisa????????","Minty Spire (QoL Compilation)","READ ME - Guardian Mod","Rare Cards Sparkle","StSLib","The Animator","The Bug Knight","The Forsaken","The Jungle","The Necromancer","The Poker Player"],"gold_per_floor":[99,60,60,60,79,79,131,199,199,0,16,45,64,56,69,169,169,169,169,119,119,3,17,17,117,117,127,127,127,127,127,145,145,145],"floor_reached":33,"language":"ENG","playtime":5581,"items_purged":[],"score":264,"play_id":"b184c4f2-8275-49ec-9122-4020f7b68b1f","local_time":"20210117121816","is_ascension_mode":false,"campfire_choices":[{"floor":1,"key":"RECALL"},{"data":"expansioncontent:QuickStudy","floor":6,"key":"SMITH"},{"data":"Hallownest:skillLeafShield","floor":9,"key":"SMITH"},{"data":"bronze:Replicate","floor":18,"key":"SMITH"},{"floor":26,"key":"REST"},{"floor":29,"key":"REST"}],"circlet_count":0,"master_deck":["bronze:Strike","bronze:Strike","bronze:Strike","bronze:Strike","bronze:Replicate+1","bronze:Goto","bronze:WhirlingStrike","expansioncontent:QuickStudy+1","Hallownest:skillLeafShield+1","Hallownest:skillLeafShield","Hallownest:skillLeafShield","Hallownest:skillLeafShield","Hallownest:skillLeafShield","bronze:Assembly","bronze:ForLoop","bronze:MaxOutput","bronze:Deprecate+1","bronze:FineTuning+1","bronze:Mutator","Slimebound:CheckThePlaybook","theForsaken:PlagueCurse","bronze:BuggyMess+1","bronze:Turbo+1","RitualDagger+1","bronze:Deprecate+1"],"relics":["bronze:BronzeCore","NeowsBlessing","Sling","theForsaken:HumbleEgg","theForsaken:ScaryMask","Hallownest:BankAccountRelic","Meat on the Bone","SlaversCollar","theForsaken:PlagueMask","Pen Nib","Mummified Hand"],"acts_visited":["Hallownest:Greenpath","TheCity"],"potions_floor_usage":[16,16,16,32,33,33],"damage_taken":[{"damage":0,"enemies":"downfall:FleeingMerchant","floor":2,"turns":1},{"damage":0,"enemies":"Hallownest:2_Tiktiks_and_1_Crawlid","floor":5,"turns":1},{"damage":0,"enemies":"Hallownest:monsterHuskGuard","floor":11,"turns":1},{"damage":9,"enemies":"Hallownest:eliteVengeflyKing","floor":12,"turns":7},{"damage":12,"enemies":"Hallownest:2_Baldur","floor":13,"turns":5},{"damage":1,"enemies":"Hallownest:monsterFoolEater","floor":15,"turns":2},{"damage":16,"enemies":"WA_ARCHETYPE_RETAIN","floor":16,"turns":7},{"damage":23,"enemies":"Shell Parasite","floor":23,"turns":5},{"damage":51,"enemies":"Centurion and Healer","floor":27,"turns":4},{"damage":17,"enemies":"Snake Plant","floor":32,"turns":4},{"damage":44,"enemies":"DF_ARCHETYPE_CLAW","floor":33,"turns":5}],"seed_played":"6654448043510969787","potions_obtained":[{"floor":12,"key":"Ancient Potion"},{"floor":13,"key":"Energy Potion"},{"floor":15,"key":"Fire Potion"},{"floor":27,"key":"PowerPotion"},{"floor":31,"key":"CultistPotion"},{"floor":32,"key":"Energy Potion"}],"is_trial":false,"path_per_floor":["R","$","?","T","M","R","T","T","R","?","M","E","M","$","M","B",null,"R","?","?","?","$","M","T","?","R","M","?","R","?","?","M","B"],"character_chosen":"THE_AUTOMATON","items_purchased":["Sling","expansioncontent:QuickStudy","AttackPotion","Pen Nib"],"campfire_rested":2,"item_purchase_floors":[2,2,14,22],"current_hp_per_floor":[70,70,70,70,70,70,70,70,70,70,70,61,49,49,48,44,70,70,46,70,70,70,47,47,47,68,29,13,34,34,34,39,0,0],"gold":145,"neow_bonus":"THREE_ENEMY_KILL","is_daily":false,"chose_seed":false,"campfire_upgraded":3,"win_rate":0.0,"timestamp":1610882296,"path_taken":["R","?","?","?","?","R","T","?","R","?","M","E","M","$","M","BOSS","R","?","?","?","$","M","T","?","R","?","?","R","?","?","M","BOSS"],"items_purchased_type":["Relic","Card","Potion","Relic"],"build_version":"2020-12-22","purchased_purges":0,"victory":false,"max_hp_per_floor":[70,70,70,70,70,70,70,70,70,70,70,70,70,70,70,70,70,70,70,70,70,70,70,70,70,70,70,70,70,70,70,70,70,70],"card_choices":[{"not_picked":["bronze:BitShift","bronze:Philosophize"],"picked":"bronze:WhirlingStrike","floor":2},{"not_picked":["bronze:ForceShield","bronze:BitShift+1"],"picked":"bronze:Assembly","floor":5},{"not_picked":["bronze:Return","bronze:ItsAFeature"],"picked":"bronze:ForLoop","floor":11},{"not_picked":["bronze:BronzeOrb","bronze:Iterate+1"],"picked":"bronze:MaxOutput","floor":12},{"not_picked":["bronze:ForceShield","bronze:WhirlingStrike+1"],"picked":"bronze:Deprecate+1","floor":13},{"not_picked":["bronze:Return","bronze:CutThrough+1"],"picked":"bronze:FineTuning+1","floor":15},{"not_picked":["bronze:BurnOut","bronze:Virus"],"picked":"bronze:Mutator","floor":16},{"not_picked":["bronze:Flail","bronze:DelayedGuard+1"],"picked":"bronze:BuggyMess+1","floor":23},{"not_picked":["bronze:FineTuning+1","bronze:ItsAFeature+1"],"picked":"bronze:Turbo+1","floor":27},{"not_picked":["bronze:BuggyMess+1","bronze:Frontload+1"],"picked":"bronze:Deprecate+1","floor":32}],"player_experience":29452,"relics_obtained":[{"floor":4,"key":"theForsaken:HumbleEgg"},{"floor":8,"key":"theForsaken:ScaryMask"},{"floor":12,"key":"Meat on the Bone"},{"floor":24,"key":"Mummified Hand"}],"event_choices":[{"damage_healed":0,"gold_gain":0,"player_choice":"Obtain Plague Curse","damage_taken":0,"max_hp_gain":0,"max_hp_loss":0,"event_name":"Plague Doctor","floor":21,"gold_loss":0,"cards_obtained":["theForsaken:PlagueCurse"]}],"is_beta":false,"boss_relics":[{"not_picked":["Cursed Key","Velvet Choker"],"picked":"SlaversCollar"}],"items_purged_floors":[],"is_endless":false,"potions_floor_spawned":[12,13,15,27,32],"killed_by":"DF_ARCHETYPE_CLAW","ascension_level":0}}