{"host":"mdbnki27vzqujy5q","time":1610867341,"event":{"mods":["BaseMod","Better Note","Better Skull","Colored Map","Colored Powertips","DeckTracker","Highlight Path","Minty Spire (QoL Compilation)","Quick Restart","Rare Cards Sparkle","StSLib"],"gold_per_floor":[114,64,64,64,88,88,88,88,88,103,138,138,171,190,190,315,315,335,348,19,19,19,63,79,97,121,121,140,154,154,69,69,189,189,214,214,214,214,214],"floor_reached":38,"language":"ENG","playtime":1704,"items_purged":["Defend_G"],"score":516,"play_id":"d70aac74-96bf-4b0e-996a-239fc47935c1","local_time":"20210116230901","is_ascension_mode":true,"campfire_choices":[{"data":"Neutralize","floor":6.0,"key":"SMITH"},{"data":"Quick Slash","floor":8.0,"key":"SMITH"},{"floor":15.0,"key":"REST"},{"floor":27,"key":"REST"},{"data":"Backflip","floor":30,"key":"SMITH"},{"floor":32,"key":"REST"}],"circlet_count":0,"master_deck":["Defend_G","Defend_G","Defend_G","Survivor","Neutralize+1","Quick Slash+1","Poisoned Stab","Flying Knee","Backflip+1","Dagger Throw","Sucker Punch","Unload","Underhanded Strike","Backflip+1","Noxious Fumes+1","Bite","Bite","Bite","Bite","Bite","Leg Sweep","Noxious Fumes+1","Heel Hook","Prepared","Night Terror","Eviscerate+1","Madness","Madness","Mayhem"],"relics":["Ring of the Snake","NeowsBlessing","Golden Idol","Gremlin Horn","Mummified Hand","Vajra","Black Star","Paper Crane","Pen Nib","Torii","MealTicket","Akabeko","Sozu"],"acts_visited":["Exordium","TheCity","TheBeyond"],"potions_floor_usage":[23,23,33],"damage_taken":[{"damage":0.0,"enemies":"Jaw Worm","floor":1.0,"turns":1.0},{"damage":0.0,"enemies":"2 Louse","floor":5.0,"turns":1.0},{"damage":0.0,"enemies":"Small Slimes","floor":10.0,"turns":1.0},{"damage":28.0,"enemies":"Lagavulin","floor":11.0,"turns":6.0},{"damage":0.0,"enemies":"Gremlin Nob","floor":13.0,"turns":3.0},{"damage":0.0,"enemies":"Exordium Thugs","floor":14.0,"turns":2.0},{"damage":23.0,"enemies":"Hexaghost","floor":16.0,"turns":9.0},{"damage":19.0,"enemies":"Shell Parasite","floor":18.0,"turns":5.0},{"damage":19,"enemies":"3 Byrds","floor":19,"turns":6},{"damage":16,"enemies":"Book of Stabbing","floor":23,"turns":6},{"damage":20,"enemies":"Sentry and Sphere","floor":24,"turns":4},{"damage":4,"enemies":"Snake Plant","floor":25,"turns":4},{"damage":10,"enemies":"Centurion and Healer","floor":28,"turns":6},{"damage":26,"enemies":"Shelled Parasite and Fungi","floor":29,"turns":4},{"damage":38,"enemies":"Collector","floor":33,"turns":9},{"damage":19,"enemies":"3 Shapes","floor":35,"turns":3},{"damage":33,"enemies":"3 Darklings","floor":38,"turns":3}],"seed_played":"-2740991433611002462","potions_obtained":[{"floor":12.0,"key":"DistilledChaos"},{"floor":12.0,"key":"CunningPotion"},{"floor":12.0,"key":"EssenceOfSteel"},{"floor":13.0,"key":"Block Potion"},{"floor":14.0,"key":"Strength Potion"},{"floor":18.0,"key":"Energy Potion"},{"floor":33,"key":"FearPotion"}],"is_trial":false,"path_per_floor":["M","?","$","?","M","R","?","R","T","M","E","?","E","M","R","B",null,"M","M","$","?","?","E","M","M","T","R","M","M","R","?","R","B",null,"M","?","?","M"],"character_chosen":"THE_SILENT","items_purchased":["Paper Crane"],"campfire_rested":3,"item_purchase_floors":[20],"current_hp_per_floor":[70,70,70,53,53,53,46,46,46,46,18,18,18,18,39,16,70,51,32,32,32,32,24,16,22,22,36,40,24,24,24,38,14,49,34,28,28,0,0],"gold":214,"neow_bonus":"THREE_ENEMY_KILL","is_daily":false,"chose_seed":false,"campfire_upgraded":3,"win_rate":0.0,"timestamp":1610867341,"path_taken":["M","?","$","?","M","R","?","R","T","M","E","?","E","?","R","BOSS","M","M","?","?","?","E","M","M","T","R","M","?","R","?","R","BOSS","M","?","?","M"],"items_purchased_type":["Relic"],"build_version":"2020-12-22","purchased_purges":1,"victory":false,"max_hp_per_floor":[70,70,70,70,70,70,70,70,70,70,70,70,70,70,70,70,70,70,70,70,70,49,49,49,49,49,49,49,49,49,49,49,49,49,49,49,49,49,49],"card_choices":[{"not_picked":["Acrobatics","Tactician"],"picked":"Quick Slash","floor":1.0},{"not_picked":["Tactician","Skewer"],"picked":"Poisoned Stab","floor":5.0},{"not_picked":["Skewer","Slice"],"picked":"Flying Knee","floor":10.0},{"not_picked":["PiercingWail","Flechettes"],"picked":"Backflip","floor":11.0},{"not_picked":["Acrobatics","Deadly Poison"],"picked":"Dagger Throw","floor":13.0},{"not_picked":["Bane","Adrenaline"],"picked":"Sucker Punch","floor":14.0},{"not_picked":["Bullet Time","Adrenaline"],"picked":"Unload","floor":16.0},{"not_picked":["Deflect","Leg Sweep"],"picked":"Underhanded Strike","floor":18.0},{"not_picked":["Poisoned Stab","Dagger Throw"],"picked":"Backflip+1","floor":19},{"not_picked":["Quick Slash","Slice"],"picked":"Leg Sweep","floor":23},{"not_picked":["Sucker Punch","Eviscerate"],"picked":"Noxious Fumes+1","floor":24},{"not_picked":["Reflex","Escape Plan","Sucker Punch+1"],"picked":"SKIP","floor":25},{"not_picked":["Quick Slash","Crippling Poison+1"],"picked":"Heel Hook","floor":28},{"not_picked":["Setup","Deflect"],"picked":"Prepared","floor":29},{"not_picked":["Storm of Steel","Doppelganger"],"picked":"Night Terror","floor":33},{"not_picked":["Predator","PiercingWail+1"],"picked":"Eviscerate+1","floor":35},{"not_picked":["Trip","Thinking Ahead"],"picked":"Mayhem","floor":37}],"player_experience":99222,"relics_obtained":[{"floor":9.0,"key":"Gremlin Horn"},{"floor":11.0,"key":"Mummified Hand"},{"floor":13.0,"key":"Vajra"},{"floor":23,"key":"Pen Nib"},{"floor":23,"key":"Torii"},{"floor":26,"key":"MealTicket"}],"event_choices":[{"cards_removed":["Defend_G"],"damage_healed":0.0,"max_hp_gain":0.0,"max_hp_loss":0.0,"gold_gain":0.0,"event_name":"The Cleric","player_choice":"Card Removal","floor":2.0,"gold_loss":50.0,"damage_taken":0.0},{"damage_healed":0.0,"max_hp_gain":0.0,"max_hp_loss":0.0,"gold_gain":0.0,"event_name":"Golden Idol","player_choice":"Take Damage","floor":4.0,"gold_loss":0.0,"damage_taken":17.0,"relics_obtained":["Golden Idol"]},{"cards_removed":["Strike_G"],"damage_healed":0.0,"max_hp_gain":0.0,"max_hp_loss":0.0,"gold_gain":0.0,"event_name":"Golden Wing","player_choice":"Card Removal","floor":7.0,"gold_loss":0.0,"damage_taken":7.0},{"damage_healed":0.0,"max_hp_gain":0.0,"max_hp_loss":0.0,"gold_gain":0.0,"event_name":"Lab","player_choice":"Got Potions","floor":12.0,"gold_loss":0.0,"damage_taken":0.0},{"cards_removed":["Underhanded Strike"],"damage_healed":0,"gold_gain":0,"player_choice":"Take \u0026 Give","damage_taken":0,"max_hp_gain":0,"max_hp_loss":0,"event_name":"betterNote:BetterNote","floor":21,"gold_loss":0,"cards_obtained":["Noxious Fumes"]},{"damage_healed":0,"gold_gain":0,"player_choice":"Became a vampire","damage_taken":0,"max_hp_gain":0,"max_hp_loss":21,"event_name":"Vampires","floor":22,"gold_loss":0,"cards_obtained":["Bite","Bite","Bite","Bite","Bite"]},{"damage_healed":0,"gold_gain":0,"player_choice":"Obtained Relic","damage_taken":0,"relics_obtained":["Akabeko"],"max_hp_gain":0,"max_hp_loss":0,"event_name":"Addict","floor":31,"gold_loss":85},{"damage_healed":0,"gold_gain":0,"player_choice":"Embrace Madness","damage_taken":6,"max_hp_gain":0,"max_hp_loss":0,"event_name":"Winding Halls","floor":36,"gold_loss":0,"cards_obtained":["Madness","Madness"]},{"damage_healed":0,"gold_gain":0,"player_choice":"Memory 1","damage_taken":0,"max_hp_gain":0,"max_hp_loss":0,"event_name":"SensoryStone","floor":37,"gold_loss":0}],"is_beta":false,"boss_relics":[{"not_picked":["Coffee Dripper","Velvet Choker"],"picked":"Black Star"},{"not_picked":["Ring of the Serpent","Cursed Key"],"picked":"Sozu"}],"items_purged_floors":[20],"is_endless":false,"potions_floor_spawned":[13,14,18,19,33],"killed_by":"3 Darklings","ascension_level":3}}