{"host":"v1g0lpd6z6lg7is8","time":1610879883,"event":{"mods":["BaseMod","Colored Map","Colored Powertips","Minty Spire (QoL Compilation)","Quick Restart"],"gold_per_floor":[116,116,41,41,41,41,66,66,140,158,169,187,187,210,210,312,312,280,205,220,220,120,120,135,155,155,155,173,173,189,64,64,64,64],"floor_reached":33,"language":"ZHS","playtime":906,"items_purged":["Defend_G","Defend_G","Strike_G"],"score":260,"play_id":"48b23140-c7ca-4afb-bc64-8ef1d3421831","local_time":"20210117183803","is_ascension_mode":false,"campfire_choices":[{"data":"Catalyst","floor":6.0,"key":"SMITH"},{"data":"Neutralize","floor":8.0,"key":"SMITH"},{"data":"Deadly Poison","floor":15.0,"key":"SMITH"},{"data":"Deadly Poison","floor":23,"key":"SMITH"},{"floor":32,"key":"REST"}],"circlet_count":0,"master_deck":["Strike_G+1","Strike_G+1","Defend_G","Defend_G+1","Defend_G","Survivor+1","Neutralize+1","Catalyst+1","Deadly Poison+1","Deadly Poison+1","Bane+1","Bane+1"],"relics":["Ring of the Snake","NeowsBlessing","War Paint","Strawberry","Question Card","Happy Flower","WristBlade","Pear","NlothsMask"],"acts_visited":["Exordium","TheCity"],"potions_floor_usage":[33],"damage_taken":[{"damage":0.0,"enemies":"Jaw Worm","floor":1.0,"turns":1.0},{"damage":0.0,"enemies":"2 Louse","floor":10.0,"turns":1.0},{"damage":0.0,"enemies":"Cultist","floor":11.0,"turns":1.0},{"damage":5.0,"enemies":"Exordium Wildlife","floor":12.0,"turns":4.0},{"damage":34.0,"enemies":"Slime Boss","floor":16.0,"turns":12.0},{"damage":25,"enemies":"2 Thieves","floor":18,"turns":5},{"damage":0,"enemies":"Chosen","floor":20,"turns":3},{"damage":1,"enemies":"Centurion and Healer","floor":24,"turns":5},{"damage":30,"enemies":"Shelled Parasite and Fungi","floor":25,"turns":6},{"damage":8,"enemies":"Snecko","floor":28,"turns":3},{"damage":10,"enemies":"Cultist and Chosen","floor":30,"turns":5},{"damage":60,"enemies":"Champ","floor":33,"turns":6}],"seed_played":"-3520385905050728635","potions_obtained":[{"floor":1.0,"key":"Explosive Potion"},{"floor":11.0,"key":"LiquidMemories"},{"floor":24,"key":"FearPotion"},{"floor":25,"key":"SteroidPotion"}],"is_trial":false,"path_per_floor":["M","?","$","?","?","R","T","R","T","M","M","M","?","T","R","B",null,"M","?","M","?","$","R","M","M","T","?","M","?","M","$","R","B"],"character_chosen":"THE_SILENT","items_purchased":[],"campfire_rested":1,"item_purchase_floors":[],"current_hp_per_floor":[70,63,63,63,49,49,56,56,56,56,56,51,51,51,51,17,77,52,52,52,52,52,52,51,21,31,31,23,23,13,13,39,0,0],"gold":64,"neow_bonus":"THREE_ENEMY_KILL","is_daily":false,"chose_seed":false,"campfire_upgraded":4,"win_rate":0.0,"timestamp":1610879883,"path_taken":["M","?","$","?","?","R","?","R","T","M","M","?","?","?","R","BOSS","M","?","M","?","$","R","M","M","T","?","?","?","?","$","R","BOSS"],"items_purchased_type":[],"build_version":"2020-12-22","purchased_purges":3,"victory":false,"max_hp_per_floor":[70,70,70,70,70,70,77,77,77,77,77,77,77,77,77,77,77,77,77,77,77,77,77,77,77,87,87,87,87,87,87,87,87,87],"card_choices":[{"not_picked":["Crippling Poison","Flying Knee"],"picked":"Catalyst","floor":1.0},{"not_picked":["Acrobatics","Dagger Throw","Blade Dance"],"picked":"Deadly Poison","floor":10.0},{"not_picked":["Venomology","Prepared","Flying Knee","Heel Hook"],"picked":"SKIP","floor":11.0},{"not_picked":["Predator","Outmaneuver","Sucker Punch"],"picked":"Deadly Poison","floor":12.0},{"not_picked":["Dodge and Roll","Flechettes","Sucker Punch","Underhanded Strike"],"picked":"SKIP","floor":18},{"not_picked":["Dagger Spray","Bane","Underhanded Strike+1","Distraction"],"picked":"SKIP","floor":20},{"not_picked":["Die Die Die","Underhanded Strike","Deflect"],"picked":"Bane","floor":24},{"not_picked":["Acrobatics","Dagger Spray+1","Sucker Punch"],"picked":"Bane+1","floor":25},{"not_picked":["Blade Dance","Infinite Blades+1","Acrobatics+1","Underhanded Strike"],"picked":"SKIP","floor":28},{"not_picked":["Underhanded Strike","Backstab+1","Blade Dance","Escape Plan"],"picked":"SKIP","floor":30}],"player_experience":1971340,"relics_obtained":[{"floor":7.0,"key":"Strawberry"},{"floor":9.0,"key":"Question Card"},{"floor":14.0,"key":"Happy Flower"},{"floor":26,"key":"Pear"}],"event_choices":[{"cards_removed":["Strike_G"],"damage_healed":0.0,"max_hp_gain":0.0,"max_hp_loss":0.0,"gold_gain":0.0,"event_name":"Golden Wing","player_choice":"Card Removal","floor":2.0,"gold_loss":0.0,"damage_taken":7.0},{"damage_healed":0.0,"max_hp_gain":0.0,"max_hp_loss":0.0,"gold_gain":0.0,"event_name":"Big Fish","player_choice":"Box","floor":4.0,"gold_loss":0.0,"damage_taken":0.0,"relics_obtained":["War Paint"],"cards_obtained":["Regret"]},{"damage_healed":0.0,"max_hp_gain":0.0,"max_hp_loss":0.0,"gold_gain":0.0,"event_name":"Shining Light","player_choice":"Entered Light","floor":5.0,"gold_loss":0.0,"damage_taken":14.0,"cards_upgraded":["Strike_G","Strike_G"]},{"cards_removed":["Regret"],"damage_healed":0.0,"max_hp_gain":0.0,"max_hp_loss":0.0,"gold_gain":0.0,"event_name":"Living Wall","player_choice":"Forget","floor":13.0,"gold_loss":0.0,"damage_taken":0.0},{"cards_removed":["Strike_G"],"damage_healed":0,"gold_gain":0,"player_choice":"Gave Gold","damage_taken":0,"max_hp_gain":0,"max_hp_loss":0,"event_name":"Beggar","floor":19,"gold_loss":75},{"damage_healed":0,"gold_gain":0,"player_choice":"Ignored","damage_taken":0,"max_hp_gain":0,"max_hp_loss":0,"event_name":"Ghosts","floor":21,"gold_loss":0},{"damage_healed":0,"gold_gain":0,"player_choice":"Forge","damage_taken":0,"max_hp_gain":0,"max_hp_loss":0,"event_name":"Accursed Blacksmith","floor":27,"gold_loss":0,"cards_upgraded":["Bane"]},{"damage_healed":0,"gold_gain":0,"player_choice":"Trade","damage_taken":0,"relics_obtained":["NlothsMask"],"max_hp_gain":0,"max_hp_loss":0,"event_name":"FaceTrader","floor":29,"gold_loss":0}],"is_beta":false,"boss_relics":[{"not_picked":["Snecko Eye","Velvet Choker"],"picked":"WristBlade"}],"items_purged_floors":[3,22,31],"is_endless":false,"potions_floor_spawned":[1,11,24,25],"killed_by":"Champ","ascension_level":0}}