{"host":"r10yh36zs2k9z1sa","time":1610893136,"event":{"mods":["Astrologer","BaseMod","Colored Map","Hermit","Marisa¡]Ãú«B¡@Å]²z¨F¡^","Minty Spire (QoL Compilation)","Permanent Neow","Remilia¡]Á¢¦Ì²ú?¡^","StSLib","The Animator","The Bug Knight","The Cursed","The Gatherer","The Hierophant","The Necromancer","The Runesmith","The Servant 0.9.4"],"gold_per_floor":[114,132,148,148,159,188,188,188,211,211,227,258,258,273,273,369,369,382,393,57,68,87,87,87],"floor_reached":23,"language":"ZHS","playtime":1741,"items_purged":["Regret"],"score":236,"play_id":"0c7bdb63-c60d-4e61-9184-3b3ad91632bd","local_time":"20210117221856","is_ascension_mode":true,"campfire_choices":[{"floor":10,"key":"REST"},{"floor":13,"key":"REST"},{"floor":15,"key":"REST"}],"circlet_count":0,"master_deck":["Strike_S+1","Strike_S+1","Strike_S+1","Strike_S+1","Defend_S","Defend_S","Defend_S","Defend_S","KidneyShot","Exchange","Moondial+1","ShatteredReality","TheWorld","FastForward","Alleviate","FastForward","Defy","BestPractice","Sunlight","SpecialFormula","Contraction","Contraction","Contraction"],"relics":["Uniform","Ice Cream","Dream Catcher","Lantern","Whetstone","Vajra","Molten Egg 2"],"acts_visited":["Exordium","TheCity"],"potions_floor_usage":[6,12,21,23],"damage_taken":[{"damage":1,"enemies":"2 Louse","floor":1,"turns":4},{"damage":0,"enemies":"Small Slimes","floor":2,"turns":3},{"damage":9,"enemies":"Jaw Worm","floor":3,"turns":3},{"damage":10,"enemies":"2 Fungi Beasts","floor":5,"turns":5},{"damage":16,"enemies":"Gremlin Nob","floor":6,"turns":4},{"damage":5,"enemies":"Red Slaver","floor":11,"turns":3},{"damage":5,"enemies":"Lagavulin","floor":12,"turns":5},{"damage":7,"enemies":"Exordium Thugs","floor":14,"turns":2},{"damage":11,"enemies":"The Guardian","floor":16,"turns":11},{"damage":14,"enemies":"2 Thieves","floor":18,"turns":3},{"damage":17,"enemies":"Shell Parasite","floor":19,"turns":6},{"damage":34,"enemies":"Sentry and Sphere","floor":21,"turns":7},{"damage":0,"enemies":"Snecko","floor":22,"turns":7},{"damage":16,"enemies":"Slavers","floor":23,"turns":3}],"seed_played":"693335012677082004","potions_obtained":[{"floor":1,"key":"FearPotion"},{"floor":2,"key":"SpeedPotion"},{"floor":3,"key":"Ancient Potion"},{"floor":6,"key":"DistilledChaos"},{"floor":21,"key":"SpeedPotion"}],"is_trial":false,"path_per_floor":["M","M","M","?","M","E","?","?","T","R","M","E","R","M","R","B",null,"M","M","$","M","M","E"],"character_chosen":"THE_SERVANT","items_purchased":["Molten Egg 2"],"campfire_rested":3,"item_purchase_floors":[20],"current_hp_per_floor":[58,58,49,49,39,23,23,11,11,28,23,18,35,28,45,34,59,45,36,36,7,12,0,0],"gold":87,"neow_bonus":"ONE_RARE_RELIC","is_daily":false,"chose_seed":false,"campfire_upgraded":0,"win_rate":0.0,"timestamp":1610893136,"path_taken":["M","M","M","?","M","E","?","?","T","R","M","E","R","M","R","BOSS","M","M","$","M","M","E"],"items_purchased_type":["Relic"],"build_version":"2020-12-22","purchased_purges":1,"victory":false,"max_hp_per_floor":[59,59,59,59,59,59,59,59,59,59,59,59,59,59,59,59,59,59,59,59,59,59,59,59],"card_choices":[{"not_picked":["Gouge","TimeWarp","Shuttle"],"picked":"SKIP","floor":1},{"not_picked":["Sabotage","Spin"],"picked":"Moondial","floor":2},{"not_picked":["Reset","Potential"],"picked":"ShatteredReality","floor":3},{"not_picked":["SurpressingFire","Foresight"],"picked":"TheWorld","floor":5},{"not_picked":["StarChef","Rearm"],"picked":"FastForward","floor":6},{"not_picked":["ShatteredReality","Starlight"],"picked":"Alleviate","floor":10},{"not_picked":["Rewind","Shuttle","Manipulate"],"picked":"SKIP","floor":11},{"not_picked":["StarChef","Potential"],"picked":"FastForward","floor":12},{"not_picked":["FastForward","Snipe"],"picked":"Defy","floor":14},{"not_picked":["Ricochet","Starlight"],"picked":"BestPractice","floor":15},{"not_picked":["FlawlessForm","TrueSight"],"picked":"Sunlight","floor":16},{"not_picked":["BestPractice","Ricochet+1"],"picked":"SpecialFormula","floor":18},{"not_picked":["Alleviate","Ricochet"],"picked":"Contraction","floor":19},{"not_picked":["Ricochet+1","ShatteredReality+1"],"picked":"Contraction","floor":21},{"not_picked":["GearUp","Alleviate"],"picked":"Contraction","floor":22}],"player_experience":234332,"relics_obtained":[{"floor":6,"key":"Lantern"},{"floor":9,"key":"Whetstone"},{"floor":12,"key":"Vajra"}],"event_choices":[{"damage_healed":0,"gold_gain":0,"player_choice":"Box","damage_taken":0,"relics_obtained":["Dream Catcher"],"max_hp_gain":0,"max_hp_loss":0,"event_name":"Big Fish","floor":4,"gold_loss":0,"cards_obtained":["Regret"]},{"damage_healed":0,"gold_gain":0,"player_choice":"Grow","damage_taken":0,"max_hp_gain":0,"max_hp_loss":0,"event_name":"Living Wall","floor":7,"gold_loss":0,"cards_upgraded":["Moondial"]},{"damage_healed":0,"gold_gain":0,"player_choice":"Entered Light","damage_taken":12,"max_hp_gain":0,"max_hp_loss":0,"event_name":"Shining Light","floor":8,"gold_loss":0,"cards_upgraded":["Strike_S","Strike_S"]}],"is_beta":false,"boss_relics":[{"not_picked":["Ectoplasm","Velvet Choker","Runic Dome"]}],"items_purged_floors":[20],"is_endless":false,"potions_floor_spawned":[1,2,3,6,21],"killed_by":"Slavers","ascension_level":3}}