{"host":"w23c85yopnejbyem","time":1610880691,"event":{"mods":["100% Spire Juice","2.2 Compatiblity","AchievementEnabler","Act Like it!","Arknights The Spire","BaseMod","Beaked The Cultist","BetterRewards","CapriCore","ChefMod","Colored Map","Colored Powertips","Conspire","Downfall-Rebalance","Duelist Mod","Elementarium","Gensokyo","GifTheSpireLib","Halation","Hallownest","Hermit","Highlight Path","JesterMod","KinomotoSakuraMod(????)","Luminous","Menagerie","Mimic Mod","Minty Spire (QoL Compilation)","Permanent Neow","Quarter Circle Forward PUNCH!","Quick Restart","Replay The Spire","Robot Space Explorer","Shade Mod","Shedinja","Shop Mod","Spicy Shops","Spikes Relics","StS++","StSLib","Stuff the Spire","The Animator","The Blue Laboratory","The Bug Knight","The Dragon Tamer","The Edgeheg","The Fake Hero","The Immortal","The Marked","The Mystic","The Senshi","The Trickster","TheSwordswoman","TheVacant","TheVelvet","Useless Jewels Mod","Yakumo Yukari mod","??????REMEMod"],"gold_per_floor":[365,365,86,86,120,152,168,183,256,256,285,300,325,336,336,433,433,448,548,561,84,98,98,98,110,137,137,17,37,37,37,37,37,37],"floor_reached":33,"language":"ENG","playtime":2322,"items_purged":["DTMod:Strike"],"score":392,"play_id":"29af5fd8-5a90-4755-a838-a40017f52799","local_time":"20210117105131","is_ascension_mode":false,"campfire_choices":[{"floor":10,"key":"REST"},{"data":"MokouMod:HouraiForge","floor":15,"key":"SMITH"},{"data":"MokouMod:Ventilation","floor":23,"key":"SMITH"},{"floor":27,"key":"REST"},{"floor":32,"key":"REST"}],"circlet_count":0,"master_deck":["MokouMod:Strike","MokouMod:Strike","MokouMod:Strike","MokouMod:Strike","MokouMod:Strike","MokouMod:Defend","MokouMod:Defend","MokouMod:Defend","MokouMod:Defend","MokouMod:HeatSpark","hexamod:VolcanoVisage","animator:Strike_GATE","MokouMod:Afterburner","hexamod:VolcanoVisage","MokouMod:Ember","MokouMod:Ventilation+1","MokouMod:BurningDraft","MokouMod:SearingBlow+2","MokouMod:HouraiForge+1","MokouMod:Refresh","MokouMod:HouraiForge","MokouMod:TemporalFireSeal","BlessedFruit","BlessedFruit","MokouMod:TemporalFireSeal+1"],"relics":["MokouMod:PhoenixFeather","REME_ComplimentaryCards","Gensokyo:CelestialsFlawlessClothing","DollysMirror","Du-Vu Doll","Pear","StuffTheSpire:Tea","halation:VictoryRuler","Simple Rune","ReplayFunnel","SlaversCollar","WingedGreaves","HeavenlyBonsai","halation:TwoAmDonut","halation:Thesaurus","halation:LettersToHer","Gensokyo:LionMask","Gensokyo:DirgeOfMelancholy"],"acts_visited":["Gensokyo:Gensokyo","Gensokyo:Gensokyoer"],"potions_floor_usage":[8,11,13,16,16,25,25,25,30],"damage_taken":[{"damage":12,"enemies":"Gensokyo:2_Kodama","floor":1,"turns":5},{"damage":28,"enemies":"Gensokyo:Cirno","floor":6,"turns":8},{"damage":6,"enemies":"Gensokyo:Python","floor":7,"turns":3},{"damage":4,"enemies":"Gensokyo:3_Fairies","floor":8,"turns":6},{"damage":8,"enemies":"Gensokyo:Mamizou","floor":11,"turns":8},{"damage":27,"enemies":"Gensokyo:LivingMonolith","floor":12,"turns":4},{"damage":33,"enemies":"Gensokyo:Aya","floor":13,"turns":10},{"damage":28,"enemies":"Gensokyo:2_Rabbits","floor":14,"turns":4},{"damage":58,"enemies":"Gensokyo:Kokoro","floor":16,"turns":16},{"damage":4,"enemies":"Gensokyo:Chomper","floor":18,"turns":3},{"damage":23,"enemies":"Gensokyo:Chomper","floor":19,"turns":8},{"damage":8,"enemies":"Gensokyo:2_Gloops","floor":20,"turns":4},{"damage":27,"enemies":"Gensokyo:Wraith","floor":22,"turns":5},{"damage":29,"enemies":"Gensokyo:Slime_Group","floor":25,"turns":7},{"damage":17,"enemies":"Gensokyo:Chomper_and_Gloop","floor":29,"turns":6},{"damage":0,"enemies":"Gensokyo:Wraith","floor":30,"turns":1},{"damage":446,"enemies":"Gensokyo:Eiki","floor":33,"turns":21}],"seed_played":"6481527873411827909","potions_obtained":[{"floor":6,"key":"blueLaboratory:FruitPunch"},{"floor":7,"key":"blueLaboratory:BubblePotion"},{"floor":8,"key":"blueLaboratory:LouseDecoction"},{"floor":11,"key":"blueLaboratory:TrueEctoplasm"},{"floor":13,"key":"blueLaboratory:FrostheartPotion"},{"floor":19,"key":"blueLaboratory:RecallPotion"}],"is_trial":false,"path_per_floor":["M","?","COS","?","?","E","M","M","T","R","E","M","E","M","R","B",null,"M","?","M","$","M","R","T","M","T","R","?","M","M","?","R","B"],"character_chosen":"MKU","items_purchased":["BargainBundle","halation:TwoAmDonut","halation:Thesaurus","PowerPotion","Energy Potion"],"campfire_rested":3,"item_purchase_floors":[21,21,21,21,21],"current_hp_per_floor":[63,45,45,45,45,27,21,19,19,45,37,10,64,36,36,67,87,83,60,54,54,29,29,29,2,2,29,29,14,14,14,42,0,0],"gold":37,"neow_bonus":"TWO_FIFTY_GOLD","is_daily":false,"chose_seed":false,"campfire_upgraded":2,"win_rate":0.0,"timestamp":1610880691,"path_taken":["M","?","COS","?","?","E","M","M","T","R","E","M","E","M","R","BOSS","M","?","M","?","M","R","?","?","T","R","?","M","?","?","R","BOSS"],"items_purchased_type":["Relic","Relic","Relic","Potion","Potion"],"build_version":"2020-12-22","purchased_purges":1,"victory":false,"max_hp_per_floor":[75,75,75,75,75,85,85,87,87,87,87,87,87,87,87,87,87,87,87,89,89,91,91,91,93,93,93,93,95,95,95,95,97,97],"card_choices":[{"not_picked":["MokouMod:FlamingFireTalons","MokouMod:DanceofFlames"],"picked":"MokouMod:Afterburner","floor":1},{"not_picked":["MokouMod:Firecracker","MokouMod:FujiyamaVolcano"],"picked":"MokouMod:Ember","floor":5},{"not_picked":["MokouMod:FujiyamaVolcano","MokouMod:UncontrollableSolarReaction","MokouMod:HeartofFire"],"picked":"SKIP","floor":6},{"not_picked":["MokouMod:TemporalFireSeal","MokouMod:Singe","MokouMod:BlazingComet"],"picked":"SKIP","floor":7},{"not_picked":["MokouMod:SpontaneousHumanCombustion","MokouMod:Geothermal"],"picked":"MokouMod:Ventilation","floor":8},{"not_picked":["MokouMod:Firecracker","MokouMod:Fireball"],"picked":"MokouMod:BurningDraft","floor":8},{"not_picked":["MokouMod:Overheat","MokouMod:Firecracker"],"picked":"MokouMod:SearingBlow","floor":11},{"not_picked":["MokouMod:Fireball","MokouMod:Ember","MokouMod:Firecracker"],"picked":"SKIP","floor":12},{"not_picked":["MokouMod:FujiyamaVolcano","MokouMod:RadiantBlade"],"picked":"MokouMod:HouraiForge","floor":13},{"not_picked":["MokouMod:IgneousBlow","MokouMod:ImperishableFlame"],"picked":"MokouMod:Refresh","floor":14},{"not_picked":["MokouMod:BurningHiddenBullet","MokouMod:Extinguish"],"picked":"MokouMod:HouraiForge","floor":16},{"not_picked":["MokouMod:Firecracker","MokouMod:HeatTransfer"],"picked":"MokouMod:TemporalFireSeal","floor":18},{"not_picked":["MokouMod:ResoluteFlare","MokouMod:ScorchingColumn"],"picked":"MokouMod:TemporalFireSeal+1","floor":19},{"not_picked":["MokouMod:HeatCyclone","MokouMod:TemporalFireSeal","MokouMod:CrimsonArmoury"],"picked":"SKIP","floor":20},{"not_picked":["MokouMod:ResoluteFlare","MokouMod:IgnitionBarrier","MokouMod:HeartofFire+1"],"picked":"SKIP","floor":22},{"not_picked":["MokouMod:Ember","MokouMod:TemporalFireSeal","MokouMod:ResoluteFlare"],"picked":"SKIP","floor":25},{"not_picked":["MokouMod:EternalBurstReactor","MokouMod:IndiscriminateIgnition","MokouMod:RoaringFlare"],"picked":"SKIP","floor":29}],"player_experience":487596,"relics_obtained":[{"floor":5,"key":"Du-Vu Doll"},{"floor":6,"key":"Pear"},{"floor":9,"key":"StuffTheSpire:Tea"},{"floor":11,"key":"Simple Rune"},{"floor":13,"key":"ReplayFunnel"},{"floor":19,"key":"WingedGreaves"},{"floor":19,"key":"HeavenlyBonsai"},{"floor":26,"key":"halation:LettersToHer"}],"event_choices":[],"is_beta":false,"boss_relics":[{"not_picked":["StSpp:CrystalBall","Snecko Eye"],"picked":"SlaversCollar"}],"items_purged_floors":[21],"is_endless":false,"potions_floor_spawned":[6,7,8,11,13,19,22,25,30],"killed_by":"Gensokyo:Eiki","ascension_level":0}}