{"host":"yqa5il53nhlo2jdd","time":1610895474,"event":{"mods":["AchievementEnabler","Arknights The Spire","BaseMod","BetterRewards","Minty Spire (QoL Compilation)","StSLib","[IsaacMod]ÒÔÈö¼âËþ"],"gold_per_floor":[110,129,4,76,76,76,139,139,164,177,23,23,23,36,36,155,155,170,20,90,105,105,105,105,138,165,13,37,37,76,101,101,222,285,306,324,324,347,410,410,743,777,846,846,874,494,494,494,494,494],"floor_reached":51,"language":"ZHS","playtime":2191,"items_purged":["ats:Strike V","ats:Strike G","ats:Armor Crushing Shot","ats:Strike S","ats:Defend"],"score":1503,"play_id":"008f5924-8239-49da-9c7b-f3c63196c93f","local_time":"20210117225754","is_ascension_mode":true,"campfire_choices":[{"data":"ats:Soul Absorption","floor":6.0,"key":"SMITH"},{"data":"ats:Emotion Absorption","floor":15.0,"key":"SMITH"},{"data":"ats:Burning Ground","floor":23.0,"key":"SMITH"},{"data":"ats:Mental Burst","floor":29.0,"key":"SMITH"},{"floor":32.0,"key":"REST"},{"floor":40,"key":"REST"},{"data":"ats:Defend","floor":44,"key":"SMITH"},{"data":"ats:Strike C","floor":49,"key":"SMITH"}],"circlet_count":0,"master_deck":["ats:Strike C+1","ats:Defend+1","ats:Defend+1","ats:Emotion Absorption+1","ats:Mental Burst+1","ats:Soul Absorption+1","ats:Burning Ground+1","Flash of Steel+1"],"relics":["ats:Sanity","HushsDoor","BelialBook","Happy Flower","ats:Lavender","ats:Hidden Killer","Vajra","Busted Crown","MutagenicStrength","ats:Originium","SharpPlug","Strawberry","TheAbacus","Bottled Flame","Tiny House","GuppysHead","UnicornStump","The Courier","CeramicFish","Lantern","Nunchaku"],"acts_visited":["Exordium","TheCity","TheBeyond"],"potions_floor_usage":[50,50,50,50],"damage_taken":[{"damage":7.0,"enemies":"2 Louse","floor":1.0,"turns":2.0},{"damage":1.0,"enemies":"Cultist","floor":2.0,"turns":3.0},{"damage":0.0,"enemies":"3 Sentries","floor":7.0,"turns":3.0},{"damage":2.0,"enemies":"Jaw Worm","floor":10.0,"turns":3.0},{"damage":2.0,"enemies":"3 Louse","floor":14.0,"turns":2.0},{"damage":1.0,"enemies":"Hexaghost","floor":16.0,"turns":6.0},{"damage":0.0,"enemies":"3 Byrds","floor":18.0,"turns":2.0},{"damage":1.0,"enemies":"2 Thieves","floor":21.0,"turns":3.0},{"damage":2.0,"enemies":"Slavers","floor":25.0,"turns":3.0},{"damage":15.0,"enemies":"Snake Plant","floor":28.0,"turns":3.0},{"damage":0.0,"enemies":"Gremlin Leader","floor":30.0,"turns":3.0},{"damage":0.0,"enemies":"Snecko","floor":31.0,"turns":3.0},{"damage":0.0,"enemies":"Collector","floor":33.0,"turns":6.0},{"damage":0.0,"enemies":"3 Darklings","floor":35.0,"turns":2.0},{"damage":7.0,"enemies":"3 Shapes","floor":36.0,"turns":2.0},{"damage":3,"enemies":"Writhing Mass","floor":38,"turns":3},{"damage":18,"enemies":"Mind Bloom Boss Battle","floor":39,"turns":5},{"damage":0,"enemies":"Giant Head","floor":42,"turns":6},{"damage":0,"enemies":"Nemesis","floor":45,"turns":4},{"damage":17,"enemies":"Donu and Deca","floor":50,"turns":6}],"seed_played":"5440774147352832989","potions_obtained":[{"floor":2.0,"key":"DistilledChaos"},{"floor":7.0,"key":"SkillPotion"},{"floor":10.0,"key":"PowerPotion"},{"floor":16.0,"key":"LiquidMemories"},{"floor":21.0,"key":"Explosive Potion"},{"floor":25.0,"key":"EntropicBrew"},{"floor":30.0,"key":"Ancient Potion"},{"floor":34.0,"key":"Energy Potion"}],"is_trial":false,"path_per_floor":["M","M","$","?","?","R","?","?","T","M","$","T","?","M","R","B",null,"M","$","?","M","?","R","?","E","T","$","M","R","E","M","R","B",null,"M","M","?","M","?","R","?","E","T","R","E","$","?","?","R","B",null],"character_chosen":"DOCTOR_CLASS","items_purchased":["ats:Mental Burst","Happy Flower","ats:Soul Absorption","ats:Burning Ground","Vajra","TheAbacus","Lantern","Nunchaku"],"campfire_rested":2,"item_purchase_floors":[0,0,0,0,11,27,46,46],"current_hp_per_floor":[65,64,64,49,49,49,51,51,51,51,51,51,51,50,50,55,64,65,65,50,53,53,53,53,54,61,61,49,49,51,53,74,74,79,79,73,73,73,59,79,79,79,79,79,79,79,79,79,79,64],"gold":494,"neow_bonus":"","is_daily":false,"chose_seed":false,"campfire_upgraded":6,"win_rate":0.0,"timestamp":1610895474,"path_taken":["M","M","$","?","?","R","?","?","T","?","$","?","?","M","R","BOSS","M","$","?","?","?","R","?","E","T","?","M","R","E","M","R","BOSS","M","M","?","?","?","R","?","E","T","R","E","$","?","?","R","BOSS"],"items_purchased_type":["Card","Relic","Card","Card","Relic","Relic","Relic","Relic"],"build_version":"2020-12-22","purchased_purges":5,"victory":true,"max_hp_per_floor":[72,72,72,72,72,72,72,67,67,67,67,67,67,67,67,67,67,67,67,67,67,67,67,67,67,74,74,74,74,74,74,74,74,79,79,79,79,79,79,79,79,79,79,79,79,79,79,79,79,79],"card_choices":[{"not_picked":["ats:Poison Spread","ats:Thermite Blade","ats:Powerful Strike"],"picked":"SKIP","floor":1.0},{"not_picked":["ats:Flexible Camouflage","ats:Hammer On","ats:Ignite"],"picked":"SKIP","floor":2.0},{"not_picked":["ats:Shell Defense","ats:Flexible Camouflage","ats:Explosion Area Strengthen"],"picked":"SKIP","floor":10.0},{"not_picked":["ats:Support Order","ats:Childhood Dance","ats:Shell Defense"],"picked":"SKIP","floor":14.0},{"not_picked":["ats:Assault Order"],"picked":"SKIP","floor":18.0},{"not_picked":["ats:Assault Order"],"picked":"SKIP","floor":21.0},{"not_picked":["ats:Nebulous Foxfire"],"picked":"SKIP","floor":25.0},{"not_picked":["ats:Flexible Camouflage"],"picked":"SKIP","floor":28.0},{"not_picked":["ats:Blood Oath"],"picked":"SKIP","floor":30.0},{"not_picked":["ats:Flame Of Heaven"],"picked":"SKIP","floor":31.0},{"not_picked":["ats:Flexible Camouflage"],"picked":"SKIP","floor":35.0},{"not_picked":["ats:Curse Doll"],"picked":"SKIP","floor":36.0},{"not_picked":["ats:Support Order"],"picked":"SKIP","floor":38},{"not_picked":["ats:Thermite Blade"],"picked":"SKIP","floor":42},{"not_picked":["ats:Dogmatic Field"],"picked":"SKIP","floor":45}],"player_experience":678192,"relics_obtained":[{"floor":9.0,"key":"ats:Hidden Killer"},{"floor":25.0,"key":"ats:Originium"},{"floor":25.0,"key":"SharpPlug"},{"floor":26.0,"key":"Strawberry"},{"floor":30.0,"key":"ats:Originium"},{"floor":30.0,"key":"Bottled Flame"},{"floor":39,"key":"GuppysHead"},{"floor":42,"key":"ats:Originium"},{"floor":42,"key":"UnicornStump"},{"floor":43,"key":"The Courier"},{"floor":45,"key":"CeramicFish"}],"event_choices":[{"damage_healed":0.0,"max_hp_gain":0.0,"max_hp_loss":0.0,"gold_gain":0.0,"event_name":"Match and Keep!","player_choice":"1 cards matched","floor":5.0,"gold_loss":0.0,"damage_taken":0.0,"cards_obtained":["Flash of Steel"]},{"damage_healed":0.0,"max_hp_gain":0.0,"max_hp_loss":0.0,"gold_gain":0.0,"event_name":"Dead Adventurer","player_choice":"Searched \u00273\u0027 times","floor":7.0,"gold_loss":0.0,"damage_taken":0.0,"relics_obtained":["ats:Lavender"]},{"damage_healed":0.0,"max_hp_gain":0.0,"max_hp_loss":5.0,"gold_gain":0.0,"event_name":"Golden Idol","player_choice":"Lose Max HP","floor":8.0,"gold_loss":0.0,"damage_taken":0.0,"relics_obtained":["Golden Idol"]},{"damage_healed":0.0,"max_hp_gain":0.0,"max_hp_loss":0.0,"gold_gain":0.0,"event_name":"Liars Game","player_choice":"Ignored","floor":13.0,"gold_loss":0.0,"damage_taken":0.0},{"cards_removed":["ats:Defend"],"damage_healed":0.0,"max_hp_gain":0.0,"max_hp_loss":0.0,"gold_gain":0.0,"event_name":"Purifier","player_choice":"Purged","floor":22.0,"gold_loss":0.0,"damage_taken":0.0},{"damage_healed":0.0,"max_hp_gain":0.0,"max_hp_loss":0.0,"gold_gain":0.0,"event_name":"Drug Dealer","player_choice":"Inject Mutagens","floor":24.0,"gold_loss":0.0,"damage_taken":0.0,"relics_obtained":["MutagenicStrength"]},{"damage_healed":0,"gold_gain":0,"player_choice":"Forge","damage_taken":0,"max_hp_gain":0,"max_hp_loss":0,"event_name":"Accursed Blacksmith","floor":37,"gold_loss":0,"cards_upgraded":["Flash of Steel"]},{"damage_healed":0,"gold_gain":0,"player_choice":"Fight","damage_taken":0,"max_hp_gain":0,"max_hp_loss":0,"event_name":"MindBloom","floor":39,"gold_loss":0},{"damage_healed":0,"gold_gain":333,"player_choice":"Gave Idol","damage_taken":0,"max_hp_gain":0,"max_hp_loss":0,"event_name":"The Moai Head","floor":41,"relics_lost":["Golden Idol"],"gold_loss":0},{"damage_healed":0,"gold_gain":0,"player_choice":"Ignored","damage_taken":0,"max_hp_gain":0,"max_hp_loss":0,"event_name":"Tomb of Lord Red Mask","floor":47,"gold_loss":0},{"damage_healed":0,"gold_gain":0,"player_choice":"Memory 1","damage_taken":0,"max_hp_gain":0,"max_hp_loss":0,"event_name":"SensoryStone","floor":48,"gold_loss":0}],"is_beta":false,"boss_relics":[{"not_picked":["Runic Dome","Philosopher\u0027s Stone"],"picked":"Busted Crown"},{"not_picked":[]},{"not_picked":["Calling Bell","Velvet Choker"],"picked":"Tiny House"},{"not_picked":[]}],"items_purged_floors":[0,0,3,19,46],"is_endless":false,"potions_floor_spawned":[2,7,10,16,21,25,30,35,36],"ascension_level":5}}