{"host":"dhyczjm99amxd3qx","time":1610920716,"event":{"mods":["BaseMod","Colored Map","Googly Eyes","Highlight Path","Minty Spire (QoL Compilation)","Quick Restart","StSLib"],"gold_per_floor":[20,35,35,35,54,80,80,106,132,145,145,178,194,194,194,291,291,307,319,319,319],"floor_reached":20,"language":"ENG","playtime":1183,"items_purged":[],"score":285,"play_id":"87fb5504-6104-4d64-9a0d-4b4bf499eaa5","local_time":"20210117165836","is_ascension_mode":true,"campfire_choices":[{"data":"Zap","floor":7.0,"key":"SMITH"},{"floor":11,"key":"REST"},{"data":"Steam","floor":15,"key":"SMITH"}],"circlet_count":0,"master_deck":["Strike_B","Strike_B+1","Strike_B+1","Defend_B","Defend_B","Defend_B","Defend_B","Zap+1","Dualcast","Capacitor","Fusion+1","Go for the Eyes","Steam+1","Machine Learning","Chaos","Chill"],"relics":["Cracked Core","FossilizedHelix","Whetstone","Orichalcum","Boot","Molten Egg 2","SlaversCollar"],"acts_visited":["Exordium","TheCity"],"potions_floor_usage":[12],"damage_taken":[{"damage":0.0,"enemies":"Cultist","floor":1.0,"turns":4.0},{"damage":0.0,"enemies":"Jaw Worm","floor":2.0,"turns":4.0},{"damage":0.0,"enemies":"2 Louse","floor":5.0,"turns":3.0},{"damage":18.0,"enemies":"Gremlin Nob","floor":6.0,"turns":4.0},{"damage":35.0,"enemies":"3 Sentries","floor":8.0,"turns":9.0},{"damage":0,"enemies":"Looter","floor":10,"turns":3},{"damage":0,"enemies":"Gremlin Nob","floor":12,"turns":3},{"damage":0,"enemies":"2 Fungi Beasts","floor":13,"turns":3},{"damage":36,"enemies":"The Guardian","floor":16,"turns":14},{"damage":16,"enemies":"2 Thieves","floor":18,"turns":5},{"damage":11,"enemies":"Spheric Guardian","floor":19,"turns":5},{"damage":47,"enemies":"Masked Bandits","floor":20,"turns":3}],"seed_played":"-7997279219339361105","potions_obtained":[{"floor":1.0,"key":"Swift Potion"},{"floor":5.0,"key":"Energy Potion"},{"floor":10,"key":"DistilledChaos"},{"floor":16,"key":"Strength Potion"},{"floor":18,"key":"Strength Potion"}],"is_trial":false,"path_per_floor":["M","M","?","?","M","E","R","E","T","M","R","E","M","?","R","B",null,"M","M","?"],"character_chosen":"DEFECT","items_purchased":[],"campfire_rested":1,"item_purchase_floors":[],"current_hp_per_floor":[68,68,68,73,73,55,55,20,20,20,44,44,44,37,37,1,60,44,33,0,0],"gold":319,"neow_bonus":"ONE_RARE_RELIC","is_daily":false,"chose_seed":false,"campfire_upgraded":2,"win_rate":0.0,"timestamp":1610920716,"path_taken":["M","M","?","?","M","E","R","E","T","M","R","E","M","?","R","BOSS","M","M","?"],"items_purchased_type":[],"build_version":"2020-12-22","purchased_purges":0,"victory":false,"max_hp_per_floor":[75,75,75,80,80,80,80,80,80,80,80,80,80,80,80,80,80,80,80,80,80],"card_choices":[{"not_picked":["White Noise","Skim"],"picked":"Capacitor","floor":1.0},{"not_picked":["White Noise","Barrage"],"picked":"Fusion","floor":2.0},{"not_picked":["White Noise","Auto Shields","Turbo"],"picked":"SKIP","floor":5.0},{"not_picked":["Barrage","Streamline"],"picked":"Go for the Eyes","floor":6.0},{"not_picked":["Sunder","Barrage"],"picked":"Steam","floor":8.0},{"not_picked":["Sunder","Rebound","Tempest"],"picked":"SKIP","floor":10},{"not_picked":["Turbo","Static Discharge","Coolheaded"],"picked":"SKIP","floor":12},{"not_picked":["Heatsinks","White Noise","Stack"],"picked":"SKIP","floor":13},{"not_picked":["Biased Cognition","Seek"],"picked":"Machine Learning","floor":16},{"not_picked":["Cold Snap+1","Defragment"],"picked":"Chaos","floor":18},{"not_picked":["Conserve Battery","Compile Driver+1"],"picked":"Chill","floor":19}],"player_experience":332499,"relics_obtained":[{"floor":6.0,"key":"Whetstone"},{"floor":8.0,"key":"Orichalcum"},{"floor":9,"key":"Boot"},{"floor":12,"key":"Molten Egg 2"}],"event_choices":[{"damage_healed":0.0,"max_hp_gain":0.0,"max_hp_loss":0.0,"gold_gain":0.0,"event_name":"Living Wall","player_choice":"Grow","floor":3.0,"gold_loss":0.0,"damage_taken":0.0,"cards_upgraded":["Fusion"]},{"damage_healed":0.0,"max_hp_gain":5.0,"max_hp_loss":0.0,"gold_gain":0.0,"event_name":"Big Fish","player_choice":"Donut","floor":4.0,"gold_loss":0.0,"damage_taken":0.0},{"cards_removed":["Strike_B"],"damage_healed":0,"gold_gain":0,"player_choice":"Card Removal","damage_taken":7,"max_hp_gain":0,"max_hp_loss":0,"event_name":"Golden Wing","floor":14,"gold_loss":0},{"damage_healed":0,"gold_gain":0,"player_choice":"Fought Bandits","damage_taken":0,"max_hp_gain":0,"max_hp_loss":0,"event_name":"Masked Bandits","floor":20,"gold_loss":0}],"is_beta":false,"boss_relics":[{"not_picked":["Runic Pyramid","Philosopher\u0027s Stone"],"picked":"SlaversCollar"}],"items_purged_floors":[],"is_endless":false,"potions_floor_spawned":[1,5,10,16,18],"killed_by":"Masked Bandits","ascension_level":6}}