{"host":"6jrd8fn9k88n08be","time":1610856103,"event":{"mods":["BaseMod","Minty Spire (QoL Compilation)","StSLib"],"gold_per_floor":[115,115,115,128,15,47,47,61,112,132,152,152,152,152,152,257,257,271,146,162,162,176,176,209,209,258,258,258],"floor_reached":27,"language":"ENG","playtime":1428,"items_purged":["Strike_G"],"score":254,"play_id":"037fbf32-6c30-46f4-bb12-d8233a06e3a9","local_time":"20210116230143","is_ascension_mode":true,"campfire_choices":[{"data":"Choke","floor":7,"key":"SMITH"},{"data":"Envenom","floor":12,"key":"SMITH"},{"data":"Blade Dance","floor":15,"key":"SMITH"},{"data":"Underhanded Strike","floor":23,"key":"SMITH"},{"floor":25,"key":"REST"}],"circlet_count":0,"master_deck":["Strike_G","Strike_G","Defend_G","Defend_G","Defend_G","Defend_G","Defend_G","Survivor","Neutralize","Acrobatics","Underhanded Strike+1","Deflect","Choke+1","Blade Dance+1","Envenom+1","PiercingWail","Envenom","Quick Slash+1","Infinite Blades","Blade Dance+1"],"relics":["Busted Crown","Smiling Mask","Omamori","Sundial","Toxic Egg 2","Cursed Key","Gremlin Horn"],"acts_visited":["Exordium","TheCity"],"potions_floor_usage":[6,16,20],"damage_taken":[{"damage":0,"enemies":"Small Slimes","floor":1,"turns":4},{"damage":0,"enemies":"Jaw Worm","floor":4,"turns":4},{"damage":13,"enemies":"Gremlin Nob","floor":6,"turns":3},{"damage":0,"enemies":"Cultist","floor":8,"turns":2},{"damage":6,"enemies":"Gremlin Gang","floor":10,"turns":5},{"damage":0,"enemies":"Looter","floor":11,"turns":2},{"damage":35,"enemies":"Slime Boss","floor":16,"turns":9},{"damage":0,"enemies":"Chosen","floor":18,"turns":4},{"damage":19,"enemies":"Shell Parasite","floor":20,"turns":3},{"damage":15,"enemies":"Cultist and Chosen","floor":22,"turns":5},{"damage":14,"enemies":"Gremlin Leader","floor":24,"turns":5},{"damage":48,"enemies":"Slavers","floor":27,"turns":3}],"seed_played":"-136305853263872319","potions_obtained":[{"floor":1,"key":"LiquidMemories"},{"floor":10,"key":"Poison Potion"},{"floor":16,"key":"Swift Potion"},{"floor":20,"key":"SteroidPotion"}],"is_trial":false,"path_per_floor":["M","?","$","M","$","E","R","M","T","M","M","R","T","?","R","B",null,"M","$","M","?","M","R","E","R","T","E"],"character_chosen":"THE_SILENT","items_purchased":["Choke","Blade Dance","Infinite Blades"],"campfire_rested":1,"item_purchase_floors":[5,5,19],"current_hp_per_floor":[70,70,70,70,70,57,57,57,57,51,51,51,51,51,51,16,70,70,70,51,51,36,36,22,43,43,0,0],"gold":258,"neow_bonus":"BOSS_RELIC","is_daily":false,"chose_seed":false,"campfire_upgraded":4,"win_rate":0.0,"timestamp":1610856103,"path_taken":["M","?","$","M","$","E","R","M","T","M","M","R","?","?","R","BOSS","M","$","M","?","M","R","E","R","T","E"],"items_purchased_type":["Card","Card","Card"],"build_version":"2020-12-22","purchased_purges":1,"victory":false,"max_hp_per_floor":[70,70,70,70,70,70,70,70,70,70,70,70,70,70,70,70,70,70,70,70,70,70,70,70,70,70,70,70],"card_choices":[{"not_picked":[],"picked":"Acrobatics","floor":1},{"not_picked":[],"picked":"Deflect","floor":4},{"not_picked":["Dagger Spray"],"picked":"SKIP","floor":6},{"not_picked":["Outmaneuver"],"picked":"SKIP","floor":8},{"not_picked":[],"picked":"Envenom","floor":10},{"not_picked":[],"picked":"PiercingWail","floor":11},{"not_picked":[],"picked":"Envenom","floor":16},{"not_picked":[],"picked":"Quick Slash+1","floor":18},{"not_picked":[],"picked":"Blade Dance+1","floor":20},{"not_picked":["Quick Slash"],"picked":"SKIP","floor":22},{"not_picked":["Flying Knee+1"],"picked":"SKIP","floor":24}],"player_experience":75258,"relics_obtained":[{"floor":6,"key":"Smiling Mask"},{"floor":9,"key":"Omamori"},{"floor":13,"key":"Sundial"},{"floor":24,"key":"Gremlin Horn"}],"event_choices":[{"damage_healed":0,"gold_gain":0,"cards_transformed":["Strike_G"],"player_choice":"Change","damage_taken":0,"max_hp_gain":0,"max_hp_loss":0,"event_name":"Living Wall","floor":2,"gold_loss":0,"cards_obtained":["Underhanded Strike"]},{"damage_healed":0,"gold_gain":0,"player_choice":"Box","damage_taken":0,"relics_obtained":["Toxic Egg 2"],"max_hp_gain":0,"max_hp_loss":0,"event_name":"Big Fish","floor":14,"gold_loss":0,"cards_obtained":["Regret"]},{"cards_removed":["Strike_G"],"damage_healed":0,"gold_gain":0,"player_choice":"Offered Basic","damage_taken":0,"max_hp_gain":0,"max_hp_loss":0,"event_name":"Bonfire Elementals","floor":21,"gold_loss":0}],"is_beta":false,"boss_relics":[{"not_picked":["Sozu","Runic Pyramid"],"picked":"Cursed Key"}],"items_purged_floors":[19],"is_endless":false,"potions_floor_spawned":[1,10,16,20],"killed_by":"Slavers","ascension_level":2}}