{"host":"ydg0vn0pu4pubmdt","time":1610902969,"event":{"mods":["AchievementEnabler","BaseMod","Colored Map","Gold Saver","Minty Spire (QoL Compilation)","Quick Restart","SuperFastMode"],"gold_per_floor":[872,872,947,672,622,656,676,676,676,688,700,250,250,250,250,351,351,370,87,100,112,211,244,244,244,244,259,288,238,258,258,258,359,359,377,426,426,426,444,444,478,478,478,478,491,491,491,491,491,491],"floor_reached":51,"language":"KOR","playtime":8415,"items_purged":["Regret","Strike_B","Strike_B","Defend_B"],"score":1017,"play_id":"3881f6ed-d6ae-4721-aa6c-bfe4e8bb842d","local_time":"20210118020249","is_ascension_mode":true,"campfire_choices":[{"floor":8.0,"key":"REST"},{"data":"Zap","floor":15.0,"key":"SMITH"},{"data":"Defragment","floor":24.0,"key":"SMITH"},{"floor":32.0,"key":"REST"},{"data":"Defend_B","floor":40.0,"key":"PURGE"},{"data":"Turbo","floor":42.0,"key":"SMITH"},{"data":"Reboot","floor":44.0,"key":"SMITH"},{"data":"Double Energy","floor":47.0,"key":"SMITH"},{"data":"Defend_B+1","floor":49.0,"key":"PURGE"}],"circlet_count":0,"master_deck":["Defend_B+1","Zap+1","Dualcast+1","Electrodynamics+1","Coolheaded+1","Genetic Algorithm+1","Ball Lightning+1","Sweeping Beam+1","Double Energy+1","Turbo+1","BootSequence+1","All For One+1","Static Discharge+1","Auto Shields+1","Biased Cognition+1","Streamline+1","Self Repair+1","Defragment+1","White Noise+1","Undo+1","Seek+1","Reboot+1","Darkness+1","Defragment+1","Madness+1","Madness+1"],"relics":["Cracked Core","PreservedInsect","Orrery","Smiling Mask","Bag of Preparation","Potion Belt","Oddly Smooth Stone","Nuclear Battery","Vajra","Pantograph","Dream Catcher","Emotion Chip","SacredBark","Thread and Needle","Peace Pipe","InkBottle","MealTicket","Mark of the Bloom"],"acts_visited":["Exordium","TheCity","TheBeyond"],"potions_floor_usage":[50,50,50],"damage_taken":[{"damage":0.0,"enemies":"Small Slimes","floor":1.0,"turns":2.0},{"damage":10.0,"enemies":"3 Sentries","floor":6.0,"turns":3.0},{"damage":11.0,"enemies":"Jaw Worm","floor":7.0,"turns":4.0},{"damage":3.0,"enemies":"Cultist","floor":10.0,"turns":4.0},{"damage":0.0,"enemies":"Large Slime","floor":11.0,"turns":3.0},{"damage":2.0,"enemies":"The Guardian","floor":16.0,"turns":12.0},{"damage":0.0,"enemies":"Shell Parasite","floor":18.0,"turns":5.0},{"damage":0.0,"enemies":"3 Byrds","floor":20.0,"turns":3.0},{"damage":10.0,"enemies":"Snake Plant","floor":21.0,"turns":2.0},{"damage":26.0,"enemies":"Slavers","floor":23.0,"turns":3.0},{"damage":16.0,"enemies":"Snecko","floor":27.0,"turns":5.0},{"damage":14.0,"enemies":"Gremlin Leader","floor":28.0,"turns":5.0},{"damage":6.0,"enemies":"Centurion and Healer","floor":30.0,"turns":5.0},{"damage":49.0,"enemies":"Champ","floor":33.0,"turns":12.0},{"damage":22.0,"enemies":"3 Darklings","floor":35.0,"turns":3.0},{"damage":0.0,"enemies":"2 Orb Walkers","floor":36.0,"turns":3.0},{"damage":0.0,"enemies":"Orb Walker","floor":39.0,"turns":4.0},{"damage":0.0,"enemies":"Reptomancer","floor":41.0,"turns":3.0},{"damage":0.0,"enemies":"3 Darklings","floor":45.0,"turns":2.0},{"damage":41,"enemies":"Time Eater","floor":50,"turns":8}],"seed_played":"475495289136446312","potions_obtained":[{"floor":6.0,"key":"Ancient Potion"},{"floor":7.0,"key":"AttackPotion"},{"floor":16.0,"key":"LiquidBronze"},{"floor":20.0,"key":"PowerPotion"},{"floor":28.0,"key":"PotionOfCapacity"},{"floor":30.0,"key":"FearPotion"},{"floor":33.0,"key":"Ancient Potion"},{"floor":36.0,"key":"Energy Potion"},{"floor":45.0,"key":"SkillPotion"}],"is_trial":false,"path_per_floor":["M","?","?","$","?","E","M","R","T","M","M","$","?","?","R","B",null,"M","$","M","M","?","E","R","?","T","M","E","$","M","?","R","B",null,"M","?","T","?","M","R","E","R","T","R","M","?","R","?","R","B",null],"character_chosen":"DEFECT","items_purchased":["Orrery","Turbo","Potion Belt","Static Discharge","Auto Shields","Oddly Smooth Stone","Self Repair","Vajra"],"campfire_rested":2,"item_purchase_floors":[4,4,12,12,12,12,19,19],"current_hp_per_floor":[68,43,32,32,32,22,11,33,33,30,30,30,30,23,23,21,62,62,62,69,59,59,40,40,40,40,31,24,24,25,25,47,30,64,42,42,42,42,49,49,56,56,56,56,63,54,54,54,54,13],"gold":491,"neow_bonus":"THREE_RARE_CARDS","is_daily":false,"chose_seed":false,"campfire_upgraded":5,"win_rate":0.0,"timestamp":1610902969,"path_taken":["M","?","?","$","?","E","M","R","T","M","M","$","?","?","R","BOSS","M","$","M","M","?","E","R","?","T","M","E","?","?","?","R","BOSS","M","?","?","?","M","R","E","R","T","R","M","?","R","?","R","BOSS"],"items_purchased_type":["Relic","Card","Relic","Card","Card","Relic","Card","Relic"],"build_version":"2020-12-22","purchased_purges":4,"victory":true,"max_hp_per_floor":[75,75,75,75,75,75,75,75,75,75,75,75,75,75,75,75,75,75,75,75,75,75,75,75,75,75,75,75,75,75,75,75,75,75,75,75,75,75,75,75,75,75,75,75,75,75,75,75,75,75],"card_choices":[{"not_picked":["Buffer","Fission"],"picked":"Electrodynamics","floor":0.0},{"not_picked":["Cold Snap","Steam"],"picked":"Coolheaded","floor":1.0},{"not_picked":["Darkness","Hello World"],"picked":"Genetic Algorithm","floor":4.0},{"not_picked":["Compile Driver","Leap"],"picked":"Ball Lightning","floor":4.0},{"not_picked":["Hologram","Go for the Eyes"],"picked":"Sweeping Beam","floor":4.0},{"not_picked":["Beam Cell","Steam Power"],"picked":"Double Energy","floor":4.0},{"not_picked":["Electrodynamics","Coolheaded","Rebound"],"picked":"SKIP","floor":6.0},{"not_picked":["Redo","Gash"],"picked":"BootSequence","floor":7.0},{"not_picked":["Recycle","Turbo","Steam"],"picked":"SKIP","floor":10.0},{"not_picked":["Compile Driver","Go for the Eyes"],"picked":"All For One","floor":11.0},{"not_picked":["Reboot","Creative AI"],"picked":"Biased Cognition","floor":16.0},{"not_picked":["Go for the Eyes","Coolheaded"],"picked":"Streamline","floor":18.0},{"not_picked":["Barrage","Steam"],"picked":"Defragment","floor":20.0},{"not_picked":["Beam Cell","Conserve Battery","Turbo+1"],"picked":"SKIP","floor":21.0},{"not_picked":["Steam","Hologram+1"],"picked":"White Noise+1","floor":23.0},{"not_picked":["Redo","Beam Cell"],"picked":"Undo","floor":27.0},{"not_picked":["Fusion","Chaos","Hello World+1"],"picked":"SKIP","floor":28.0},{"not_picked":["Barrage","Sweeping Beam","Turbo"],"picked":"SKIP","floor":30.0},{"not_picked":["Amplify","Fission"],"picked":"Reboot","floor":33.0},{"not_picked":["Barrage+1","Static Discharge+1","Turbo"],"picked":"SKIP","floor":35.0},{"not_picked":["Stack+1","Redo"],"picked":"Darkness+1","floor":39.0},{"not_picked":["Electrodynamics","Auto Shields","Fusion"],"picked":"SKIP","floor":41.0},{"not_picked":["Lockon+1","Ball Lightning"],"picked":"Defragment+1","floor":45.0}],"player_experience":435177,"relics_obtained":[{"floor":6.0,"key":"Smiling Mask"},{"floor":9.0,"key":"Bag of Preparation"},{"floor":23.0,"key":"Pantograph"},{"floor":26.0,"key":"Dream Catcher"},{"floor":28.0,"key":"Emotion Chip"},{"floor":36.0,"key":"Thread and Needle"},{"floor":37.0,"key":"Peace Pipe"},{"floor":41.0,"key":"InkBottle"},{"floor":43.0,"key":"MealTicket"}],"event_choices":[{"damage_healed":0.0,"max_hp_gain":0.0,"max_hp_loss":0.0,"gold_gain":0.0,"event_name":"Scrap Ooze","player_choice":"Success","floor":2.0,"gold_loss":0.0,"damage_taken":25.0,"relics_obtained":["PreservedInsect"]},{"damage_healed":0.0,"max_hp_gain":0.0,"max_hp_loss":0.0,"gold_gain":75.0,"event_name":"World of Goop","player_choice":"Gather Gold","floor":3.0,"gold_loss":0.0,"damage_taken":11.0},{"cards_removed":["Strike_B"],"damage_healed":0.0,"max_hp_gain":0.0,"max_hp_loss":0.0,"gold_gain":0.0,"event_name":"The Cleric","player_choice":"Card Removal","floor":5.0,"gold_loss":50.0,"damage_taken":0.0},{"damage_healed":0.0,"max_hp_gain":0.0,"max_hp_loss":0.0,"gold_gain":0.0,"event_name":"Liars Game","player_choice":"Ignored","floor":13.0,"gold_loss":0.0,"damage_taken":0.0},{"cards_removed":["Strike_B"],"damage_healed":0.0,"max_hp_gain":0.0,"max_hp_loss":0.0,"gold_gain":0.0,"event_name":"Golden Wing","player_choice":"Card Removal","floor":14.0,"gold_loss":0.0,"damage_taken":7.0},{"damage_healed":0.0,"max_hp_gain":0.0,"max_hp_loss":0.0,"gold_gain":99.0,"event_name":"Nest","player_choice":"Stole From Cult","floor":22.0,"gold_loss":0.0,"damage_taken":0.0},{"damage_healed":0.0,"max_hp_gain":0.0,"max_hp_loss":0.0,"gold_gain":0.0,"event_name":"Cursed Tome","player_choice":"Ignored","floor":25.0,"gold_loss":0.0,"damage_taken":0.0},{"damage_healed":0.0,"max_hp_gain":0.0,"max_hp_loss":0.0,"gold_gain":0.0,"event_name":"The Library","player_choice":"Read","floor":31.0,"gold_loss":0.0,"damage_taken":0.0,"cards_obtained":["Seek"]},{"damage_healed":0.0,"max_hp_gain":0.0,"max_hp_loss":0.0,"gold_gain":0.0,"event_name":"Mysterious Sphere","player_choice":"Fight","floor":36.0,"gold_loss":0.0,"damage_taken":0.0},{"damage_healed":0.0,"max_hp_gain":0.0,"max_hp_loss":0.0,"gold_gain":0.0,"event_name":"SensoryStone","player_choice":"Memory 1","floor":38.0,"gold_loss":0.0,"damage_taken":0.0},{"damage_healed":0.0,"max_hp_gain":0.0,"max_hp_loss":0.0,"gold_gain":0.0,"event_name":"Winding Halls","player_choice":"Embrace Madness","floor":46.0,"gold_loss":0.0,"damage_taken":9.0,"cards_obtained":["Madness","Madness"]},{"damage_healed":0.0,"max_hp_gain":0.0,"max_hp_loss":0.0,"gold_gain":0.0,"event_name":"MindBloom","player_choice":"Upgrade","floor":48.0,"gold_loss":0.0,"damage_taken":0.0,"cards_upgraded":["Defend_B","Defend_B","Dualcast","Electrodynamics","Coolheaded","Genetic Algorithm","Ball Lightning","Sweeping Beam","BootSequence","All For One","Static Discharge","Auto Shields","Biased Cognition","Streamline","Self Repair","Undo","Seek","Madness","Madness"],"relics_obtained":["Mark of the Bloom"]}],"is_beta":false,"boss_relics":[{"not_picked":["Coffee Dripper","FrozenCore"],"picked":"Nuclear Battery"},{"not_picked":["Empty Cage","Fusion Hammer"],"picked":"SacredBark"}],"items_purged_floors":[4,12,19,29],"is_endless":false,"potions_floor_spawned":[6,7,16,20,28,30,33,36,45],"ascension_level":9}}