{"host":"6h0diz2ap0m56grs","time":1610915961,"event":{"mods":["2.2 Compatiblity","BaseMod","Colored Map","Marisa????????","Minty Spire (QoL Compilation)","Quick Restart","Replay The Spire","Shop Mod","StSLib","The Servant 0.9.4"],"gold_per_floor":[118,137,137,155,108,138,173,203,203,203,237,79,150,180,180,284,284,295,321,340,307,247,275,275,308,377,403,428,459,384,384],"floor_reached":30,"language":"ENG","playtime":1038,"items_purged":["OneTimeOff"],"score":718,"play_id":"98549c00-990c-425a-a75c-33d316c2412c","local_time":"20210117143921","daily_mods":["SealedDeck","Heirloom","Time Dilation","Flight"],"is_ascension_mode":true,"campfire_choices":[{"data":"MilkyWay","floor":10,"key":"SMITH"},{"data":"OortCloud","floor":15,"key":"SMITH"},{"data":"TreasureHunter","floor":24,"key":"SMITH"}],"circlet_count":0,"master_deck":["GrandCross+1","LuminesStrike","PropBag","SporeBomb","PowerUp","UnstableBomb","StarBarrage","MilkyWay+1","MilkyWay+1","MilkyWay+1","OortCloud+1","6A","Pot Of Greed","Pot Of Greed","6A","MilkyWay+1","PulseMagic","PowerUp+1","MachineGunSpark+1","UnstableBomb+1","MilkyWay+1","TreasureHunter+1","UltimateShortwave"],"relics":["MiniHakkero","replay:Trail_Library","Art of War","HandmadeGrimoire","Ice Cream","MerchantsRug","Replay:Bottled Eggs","Chameleon Ring","Happy Flower","ReplayTheSpireMod:DimensionalGlitch","Red Mask","Tiny Chest","ReplayTheSpireMod:TigerMarble","BreadOfAWashokuLover","Quantum Egg","HornCleat","Girya","Whetstone","Juzu Bracelet","Mummified Hand"],"acts_visited":["Exordium","TheCity"],"potions_floor_usage":[16],"damage_taken":[{"damage":0,"enemies":"2 Louse","floor":1,"turns":1},{"damage":0,"enemies":"Cultist","floor":2,"turns":2},{"damage":0,"enemies":"Jaw Worm","floor":4,"turns":2},{"damage":0,"enemies":"Lagavulin","floor":6,"turns":4},{"damage":0,"enemies":"Gremlin Nob","floor":7,"turns":3},{"damage":0,"enemies":"3 Sentries","floor":8,"turns":5},{"damage":0,"enemies":"Gremlin Nob","floor":11,"turns":1},{"damage":0,"enemies":"3 Sentries","floor":14,"turns":4},{"damage":0,"enemies":"Slime Boss","floor":16,"turns":3},{"damage":0,"enemies":"3 Byrds","floor":18,"turns":3},{"damage":0,"enemies":"Masked Bandits","floor":19,"turns":2},{"damage":0,"enemies":"Shell Parasite","floor":20,"turns":1},{"damage":0,"enemies":"Gremlin Leader","floor":23,"turns":2},{"damage":0,"enemies":"Slavers","floor":25,"turns":4},{"damage":0,"enemies":"Gremlin Leader","floor":27,"turns":4},{"damage":3,"enemies":"Book of Stabbing","floor":28,"turns":3},{"damage":0,"enemies":"Gremlin Leader","floor":29,"turns":3}],"seed_played":"7904169341617044538","potions_obtained":[{"floor":1,"key":"Weak Potion"},{"floor":7,"key":"ColorlessPotion"},{"floor":8,"key":"SpeedPotion"},{"floor":14,"key":"FearPotion"},{"floor":18,"key":"PowerPotion"},{"floor":20,"key":"Strength Potion"},{"floor":23,"key":"Block Potion"}],"is_trial":true,"path_per_floor":["M","M","?","M","$","E","E","E","T","R","E","$","T","E","R","B",null,"M","?","M","$","?","E","R","E","T","E","E","E","$"],"character_chosen":"MARISA","items_purchased":["6A","MerchantsRug","Replay:Bottled Eggs","MilkyWay+1"],"campfire_rested":0,"item_purchase_floors":[5,12,12,21],"current_hp_per_floor":[75,75,75,75,75,75,75,75,75,75,75,75,75,75,75,75,75,75,75,75,75,75,75,75,75,75,75,72,72,72,72],"gold":384,"neow_bonus":"","is_daily":false,"chose_seed":false,"campfire_upgraded":3,"win_rate":0.0,"timestamp":1610915961,"path_taken":["M","M","?","M","$","E","E","E","T","R","E","?","?","E","R","BOSS","M","?","M","$","?","E","R","E","T","E","E","E","$"],"items_purchased_type":["Card","Relic","Relic","Card"],"build_version":"2020-12-22","purchased_purges":1,"victory":false,"max_hp_per_floor":[75,75,75,75,75,75,75,75,75,75,75,75,75,75,75,75,75,75,75,75,75,75,75,75,75,75,75,75,75,75,75],"card_choices":[{"not_picked":["ChargeUpSpray","PowerUp"],"picked":"OortCloud","floor":1},{"not_picked":["OortCloud","SporeBomb"],"picked":"6A","floor":2},{"not_picked":["ShootingEcho","Robbery","EventHorizon"],"picked":"SKIP","floor":4},{"not_picked":["MysteriousBeam","ChargeUpSpray","NonDirectionalLaser"],"picked":"SKIP","floor":6},{"not_picked":["ShootingEcho","FairyDestructionRay","OpenUniverse"],"picked":"SKIP","floor":7},{"not_picked":["WitchOfGreed","BinaryStars","ChargeUpSpray"],"picked":"SKIP","floor":8},{"not_picked":["Acceleration","GasGiant","DoubleSpark"],"picked":"SKIP","floor":11},{"not_picked":["MagicChant","ManaConvection","MilkyWay"],"picked":"SKIP","floor":14},{"not_picked":["IllusionStar","Acceleration"],"picked":"PowerUp+1","floor":18},{"not_picked":["PulseMagic","DragonMeteor"],"picked":"MachineGunSpark","floor":19},{"not_picked":["MysteriousBeam","SporeBomb+1"],"picked":"UnstableBomb+1","floor":20},{"not_picked":["AsteroidBelt+1","LuminesStrike"],"picked":"TreasureHunter","floor":23},{"not_picked":["MeteoricShower","UnstableBomb+1","MysteriousBeam+1"],"picked":"SKIP","floor":25},{"not_picked":["NonDirectionalLaser","DeepEcoloBomb+1","EscapeVelocity"],"picked":"SKIP","floor":27},{"not_picked":["IllusionStar","StarBarrage"],"picked":"UltimateShortwave","floor":28},{"not_picked":["IllusionStar+1","ChargeUpSpray","6A"],"picked":"SKIP","floor":29}],"player_experience":203508,"relics_obtained":[{"floor":6,"key":"Art of War"},{"floor":7,"key":"HandmadeGrimoire"},{"floor":8,"key":"StoneCalendar"},{"floor":9,"key":"MealTicket"},{"floor":11,"key":"Ice Cream"},{"floor":13,"key":"Chameleon Ring"},{"floor":14,"key":"Happy Flower"},{"floor":19,"key":"Red Mask"},{"floor":23,"key":"Tiny Chest"},{"floor":25,"key":"ReplayTheSpireMod:TigerMarble"},{"floor":25,"key":"BreadOfAWashokuLover"},{"floor":26,"key":"Quantum Egg"},{"floor":27,"key":"HornCleat"},{"floor":27,"key":"Girya"},{"floor":28,"key":"Whetstone"},{"floor":28,"key":"Juzu Bracelet"},{"floor":29,"key":"Mummified Hand"}],"event_choices":[{"damage_healed":0,"gold_gain":0,"player_choice":"Gave Potion","damage_taken":0,"relics_obtained":["Grinning Jar"],"max_hp_gain":0,"max_hp_loss":0,"event_name":"WeMeetAgain","floor":3,"gold_loss":0},{"damage_healed":0,"gold_gain":0,"player_choice":"Fought Bandits","damage_taken":0,"max_hp_gain":0,"max_hp_loss":0,"event_name":"Masked Bandits","floor":19,"gold_loss":0}],"is_beta":false,"boss_relics":[{"not_picked":["Black Star","Replay:Drink Me"],"picked":"ReplayTheSpireMod:DimensionalGlitch"}],"items_purged_floors":[30],"is_endless":false,"potions_floor_spawned":[1,7,8,14,18,20,23,25,29],"ascension_level":1}}