{"host":"d8hh7rr4yzitjeuj","time":1610885792,"event":{"mods":["2.2 Compatiblity","AchievementEnabler","Act Like it!","BaseMod","Colored Map","Colored Powertips","Highlight Path","Keyboard Shortcuts","Minty Spire (QoL Compilation)","Permanent Neow","Quick Restart","StSLib","SuperFastMode"],"gold_per_floor":[109,126,145,145,162,162,190,190,237,73,73,83,109,126,126,201,201,211,261,7,21,21,21,52,52,76,76,92,110,110,125,125,196,196,209,484,501,45,61,91,109,142,142,155,189,30,30,45,45,45,45,45],"floor_reached":51,"language":"KOR","playtime":1896,"items_purged":["Regret"],"score":1538,"play_id":"1b3257a3-128b-48b0-b5f9-d74151c9b570","local_time":"20210117211632","is_ascension_mode":true,"campfire_choices":[{"data":"Perfected Strike","floor":6.0,"key":"SMITH"},{"data":"Armaments","floor":8.0,"key":"SMITH"},{"data":"Blood for Blood","floor":15.0,"key":"SMITH"},{"floor":23.0,"key":"REST"},{"data":"Perfected Strike","floor":25.0,"key":"SMITH"},{"floor":27.0,"key":"RECALL"},{"data":"Perfected Strike","floor":32.0,"key":"SMITH"},{"floor":47.0,"key":"REST"},{"floor":49.0,"key":"REST"}],"circlet_count":0,"master_deck":["AscendersBane","Strike_R","Strike_R","Strike_R","Strike_R","Defend_R","Defend_R","Defend_R","Defend_R","Bash","Combust","Perfected Strike+1","Headbutt","Twin Strike","Armaments+1","Power Through+1","Blood for Blood+1","Metallicize","Rage+1","Reaper","Perfected Strike+1","Evolve","Pommel Strike","Clothesline","Offering","Reaper","Dual Wield+1","Necronomicurse","Perfected Strike+1","Shockwave","Perfected Strike+1","Berserk","Rupture","Bloodletting","Wild Strike","Perfected Strike","Second Wind","Double Tap","Flame Barrier","Metallicize+1","Pommel Strike+1"],"relics":["Burning Blood","HornCleat","Bronze Scales","Happy Flower","Kunai","Snecko Eye","Orrery","Necronomicon","Nunchaku","War Paint","Black Star","Lantern","Pear","Matryoshka","Girya","Frozen Egg 2","Orichalcum","Vajra","Anchor"],"acts_visited":["Exordium","TheCity","TheBeyond"],"potions_floor_usage":[51],"damage_taken":[{"damage":1.0,"enemies":"Cultist","floor":1.0,"turns":3.0},{"damage":12.0,"enemies":"Small Slimes","floor":2.0,"turns":4.0},{"damage":6.0,"enemies":"2 Louse","floor":3.0,"turns":3.0},{"damage":22.0,"enemies":"Exordium Wildlife","floor":5.0,"turns":3.0},{"damage":25.0,"enemies":"3 Sentries","floor":7.0,"turns":6.0},{"damage":0.0,"enemies":"Large Slime","floor":12.0,"turns":5.0},{"damage":3.0,"enemies":"Gremlin Nob","floor":13.0,"turns":3.0},{"damage":8.0,"enemies":"Gremlin Gang","floor":14.0,"turns":4.0},{"damage":47.0,"enemies":"Hexaghost","floor":16.0,"turns":10.0},{"damage":1.0,"enemies":"Chosen","floor":18.0,"turns":3.0},{"damage":22.0,"enemies":"2 Thieves","floor":21.0,"turns":4.0},{"damage":21.0,"enemies":"Slavers","floor":24.0,"turns":3.0},{"damage":0.0,"enemies":"Snecko","floor":28.0,"turns":1.0},{"damage":9.0,"enemies":"Centurion and Healer","floor":29.0,"turns":4.0},{"damage":0.0,"enemies":"Chosen and Byrds","floor":31.0,"turns":2.0},{"damage":7.0,"enemies":"Champ","floor":33.0,"turns":5.0},{"damage":21.0,"enemies":"3 Shapes","floor":35.0,"turns":2.0},{"damage":2.0,"enemies":"3 Darklings","floor":37.0,"turns":3.0},{"damage":33.0,"enemies":"4 Shapes","floor":39.0,"turns":4.0},{"damage":51.0,"enemies":"Reptomancer","floor":40.0,"turns":5.0},{"damage":18.0,"enemies":"Maw","floor":41.0,"turns":6.0},{"damage":33.0,"enemies":"Nemesis","floor":42.0,"turns":5.0},{"damage":7.0,"enemies":"Transient","floor":44.0,"turns":6.0},{"damage":4.0,"enemies":"Giant Head","floor":45.0,"turns":4.0},{"damage":22.0,"enemies":"Spire Growth","floor":48.0,"turns":3.0},{"damage":78,"enemies":"Awakened One","floor":50,"turns":8},{"damage":52,"enemies":"Donu and Deca","floor":51,"turns":5}],"seed_played":"1511404860102373429","potions_obtained":[{"floor":3.0,"key":"FairyPotion"},{"floor":7.0,"key":"GamblersBrew"},{"floor":13.0,"key":"Regen Potion"},{"floor":14.0,"key":"Energy Potion"},{"floor":21.0,"key":"SpeedPotion"},{"floor":24.0,"key":"PowerPotion"},{"floor":33.0,"key":"Swift Potion"},{"floor":35.0,"key":"BloodPotion"},{"floor":40.0,"key":"Strength Potion"},{"floor":44.0,"key":"SkillPotion"}],"is_trial":false,"path_per_floor":["M","M","M","?","M","R","E","R","T","$","?","M","E","M","R","B",null,"M","?","$","M","?","R","E","R","T","R","M","M","?","M","R","B",null,"M","?","M","$","M","E","M","E","T","M","E","$","R","M","R","B","B"],"character_chosen":"IRONCLAD","items_purchased":["Blood for Blood","Metallicize","Evolve","Orrery","Rupture","Bloodletting","Wild Strike","Lantern","Flame Barrier","Metallicize+1"],"campfire_rested":3,"item_purchase_floors":[10,10,20,20,38,38,38,38,46,46],"current_hp_per_floor":[73,67,67,72,56,56,37,37,37,37,19,25,28,38,38,24,66,77,77,77,61,40,64,58,58,58,58,64,79,79,80,80,80,80,77,77,80,80,53,30,25,23,23,30,40,40,67,61,88,23,0,0],"gold":45,"neow_bonus":"TRANSFORM_CARD","is_daily":false,"chose_seed":false,"campfire_upgraded":5,"win_rate":0.0,"timestamp":1610885792,"path_taken":["M","M","M","?","M","R","E","R","T","$","?","M","E","M","R","BOSS","M","?","$","M","?","R","E","R","T","R","M","M","?","M","R","BOSS","M","?","?","$","M","E","M","E","T","M","E","?","R","M","R","BOSS","BOSS"],"items_purchased_type":["Card","Card","Card","Relic","Card","Card","Card","Relic","Card","Card"],"build_version":"2020-12-22","purchased_purges":1,"victory":false,"max_hp_per_floor":[75,75,75,80,80,80,80,80,80,80,80,80,80,80,80,80,80,80,80,80,80,80,80,80,80,80,80,80,80,80,80,80,80,80,80,80,80,80,80,90,90,90,90,90,90,90,90,90,90,90,90,90],"card_choices":[{"not_picked":["Thunderclap","Warcry"],"picked":"Perfected Strike","floor":1.0},{"not_picked":["Cleave","True Grit"],"picked":"Headbutt","floor":2.0},{"not_picked":["Spot Weakness","Barricade"],"picked":"Twin Strike","floor":3.0},{"not_picked":["Inflame","Heavy Blade"],"picked":"Armaments","floor":5.0},{"not_picked":["Dropkick","Inflame"],"picked":"Power Through","floor":7.0},{"not_picked":["Combust","Armaments","Sword Boomerang"],"picked":"SKIP","floor":12.0},{"not_picked":["Corruption","Searing Blow"],"picked":"Rage","floor":13.0},{"not_picked":["Anger","Thunderclap","Sword Boomerang"],"picked":"SKIP","floor":14.0},{"not_picked":["Corruption","Brutality"],"picked":"Reaper","floor":16.0},{"not_picked":["Sever Soul","Dark Embrace"],"picked":"Perfected Strike+1","floor":18.0},{"not_picked":["Twin Strike","Reckless Charge+1"],"picked":"Pommel Strike","floor":20.0},{"not_picked":["Iron Wave","Feel No Pain"],"picked":"Clothesline","floor":20.0},{"not_picked":["Body Slam+1","Spot Weakness"],"picked":"Offering","floor":20.0},{"not_picked":["Searing Blow+1","Battle Trance"],"picked":"Reaper","floor":20.0},{"not_picked":["Sword Boomerang","Metallicize"],"picked":"Dual Wield+1","floor":21.0},{"not_picked":["Searing Blow","Seeing Red"],"picked":"Perfected Strike","floor":24.0},{"not_picked":["Warcry","True Grit"],"picked":"Shockwave","floor":28.0},{"not_picked":["Clothesline+1","Iron Wave","Flex"],"picked":"SKIP","floor":29.0},{"not_picked":["Heavy Blade+1","Flex","Hemokinesis+1"],"picked":"SKIP","floor":31.0},{"not_picked":["Limit Break","Barricade"],"picked":"Berserk","floor":33.0},{"not_picked":["Body Slam+1","Combust+1","Cleave"],"picked":"SKIP","floor":35.0},{"not_picked":["Body Slam+1","Carnage+1","True Grit"],"picked":"SKIP","floor":37.0},{"not_picked":["Hemokinesis","Reckless Charge"],"picked":"Perfected Strike","floor":39.0},{"not_picked":["Rampage","Armaments","Inflame"],"picked":"SKIP","floor":40.0},{"not_picked":["Flex+1","Carnage+1","Rampage+1"],"picked":"SKIP","floor":41.0},{"not_picked":["Pommel Strike","True Grit"],"picked":"Second Wind","floor":42.0},{"not_picked":["Wild Strike","Sentinel","Intimidate"],"picked":"SKIP","floor":44.0},{"not_picked":["Immolate","Havoc+1"],"picked":"Double Tap","floor":45.0},{"not_picked":["Bloodletting","Evolve+1"],"picked":"Pommel Strike+1","floor":48.0}],"player_experience":1442931,"relics_obtained":[{"floor":7.0,"key":"HornCleat"},{"floor":9.0,"key":"Bronze Scales"},{"floor":13.0,"key":"Kunai"},{"floor":22.0,"key":"Necronomicon"},{"floor":24.0,"key":"Nunchaku"},{"floor":26.0,"key":"War Paint"},{"floor":40.0,"key":"Pear"},{"floor":40.0,"key":"Matryoshka"},{"floor":42.0,"key":"Girya"},{"floor":42.0,"key":"Frozen Egg 2"},{"floor":43.0,"key":"Orichalcum"},{"floor":45.0,"key":"Vajra"},{"floor":45.0,"key":"Anchor"}],"event_choices":[{"damage_healed":0.0,"max_hp_gain":5.0,"max_hp_loss":0.0,"gold_gain":0.0,"event_name":"Big Fish","player_choice":"Donut","floor":4.0,"gold_loss":0.0,"damage_taken":0.0},{"damage_healed":0.0,"max_hp_gain":0.0,"max_hp_loss":0.0,"gold_gain":0.0,"event_name":"Scrap Ooze","player_choice":"Success","floor":11.0,"gold_loss":0.0,"damage_taken":18.0,"relics_obtained":["Happy Flower"]},{"damage_healed":0.0,"max_hp_gain":0.0,"max_hp_loss":0.0,"gold_gain":50.0,"event_name":"Nest","player_choice":"Stole From Cult","floor":19.0,"gold_loss":0.0,"damage_taken":0.0},{"damage_healed":0.0,"max_hp_gain":0.0,"max_hp_loss":0.0,"gold_gain":0.0,"event_name":"Cursed Tome","player_choice":"Obtained Book","floor":22.0,"gold_loss":0.0,"damage_taken":21.0},{"damage_healed":0.0,"max_hp_gain":0.0,"max_hp_loss":0.0,"gold_gain":0.0,"event_name":"The Library","player_choice":"Read","floor":30.0,"gold_loss":0.0,"damage_taken":0.0,"cards_obtained":["Perfected Strike"]},{"damage_healed":0.0,"max_hp_gain":0.0,"max_hp_loss":0.0,"gold_gain":275.0,"event_name":"Golden Shrine","player_choice":"Desecrate","floor":36.0,"gold_loss":0.0,"damage_taken":0.0,"cards_obtained":["Regret"]}],"is_beta":false,"boss_relics":[{"not_picked":["Tiny House","SlaversCollar"],"picked":"Snecko Eye"},{"not_picked":["Runic Pyramid","Coffee Dripper"],"picked":"Black Star"}],"items_purged_floors":[38],"is_endless":false,"potions_floor_spawned":[3,7,13,14,21,24,29,33,35,40,44],"killed_by":"Donu and Deca","ascension_level":20}}