{"host":"5l3fd535wdxfzl1g","time":1610897134,"event":{"mods":["2.2 Compatiblity","AchievementEnabler","BaseMod","Better Third Choice","Better Vampires","Colored Powertips","Minty Spire (QoL Compilation)","Permanent Neow","Quick Restart","Rare Cards Sparkle","StSLib","UnlockEverythingMod"],"gold_per_floor":[119,138,138,153,166,166,196,121,121,121,140,215,215,215,215,339,339,357,457,476,492,515,515,415,431,431,452,452,490,490,505,505,505,505],"floor_reached":33,"language":"ZHS","playtime":1211,"items_purged":["Strike_R","Strike_R"],"score":269,"play_id":"7a223fe9-805d-4a6d-a7c3-9ed35490056e","local_time":"20210117232534","is_ascension_mode":false,"campfire_choices":[{"data":"Immolate","floor":6.0,"key":"SMITH"},{"data":"Inflame","floor":10.0,"key":"SMITH"},{"data":"Body Slam","floor":13.0,"key":"SMITH"},{"data":"Bash","floor":15.0,"key":"SMITH"},{"data":"Barricade","floor":23.0,"key":"SMITH"},{"data":"Second Wind","floor":30,"key":"SMITH"},{"data":"Entrench","floor":32,"key":"SMITH"}],"circlet_count":0,"master_deck":["Strike_R","Strike_R","Strike_R","Defend_R","Defend_R","Defend_R","Defend_R","Bash+1","Immolate+1","Inflame+1","Body Slam+1","Barricade+1","Burning Pact+1","Second Wind+1","Power Through+1","Entrench+1","Metallicize"],"relics":["Cursed Key","Golden Idol"],"acts_visited":["Exordium","TheCity"],"potions_floor_usage":[33],"damage_taken":[{"damage":1.0,"enemies":"Cultist","floor":1.0,"turns":3.0},{"damage":2.0,"enemies":"Small Slimes","floor":2.0,"turns":3.0},{"damage":0.0,"enemies":"2 Louse","floor":4.0,"turns":3.0},{"damage":0.0,"enemies":"Looter","floor":5.0,"turns":2.0},{"damage":4.0,"enemies":"3 Sentries","floor":7.0,"turns":2.0},{"damage":3.0,"enemies":"Gremlin Gang","floor":11.0,"turns":2.0},{"damage":23.0,"enemies":"Hexaghost","floor":16.0,"turns":6.0},{"damage":0.0,"enemies":"Spheric Guardian","floor":18.0,"turns":3.0},{"damage":9.0,"enemies":"Shell Parasite","floor":20.0,"turns":4.0},{"damage":0.0,"enemies":"Snecko","floor":21.0,"turns":3.0},{"damage":7.0,"enemies":"3 Cultists","floor":22.0,"turns":3.0},{"damage":7.0,"enemies":"Snake Plant","floor":25.0,"turns":4.0},{"damage":10,"enemies":"Chosen and Byrds","floor":27,"turns":4},{"damage":2,"enemies":"Gremlin Leader","floor":29,"turns":4},{"damage":9,"enemies":"3 Cultists","floor":31,"turns":4},{"damage":59,"enemies":"Automaton","floor":33,"turns":6}],"seed_played":"-7590892994942718182","potions_obtained":[{"floor":2.0,"key":"DistilledChaos"},{"floor":4.0,"key":"Regen Potion"},{"floor":5.0,"key":"DuplicationPotion"},{"floor":16.0,"key":"Dexterity Potion"},{"floor":22.0,"key":"ColorlessPotion"}],"is_trial":false,"path_per_floor":["M","M","T","M","M","R","E","$","T","R","M","?","R","?","R","B",null,"M","?","M","M","M","R","$","M","T","M","?","E","R","M","R","B"],"character_chosen":"IRONCLAD","items_purchased":[],"campfire_rested":0,"item_purchase_floors":[],"current_hp_per_floor":[79,77,77,77,77,77,73,73,73,73,70,59,59,39,39,16,80,80,80,71,71,64,64,64,57,57,47,47,45,45,36,36,0,0],"gold":505,"neow_bonus":"BOSS_RELIC","is_daily":false,"chose_seed":false,"campfire_upgraded":7,"win_rate":0.0,"timestamp":1610897134,"path_taken":["M","M","?","M","M","R","E","?","T","R","M","?","R","?","R","BOSS","M","?","M","M","M","R","$","M","T","?","?","E","R","M","R","BOSS"],"items_purchased_type":[],"build_version":"2020-12-22","purchased_purges":2,"victory":false,"max_hp_per_floor":[80,80,80,80,80,80,80,80,80,80,80,80,80,80,80,80,80,80,80,80,80,80,80,80,80,80,80,80,80,80,80,80,80,80],"card_choices":[{"not_picked":["Twin Strike","Headbutt","Armaments"],"picked":"SKIP","floor":1.0},{"not_picked":["Perfected Strike","Hemokinesis","Thunderclap"],"picked":"SKIP","floor":2.0},{"not_picked":["Clothesline","Pummel"],"picked":"Immolate","floor":4.0},{"not_picked":["Sword Boomerang","Entrench"],"picked":"Inflame","floor":5.0},{"not_picked":["Cleave","Perfected Strike","Juggernaut"],"picked":"SKIP","floor":7.0},{"not_picked":["Bloodletting","Flex"],"picked":"Body Slam","floor":11.0},{"not_picked":["Double Tap","Corruption"],"picked":"Barricade","floor":16.0},{"not_picked":["Anger","Rampage"],"picked":"Burning Pact+1","floor":18.0},{"not_picked":["Armaments","Thunderclap"],"picked":"Second Wind","floor":20.0},{"not_picked":["Havoc+1","Rupture","Headbutt+1"],"picked":"SKIP","floor":21.0},{"not_picked":["Havoc+1","Rupture","Headbutt+1"],"picked":"SKIP","floor":21.0},{"not_picked":["Pommel Strike+1","Blood for Blood"],"picked":"Power Through+1","floor":22.0},{"not_picked":["Uppercut+1","Bloodletting","Iron Wave+1"],"picked":"SKIP","floor":25.0},{"not_picked":["Havoc","Dual Wield"],"picked":"Entrench","floor":27},{"not_picked":["Warcry","True Grit","Flex"],"picked":"SKIP","floor":29},{"not_picked":["Shrug It Off","Pummel"],"picked":"Metallicize","floor":31}],"player_experience":121072,"relics_obtained":[],"event_choices":[{"damage_healed":0.0,"max_hp_gain":0.0,"max_hp_loss":0.0,"gold_gain":75.0,"event_name":"betterThird:BetterGoop","player_choice":"Gold","floor":12.0,"gold_loss":0.0,"damage_taken":11.0},{"damage_healed":0.0,"max_hp_gain":0.0,"max_hp_loss":0.0,"gold_gain":0.0,"event_name":"Golden Idol","player_choice":"Take Damage","floor":14.0,"gold_loss":0.0,"damage_taken":20.0,"relics_obtained":["Golden Idol"]},{"damage_healed":0.0,"max_hp_gain":0.0,"max_hp_loss":0.0,"gold_gain":100.0,"event_name":"Golden Shrine","player_choice":"Pray","floor":19.0,"gold_loss":0.0,"damage_taken":0.0},{"damage_healed":0,"gold_gain":0,"player_choice":"Ignored","damage_taken":0,"max_hp_gain":0,"max_hp_loss":0,"event_name":"The Mausoleum","floor":28,"gold_loss":0}],"is_beta":false,"boss_relics":[{"not_picked":["Busted Crown","Philosopher\u0027s Stone","Coffee Dripper"]}],"items_purged_floors":[8,24],"is_endless":false,"potions_floor_spawned":[2,4,5,16,20,22,31],"killed_by":"Automaton","ascension_level":0}}