{"host":"1m3dfme8k5w8sg4k","time":1610923986,"event":{"mods":["AchievementEnabler","BaseMod","Colored Map","Colored Powertips","Minty Spire (QoL Compilation)","Random Character Button","Random Character Mod","Relic Stats","StSLib","everything is the same but u backflip on backflip"],"gold_per_floor":[144,144,189,1,1,1,91,136,136,181,226,271,271,361,361,661,661,706,631,631,637,412,502,502,592,592,637,637,682,772,817,817,1117,1117,1162,964,964,624,669,759,759,804,854,854,854,779,824,869,869,869],"floor_reached":51,"language":"ENG","playtime":2331,"items_purged":[],"score":1170,"play_id":"40fdcaba-6ff9-4a92-b213-17d94afd1ecb","local_time":"20210117175306","daily_mods":["SealedDeck","Hoarder","Midas"],"is_ascension_mode":false,"campfire_choices":[{"floor":6,"key":"REST"},{"floor":15,"key":"REST"},{"floor":32,"key":"REST"},{"floor":41,"key":"REST"},{"floor":44,"key":"REST"},{"floor":49,"key":"REST"}],"circlet_count":0,"master_deck":["Go for the Eyes+1","Go for the Eyes+1","Steam+1","Steam+1","Steam+1","Conserve Battery+1","Conserve Battery+1","Conserve Battery+1","Barrage+1","Barrage+1","Barrage+1","Compile Driver+1","Compile Driver+1","Compile Driver+1","Coolheaded+1","Coolheaded+1","Coolheaded+1","Steam Power+1","Steam Power+1","Steam Power+1","Turbo+1","Turbo+1","Turbo+1","Heatsinks+1","Heatsinks+1","Heatsinks+1","Loop+1","Loop+1","Loop+1","Cold Snap+1","Cold Snap+1","Cold Snap+1","Loop+1","Loop+1","Static Discharge+1","Static Discharge+1","Static Discharge+1","FTL+1","FTL+1","FTL+1","Rainbow+1","Rainbow+1","Rainbow+1","Storm+1","Storm+1","Storm+1","Defragment+1","Defragment+1","Defragment+1","Glacier+1","Glacier+1","Glacier+1","Redo+1","Redo+1","Redo+1","Seek+1","Seek+1","Seek+1","Capacitor+1","Capacitor+1","Capacitor+1","Turbo+1","Turbo+1","Turbo+1","Defragment+1","Defragment+1","Defragment+1","All For One+1","All For One+1","All For One+1","Consume+1","Consume+1","Consume+1","Aggregate+1","Aggregate+1","Aggregate+1","Storm+1","Storm+1","Storm+1","Glacier+1","Glacier+1","Glacier+1","Aggregate+1","Aggregate+1","Aggregate+1","Defragment","Defragment","Defragment"],"relics":["Cracked Core","Membership Card","Pear","Darkstone Periapt","Potion Belt","Fusion Hammer","Red Mask","Medical Kit","Mango","Bottled Flame","Toxic Egg 2","Matryoshka","Vajra","Shuriken","PreservedInsect","War Paint","Bottled Tornado","Nuclear Battery","OrangePellets","Orichalcum","Ice Cream","FossilizedHelix","Ancient Tea Set","Bag of Preparation","Mark of the Bloom","Orrery"],"acts_visited":["Exordium","TheCity","TheBeyond"],"potions_floor_usage":[29,48,50,50,50,50,50,50,50,50,50],"damage_taken":[{"damage":0,"enemies":"2 Louse","floor":1,"turns":1},{"damage":0,"enemies":"Cultist","floor":3,"turns":3},{"damage":13,"enemies":"3 Sentries","floor":7,"turns":5},{"damage":2,"enemies":"Small Slimes","floor":8,"turns":3},{"damage":6,"enemies":"Looter","floor":10,"turns":2},{"damage":0,"enemies":"2 Fungi Beasts","floor":11,"turns":3},{"damage":7,"enemies":"Large Slime","floor":12,"turns":5},{"damage":19,"enemies":"Lagavulin","floor":14,"turns":5},{"damage":9,"enemies":"Slime Boss","floor":16,"turns":9},{"damage":0,"enemies":"Spheric Guardian","floor":18,"turns":3},{"damage":22,"enemies":"Masked Bandits","floor":21,"turns":3},{"damage":23,"enemies":"Slavers","floor":23,"turns":4},{"damage":3,"enemies":"Gremlin Leader","floor":25,"turns":3},{"damage":0,"enemies":"Chosen","floor":27,"turns":3},{"damage":0,"enemies":"3 Cultists","floor":29,"turns":4},{"damage":0,"enemies":"Book of Stabbing","floor":30,"turns":3},{"damage":15,"enemies":"Snake Plant","floor":31,"turns":2},{"damage":12,"enemies":"Automaton","floor":33,"turns":6},{"damage":1,"enemies":"3 Darklings","floor":35,"turns":4},{"damage":4,"enemies":"3 Shapes","floor":39,"turns":3},{"damage":0,"enemies":"Reptomancer","floor":40,"turns":3},{"damage":0,"enemies":"Transient","floor":42,"turns":5},{"damage":0,"enemies":"Writhing Mass","floor":47,"turns":1},{"damage":0,"enemies":"Jaw Worm Horde","floor":48,"turns":3},{"damage":0,"enemies":"Awakened One","floor":50,"turns":3}],"seed_played":"7372172642885907109","potions_obtained":[{"floor":8,"key":"SteroidPotion"},{"floor":10,"key":"FearPotion"},{"floor":12,"key":"SpeedPotion"},{"floor":16,"key":"BlessingOfTheForge"},{"floor":21,"key":"SteroidPotion"},{"floor":23,"key":"Strength Potion"},{"floor":25,"key":"DistilledChaos"},{"floor":30,"key":"CultistPotion"},{"floor":39,"key":"ColorlessPotion"},{"floor":47,"key":"EntropicBrew"}],"is_trial":false,"path_per_floor":["M","?","M","$","?","R","E","M","T","M","M","M","?","E","R","B",null,"M","?","?","?","$","E","T","E","T","M","T","M","E","M","R","B",null,"M","$","?","$","M","E","R","M","T","R","?","$","M","M","R","B",null],"character_chosen":"DEFECT","items_purchased":["Membership Card","Loop","Medical Kit","Mango","Capacitor","OrangePellets","Orichalcum","Turbo+1","Ice Cream","FossilizedHelix","Defragment","Orrery"],"campfire_rested":6,"item_purchase_floors":[4,4,22,22,36,36,36,36,38,38,38,46],"current_hp_per_floor":[75,68,68,68,68,75,72,70,70,64,64,57,57,38,63,54,85,85,85,85,63,77,54,54,51,51,51,51,51,51,36,65,53,99,98,98,94,94,90,90,94,94,94,94,94,94,94,94,94,94],"gold":869,"neow_bonus":"","is_daily":true,"chose_seed":false,"campfire_upgraded":0,"win_rate":0.0,"timestamp":1610923986,"path_taken":["M","?","M","$","?","R","E","M","T","M","?","M","?","E","R","BOSS","M","?","?","?","$","E","?","E","T","M","?","?","E","M","R","BOSS","M","$","?","$","M","E","R","M","T","R","?","$","M","M","R","BOSS"],"items_purchased_type":["Relic","Card","Relic","Relic","Card","Relic","Relic","Card","Relic","Relic","Card","Relic"],"build_version":"2020-12-22","purchased_purges":0,"victory":true,"max_hp_per_floor":[75,75,75,75,75,75,85,85,85,85,85,85,85,85,85,85,85,85,85,85,85,99,99,99,99,99,99,99,99,99,99,99,99,99,99,99,94,94,94,94,94,94,94,94,94,94,94,94,94,94],"relic_stats":{"Darkstone Periapt":0,"OrangePellets":[3],"Mark of the Bloom":28,"counters":[25,89],"Shuriken":[18],"PreservedInsect":100,"Bag of Preparation":[6],"War Paint":["Rainbow","Steam Power"],"Orichalcum":[30],"Medical Kit":[0],"obtain_stats":[{"Darkstone Periapt":9,"Ice Cream":38,"Mark of the Bloom":45,"Vajra":26,"Mango":22,"Bag of Preparation":43,"Bottled Tornado":30,"Ancient Tea Set":40,"Matryoshka":25,"Fusion Hammer":17,"Red Mask":21,"Toxic Egg 2":24,"Cracked Core":0,"Potion Belt":14,"Pear":7,"PreservedInsect":28,"War Paint":28,"Orichalcum":36,"Medical Kit":22,"Nuclear Battery":34,"OrangePellets":36,"Bottled Flame":23,"Shuriken":26,"Orrery":46,"Membership Card":4,"FossilizedHelix":38},{"Darkstone Periapt":4,"Ice Cream":19,"Mark of the Bloom":22,"Vajra":13,"Mango":11,"Bag of Preparation":22,"Bottled Tornado":16,"Ancient Tea Set":21,"Matryoshka":13,"Fusion Hammer":9,"Red Mask":11,"Toxic Egg 2":12,"Cracked Core":0,"Potion Belt":8,"Pear":3,"PreservedInsect":14,"War Paint":14,"Orichalcum":19,"Medical Kit":11,"Nuclear Battery":18,"OrangePellets":19,"Bottled Flame":12,"Shuriken":13,"Orrery":22,"Membership Card":2,"FossilizedHelix":19},{"Darkstone Periapt":12,"Ice Cream":71,"Mark of the Bloom":82,"Vajra":49,"Mango":42,"Bag of Preparation":82,"Bottled Tornado":59,"Ancient Tea Set":77,"Matryoshka":49,"Fusion Hammer":36,"Red Mask":42,"Toxic Egg 2":46,"Cracked Core":0,"Potion Belt":27,"Pear":9,"PreservedInsect":52,"War Paint":52,"Orichalcum":71,"Medical Kit":42,"Nuclear Battery":67,"OrangePellets":71,"Bottled Flame":46,"Shuriken":49,"Orrery":82,"Membership Card":4,"FossilizedHelix":71}]},"card_choices":[{"not_picked":["Leap","Scrape","Streamline"],"picked":"SKIP","floor":1},{"not_picked":["Streamline","Double Energy"],"picked":"Cold Snap","floor":3},{"not_picked":["Rebound","Tempest"],"picked":"Static Discharge","floor":7},{"not_picked":["Turbo","Undo","Barrage"],"picked":"SKIP","floor":8},{"not_picked":["Go for the Eyes","Machine Learning","Consume"],"picked":"SKIP","floor":10},{"not_picked":["Redo","Chill"],"picked":"FTL","floor":11},{"not_picked":["Compile Driver","Go for the Eyes","Conserve Battery"],"picked":"SKIP","floor":12},{"not_picked":["Go for the Eyes","Cold Snap","Beam Cell"],"picked":"SKIP","floor":14},{"not_picked":["Amplify","Multi-Cast"],"picked":"Rainbow","floor":16},{"not_picked":["Streamline","Ball Lightning"],"picked":"Storm","floor":18},{"not_picked":["Sweeping Beam+1","Capacitor"],"picked":"Glacier","floor":21},{"not_picked":["Consume","Lockon","Turbo"],"picked":"SKIP","floor":23},{"not_picked":["Amplify+1","Sweeping Beam","Beam Cell+1"],"picked":"SKIP","floor":25},{"not_picked":["Rip and Tear","Ball Lightning","Stack+1"],"picked":"SKIP","floor":27},{"not_picked":["Consume+1","Hologram+1","Leap+1"],"picked":"SKIP","floor":29},{"not_picked":["Hologram+1","Hello World","Streamline"],"picked":"SKIP","floor":30},{"not_picked":["Steam+1","Darkness+1"],"picked":"Redo+1","floor":31},{"not_picked":["Meteor Strike","Multi-Cast+1"],"picked":"Seek+1","floor":33},{"not_picked":["Redo+1","Conserve Battery+1","Barrage"],"picked":"SKIP","floor":35},{"not_picked":["Cold Snap+1","Double Energy+1","Compile Driver+1"],"picked":"SKIP","floor":39},{"not_picked":["Doom and Gloom","Chaos+1"],"picked":"All For One","floor":40},{"not_picked":["Glacier+1","Conserve Battery+1"],"picked":"Consume+1","floor":42},{"not_picked":["Leap+1","Steam+1"],"picked":"Aggregate+1","floor":46},{"not_picked":["Hologram+1","Rebound"],"picked":"Storm+1","floor":46},{"not_picked":["Stack+1","Barrage"],"picked":"Glacier+1","floor":46},{"not_picked":["Turbo+1","Darkness+1"],"picked":"Aggregate+1","floor":46},{"not_picked":["Auto Shields+1","Recycle+1"],"picked":"Defragment","floor":47},{"not_picked":["Blizzard","Ball Lightning","All For One"],"picked":"SKIP","floor":48}],"player_experience":1604439,"relics_obtained":[{"floor":7,"key":"Pear"},{"floor":9,"key":"Darkstone Periapt"},{"floor":14,"key":"Potion Belt"},{"floor":21,"key":"Red Mask"},{"floor":23,"key":"Bottled Flame"},{"floor":24,"key":"Toxic Egg 2"},{"floor":25,"key":"Matryoshka"},{"floor":26,"key":"Vajra"},{"floor":26,"key":"Shuriken"},{"floor":28,"key":"PreservedInsect"},{"floor":28,"key":"War Paint"},{"floor":30,"key":"Bottled Tornado"},{"floor":40,"key":"Ancient Tea Set"},{"floor":43,"key":"Bag of Preparation"}],"event_choices":[{"cards_removed":["Go for the Eyes"],"damage_healed":0,"gold_gain":0,"player_choice":"Card Removal","damage_taken":7,"max_hp_gain":0,"max_hp_loss":0,"event_name":"Golden Wing","floor":2,"gold_loss":0},{"damage_healed":0,"gold_gain":0,"player_choice":"0 cards matched","damage_taken":0,"max_hp_gain":0,"max_hp_loss":0,"event_name":"Match and Keep!","floor":5,"gold_loss":0,"cards_obtained":[]},{"damage_healed":0,"gold_gain":0,"player_choice":"Ignored","damage_taken":0,"max_hp_gain":0,"max_hp_loss":0,"event_name":"Liars Game","floor":13,"gold_loss":0},{"cards_removed":["Loop"],"damage_healed":0,"gold_gain":0,"player_choice":"Gave Gold","damage_taken":0,"max_hp_gain":0,"max_hp_loss":0,"event_name":"Beggar","floor":19,"gold_loss":75},{"damage_healed":0,"gold_gain":0,"player_choice":"Read","damage_taken":0,"max_hp_gain":0,"max_hp_loss":0,"event_name":"The Library","floor":20,"gold_loss":0,"cards_obtained":["Defragment"]},{"damage_healed":0,"gold_gain":0,"player_choice":"Fought Bandits","damage_taken":0,"max_hp_gain":0,"max_hp_loss":0,"event_name":"Masked Bandits","floor":21,"gold_loss":0},{"damage_healed":0,"gold_gain":0,"player_choice":"Max HP","damage_taken":0,"max_hp_gain":0,"max_hp_loss":5,"event_name":"Winding Halls","floor":37,"gold_loss":0},{"damage_healed":0,"gold_gain":0,"player_choice":"Upgrade","damage_taken":0,"relics_obtained":["Mark of the Bloom"],"max_hp_gain":0,"max_hp_loss":0,"event_name":"MindBloom","floor":45,"gold_loss":0,"cards_upgraded":["Go for the Eyes","Go for the Eyes","Steam","Steam","Steam","Conserve Battery","Conserve Battery","Conserve Battery","Barrage","Barrage","Barrage","Compile Driver","Compile Driver","Compile Driver","Coolheaded","Coolheaded","Coolheaded","Steam Power","Steam Power","Turbo","Turbo","Turbo","Heatsinks","Heatsinks","Heatsinks","Loop","Loop","Loop","Cold Snap","Cold Snap","Cold Snap","Loop","Loop","Static Discharge","Static Discharge","Static Discharge","FTL","FTL","FTL","Rainbow","Rainbow","Storm","Storm","Storm","Defragment","Defragment","Defragment","Glacier","Glacier","Glacier","Capacitor","Capacitor","Capacitor","Defragment","Defragment","Defragment","All For One","All For One","All For One"]}],"is_beta":false,"boss_relics":[{"not_picked":["SlaversCollar","Philosopher\u0027s Stone"],"picked":"Fusion Hammer"},{"not_picked":["Black Star","Astrolabe"],"picked":"Nuclear Battery"}],"items_purged_floors":[],"is_endless":false,"potions_floor_spawned":[8,10,12,16,21,23,25,30,39,47],"ascension_level":0}}