{"host":"1ekl8hlbnopmdapi","time":1610919440,"event":{"mods":["AchievementEnabler","BaseMod","Colored Map","Colored Powertips","DeckTracker","Googly Eyes","Highlight Path","Minty Spire (QoL Compilation)","Relic Sorter","StSLib","Synergy Search"],"gold_per_floor":[16,32,45,45,57,57,87,104,131,149,149,180,193,218,218,319,319,331,252,271,282,301,301,301,331,331,331,348,273,188,200,200,303,303,322,322,170,170,183,183,200,200,200,32,32,49,49,49,49,49,49,49,49,76,76,76],"floor_reached":55,"language":"ENG","playtime":1553,"items_purged":[],"score":1006,"play_id":"49f494dc-c615-4764-97f6-96e8a98066a1","local_time":"20210117163720","is_ascension_mode":true,"campfire_choices":[{"floor":6,"key":"REST"},{"floor":15,"key":"REST"},{"floor":23,"key":"REST"},{"floor":27,"key":"REST"},{"floor":32,"key":"RECALL"},{"data":"Barrage","floor":40,"key":"SMITH"},{"data":"Barrage","floor":42,"key":"SMITH"},{"data":"Panacea","floor":45,"key":"SMITH"},{"floor":49,"key":"REST"},{"floor":52,"key":"REST"}],"circlet_count":0,"master_deck":["Strike_B","Defend_B","Defend_B+1","Defend_B","Defend_B","Zap","Dualcast","Stack","Ball Lightning+1","FTL","Ball Lightning","Ball Lightning","White Noise+1","Barrage+1","All For One","Conserve Battery","Ball Lightning","Lockon","Core Surge","Cold Snap","FTL","Self Repair+1","Leap","Cold Snap+1","Barrage+1","Conserve Battery+1","Rebound","Leap","Core Surge","CurseOfTheBell","Barrage+1","Conserve Battery+1","Ball Lightning+1","Panacea+1","Loop","Capacitor+1","Redo+1","Stack"],"relics":["Cracked Core","CaptainsWheel","Thread and Needle","DataDisk","Dream Catcher","Ancient Tea Set","Inserter","Emotion Chip","HornCleat","Peace Pipe","Calling Bell","Vajra","Sundial","Incense Burner","Sling","Happy Flower"],"acts_visited":["Exordium","TheCity","TheBeyond","TheEnding"],"potions_floor_usage":[12,13,16,16,18,25,33,39,46],"damage_taken":[{"damage":0,"enemies":"Small Slimes","floor":1,"turns":2},{"damage":0,"enemies":"Cultist","floor":2,"turns":4},{"damage":4,"enemies":"Jaw Worm","floor":3,"turns":3},{"damage":4,"enemies":"2 Fungi Beasts","floor":5,"turns":3},{"damage":22,"enemies":"3 Sentries","floor":7,"turns":7},{"damage":0,"enemies":"3 Louse","floor":8,"turns":2},{"damage":9,"enemies":"Blue Slaver","floor":10,"turns":2},{"damage":12,"enemies":"Gremlin Nob","floor":12,"turns":3},{"damage":3,"enemies":"Exordium Thugs","floor":13,"turns":3},{"damage":8,"enemies":"Lagavulin","floor":14,"turns":4},{"damage":16,"enemies":"The Guardian","floor":16,"turns":5},{"damage":10,"enemies":"Shell Parasite","floor":18,"turns":3},{"damage":7,"enemies":"Spheric Guardian","floor":20,"turns":3},{"damage":17,"enemies":"Centurion and Healer","floor":21,"turns":5},{"damage":15,"enemies":"Shelled Parasite and Fungi","floor":22,"turns":4},{"damage":24,"enemies":"Gremlin Leader","floor":25,"turns":6},{"damage":0,"enemies":"Snecko","floor":28,"turns":4},{"damage":0,"enemies":"Cultist and Chosen","floor":31,"turns":4},{"damage":46,"enemies":"Champ","floor":33,"turns":10},{"damage":0,"enemies":"Orb Walker","floor":35,"turns":4},{"damage":0,"enemies":"3 Shapes","floor":39,"turns":4},{"damage":0,"enemies":"Transient","floor":41,"turns":5},{"damage":46,"enemies":"Jaw Worm Horde","floor":46,"turns":5},{"damage":78,"enemies":"Awakened One","floor":50,"turns":13},{"damage":51,"enemies":"Shield and Spear","floor":54,"turns":8},{"damage":42,"enemies":"The Heart","floor":55,"turns":2}],"seed_played":"-7258632706564729319","potions_obtained":[{"floor":2,"key":"FocusPotion"},{"floor":7,"key":"Swift Potion"},{"floor":10,"key":"SkillPotion"},{"floor":13,"key":"Block Potion"},{"floor":14,"key":"DistilledChaos"},{"floor":21,"key":"Strength Potion"},{"floor":28,"key":"SpeedPotion"},{"floor":33,"key":"SpeedPotion"},{"floor":35,"key":"Energy Potion"},{"floor":36,"key":"FairyPotion"}],"is_trial":false,"path_per_floor":["M","M","M","?","M","R","E","M","T","M","?","E","M","E","R","B",null,"M","$","M","M","M","R","?","E","T","R","M","?","?","M","R","B",null,"M","?","$","?","M","R","M","R","T","$","R","M","?","$","R","B",null,"R","$","E","B"],"character_chosen":"DEFECT","items_purchased":["FTL","Sling","Panacea","Loop"],"campfire_rested":6,"item_purchase_floors":[19,37,44,44],"current_hp_per_floor":[68,68,64,49,45,67,45,45,45,36,36,24,21,13,35,19,61,51,51,44,37,22,44,30,16,16,40,50,50,50,60,60,24,66,76,76,76,76,76,76,80,80,80,80,80,34,34,34,58,9,62,80,80,39,0,0],"gold":76,"neow_bonus":"ONE_RARE_RELIC","is_daily":false,"chose_seed":false,"campfire_upgraded":3,"win_rate":0.0,"timestamp":1610919440,"path_taken":["M","M","M","?","M","R","E","M","T","M","?","E","M","E","R","BOSS","M","$","?","M","M","R","?","E","T","R","M","?","?","M","R","BOSS","M","?","?","?","?","R","M","R","T","$","R","M","?","?","R","BOSS","R","$","E","BOSS"],"items_purchased_type":["Card","Relic","Card","Card"],"build_version":"2020-12-22","purchased_purges":0,"victory":false,"max_hp_per_floor":[75,75,75,75,75,75,75,75,75,75,75,75,75,75,75,75,75,75,75,75,75,75,75,80,80,80,80,80,80,80,80,80,80,80,80,80,80,80,80,80,80,80,80,80,80,80,80,80,80,80,80,80,80,80,80,80],"card_choices":[{"not_picked":["Steam Power","Sweeping Beam"],"picked":"Stack","floor":1},{"not_picked":["Beam Cell","Conserve Battery"],"picked":"Ball Lightning","floor":2},{"not_picked":["Coolheaded","Conserve Battery"],"picked":"FTL","floor":3},{"not_picked":["Self Repair","Doom and Gloom"],"picked":"Ball Lightning","floor":5},{"not_picked":["Rainbow","Stack"],"picked":"Ball Lightning","floor":7},{"not_picked":["Turbo","Gash"],"picked":"White Noise","floor":8},{"not_picked":["Glacier","Gash"],"picked":"Barrage","floor":10},{"not_picked":["Scrape","Beam Cell"],"picked":"Conserve Battery","floor":12},{"not_picked":["Turbo","Meteor Strike"],"picked":"Ball Lightning","floor":13},{"not_picked":["Turbo","Compile Driver","Beam Cell"],"picked":"SKIP","floor":14},{"not_picked":["Beam Cell","Sunder"],"picked":"Lockon","floor":15},{"not_picked":["All For One","Buffer"],"picked":"Core Surge","floor":16},{"not_picked":["Gash","Sweeping Beam"],"picked":"Cold Snap","floor":18},{"not_picked":["Rebound","Beam Cell"],"picked":"Self Repair+1","floor":20},{"not_picked":["Blizzard","Darkness","Tempest"],"picked":"SKIP","floor":21},{"not_picked":["Heatsinks","Rebound"],"picked":"Leap","floor":22},{"not_picked":["Consume","Chaos"],"picked":"Cold Snap+1","floor":23},{"not_picked":["Static Discharge","Rebound+1"],"picked":"Barrage+1","floor":25},{"not_picked":["Stack","Go for the Eyes+1"],"picked":"Conserve Battery+1","floor":27},{"not_picked":["Meteor Strike","Hello World"],"picked":"Rebound","floor":28},{"not_picked":["Aggregate","Fusion"],"picked":"Leap","floor":31},{"not_picked":["Hyperbeam","Amplify"],"picked":"Core Surge","floor":33},{"not_picked":["Hologram","Streamline+1"],"picked":"Barrage","floor":35},{"not_picked":["Rebound+1","Sweeping Beam+1"],"picked":"Conserve Battery+1","floor":39},{"not_picked":["Doom and Gloom+1","Beam Cell"],"picked":"Ball Lightning+1","floor":41},{"not_picked":["Rebound","Coolheaded+1"],"picked":"Capacitor+1","floor":46},{"not_picked":["Reinforced Body","Compile Driver+1"],"picked":"Redo+1","floor":52},{"not_picked":["Thunder Strike","Blizzard"],"picked":"Stack","floor":54}],"player_experience":457773,"relics_obtained":[{"floor":7,"key":"Thread and Needle"},{"floor":9,"key":"DataDisk"},{"floor":12,"key":"Dream Catcher"},{"floor":14,"key":"Ancient Tea Set"},{"floor":25,"key":"Emotion Chip"},{"floor":26,"key":"HornCleat"},{"floor":34,"key":"Vajra"},{"floor":34,"key":"Sundial"},{"floor":34,"key":"Incense Burner"},{"floor":54,"key":"Happy Flower"}],"event_choices":[{"damage_healed":0,"gold_gain":0,"player_choice":"Entered Light","damage_taken":15,"max_hp_gain":0,"max_hp_loss":0,"event_name":"Shining Light","floor":4,"gold_loss":0,"cards_upgraded":["Ball Lightning","Defend_B"]},{"damage_healed":0,"gold_gain":0,"cards_transformed":["Strike_B"],"player_choice":"Transformed","damage_taken":0,"max_hp_gain":0,"max_hp_loss":0,"event_name":"Transmorgrifier","floor":11,"gold_loss":0,"cards_obtained":["All For One"]},{"damage_healed":0,"gold_gain":0,"player_choice":"Shed Blood","damage_taken":19,"max_hp_gain":5,"max_hp_loss":0,"event_name":"Forgotten Altar","floor":24,"gold_loss":0},{"cards_removed":["Strike_B"],"damage_healed":0,"gold_gain":0,"player_choice":"Gave Gold","damage_taken":0,"max_hp_gain":0,"max_hp_loss":0,"event_name":"Beggar","floor":29,"gold_loss":75},{"damage_healed":0,"gold_gain":0,"player_choice":"Obtained Relic","damage_taken":0,"relics_obtained":["Peace Pipe"],"max_hp_gain":0,"max_hp_loss":0,"event_name":"Addict","floor":30,"gold_loss":85},{"damage_healed":0,"gold_gain":0,"player_choice":"Got Potions","damage_taken":0,"max_hp_gain":0,"max_hp_loss":0,"event_name":"Lab","floor":36,"gold_loss":0},{"cards_removed":["Strike_B"],"damage_healed":0,"gold_gain":0,"player_choice":"Purged","damage_taken":0,"max_hp_gain":0,"max_hp_loss":0,"event_name":"Purifier","floor":38,"gold_loss":0},{"damage_healed":0,"gold_gain":0,"player_choice":"Forge","damage_taken":0,"max_hp_gain":0,"max_hp_loss":0,"event_name":"Accursed Blacksmith","floor":47,"gold_loss":0,"cards_upgraded":["White Noise"]}],"is_beta":false,"boss_relics":[{"not_picked":["Velvet Choker","SacredBark"],"picked":"Inserter"},{"not_picked":["Fusion Hammer","Empty Cage"],"picked":"Calling Bell"}],"items_purged_floors":[],"is_endless":false,"potions_floor_spawned":[2,7,10,13,14,21,28,33,35],"killed_by":"The Heart","ascension_level":9}}