{"host":"2hea6pl5vmah38iy","time":1610904975,"event":{"mods":["AchievementEnabler","BaseMod","Colored Map","DeckTracker","Keyboard Shortcuts","Minty Spire (QoL Compilation)","Rare Cards Sparkle","StSLib","SuperFastMode","everything is the same but u backflip on backflip"],"gold_per_floor":[115,115,128,138,150,150,185,203,279,39,39,69,69,16,16,88,88,100,100,60,71,82,97,97,107,131,131,131,131,150,170,170,247,547,559,559],"floor_reached":35,"language":"KOR","playtime":2003,"items_purged":["Strike_B"],"score":664,"play_id":"638d1d27-cef8-44d2-aa3c-93b8a92f5f8e","local_time":"20210118023615","is_ascension_mode":true,"campfire_choices":[{"data":"Chaos","floor":6,"key":"SMITH"},{"data":"Dualcast","floor":13,"key":"SMITH"},{"data":"Zap","floor":15,"key":"SMITH"},{"floor":24,"key":"REST"},{"data":"Reinforced Body","floor":28,"key":"SMITH"},{"data":"Hologram","floor":32,"key":"SMITH"}],"circlet_count":0,"master_deck":["AscendersBane","Strike_B","Strike_B","Strike_B","Defend_B","Defend_B","Defend_B","Defend_B","Zap+1","Dualcast+1","Hologram+1","Cold Snap","Chaos+1","Compile Driver","Reinforced Body+1","Turbo","Machine Learning","Compile Driver","Echo Form","Coolheaded","Skim","Biased Cognition","Ghostly","Ghostly","Ghostly","Biased Cognition","Meteor Strike","CurseOfTheBell"],"relics":["Cracked Core","Pocketwatch","FaceOfCleric","Pantograph","TheAbacus","Turnip","Philosopher\u0027s Stone","Akabeko","Nloth\u0027s Gift","Calling Bell","MawBank","Shuriken","Old Coin"],"acts_visited":["Exordium","TheCity","TheBeyond"],"potions_floor_usage":[8,12,18,23,23,33,33],"damage_taken":[{"damage":7,"enemies":"Small Slimes","floor":1,"turns":3},{"damage":11,"enemies":"Cultist","floor":3,"turns":4},{"damage":0,"enemies":"Jaw Worm","floor":4,"turns":4},{"damage":8,"enemies":"Blue Slaver","floor":5,"turns":4},{"damage":14,"enemies":"Lagavulin","floor":7,"turns":7},{"damage":0,"enemies":"Large Slime","floor":8,"turns":3},{"damage":7,"enemies":"3 Sentries","floor":12,"turns":5},{"damage":17,"enemies":"The Guardian","floor":16,"turns":11},{"damage":29,"enemies":"3 Byrds","floor":18,"turns":5},{"damage":7,"enemies":"Chosen","floor":21,"turns":4},{"damage":13,"enemies":"Snake Plant","floor":22,"turns":4},{"damage":11,"enemies":"3 Cultists","floor":23,"turns":6},{"damage":9,"enemies":"Centurion and Healer","floor":25,"turns":6},{"damage":0,"enemies":"Snecko","floor":30,"turns":7},{"damage":2,"enemies":"Cultist and Chosen","floor":31,"turns":5},{"damage":1,"enemies":"Collector","floor":33,"turns":10},{"damage":50,"enemies":"3 Darklings","floor":35,"turns":8}],"seed_played":"-2932615831336568468","potions_obtained":[{"floor":3,"key":"FocusPotion"},{"floor":5,"key":"AttackPotion"},{"floor":8,"key":"FocusPotion"},{"floor":20,"key":"FocusPotion"},{"floor":20,"key":"BlessingOfTheForge"},{"floor":21,"key":"Energy Potion"},{"floor":23,"key":"LiquidMemories"},{"floor":30,"key":"ColorlessPotion"}],"is_trial":false,"path_per_floor":["M","?","M","M","M","R","E","M","T","$","?","E","R","$","R","B",null,"M","?","?","M","M","M","R","M","T","?","R","?","M","M","R","B",null,"M"],"character_chosen":"DEFECT","items_purchased":["TheAbacus","Compile Driver"],"campfire_rested":1,"item_purchase_floors":[10,14],"current_hp_per_floor":[57,57,47,48,41,41,28,29,29,29,29,23,23,23,23,32,61,33,33,33,27,15,5,27,19,19,19,19,19,20,19,19,40,41,0,0],"gold":559,"neow_bonus":"ONE_RARE_RELIC","is_daily":false,"chose_seed":false,"campfire_upgraded":5,"win_rate":0.0,"timestamp":1610904975,"path_taken":["M","?","M","M","?","R","E","M","T","$","?","E","R","?","R","BOSS","M","?","?","M","M","?","R","M","T","?","R","?","M","M","R","BOSS","M"],"items_purchased_type":["Relic","Card"],"build_version":"2020-12-22","purchased_purges":1,"victory":false,"max_hp_per_floor":[64,64,65,66,67,67,68,69,69,69,69,70,70,70,70,71,71,72,72,72,73,74,75,75,76,76,38,38,38,39,40,40,41,41,41,41],"card_choices":[{"not_picked":["Beam Cell","Redo"],"picked":"Hologram","floor":1},{"not_picked":["Hello World","Storm"],"picked":"Cold Snap","floor":3},{"not_picked":["Coolheaded","Cold Snap"],"picked":"Chaos","floor":4},{"not_picked":["Self Repair","Chill"],"picked":"Compile Driver","floor":5},{"not_picked":["Conserve Battery","Redo"],"picked":"Reinforced Body","floor":7},{"not_picked":["Sweeping Beam","Coolheaded"],"picked":"Turbo","floor":8},{"not_picked":["Cold Snap","Amplify"],"picked":"Machine Learning","floor":12},{"not_picked":["Rainbow","Meteor Strike"],"picked":"Echo Form","floor":16},{"not_picked":["Leap","Streamline","Conserve Battery"],"picked":"SKIP","floor":18},{"not_picked":["Stack","Go for the Eyes+1"],"picked":"Coolheaded","floor":21},{"not_picked":["Go for the Eyes","White Noise"],"picked":"Skim","floor":22},{"not_picked":["Steam","Leap"],"picked":"Biased Cognition","floor":23},{"not_picked":["Redo","Ball Lightning","Steam Power"],"picked":"SKIP","floor":25},{"not_picked":["Rebound","Compile Driver"],"picked":"Biased Cognition","floor":30},{"not_picked":["Genetic Algorithm","Go for the Eyes","Stack+1"],"picked":"SKIP","floor":31},{"not_picked":["Machine Learning","Fission"],"picked":"Meteor Strike","floor":33}],"player_experience":489427,"relics_obtained":[{"floor":7,"key":"Bag of Marbles"},{"floor":9,"key":"Pantograph"},{"floor":12,"key":"Turnip"},{"floor":26,"key":"Akabeko"},{"floor":34,"key":"MawBank"},{"floor":34,"key":"Shuriken"},{"floor":34,"key":"Old Coin"}],"event_choices":[{"damage_healed":0,"gold_gain":0,"player_choice":"Trade","damage_taken":0,"relics_obtained":["FaceOfCleric"],"max_hp_gain":0,"max_hp_loss":0,"event_name":"FaceTrader","floor":2,"gold_loss":0},{"damage_healed":0,"gold_gain":0,"player_choice":"Ignored","damage_taken":0,"max_hp_gain":0,"max_hp_loss":0,"event_name":"Shining Light","floor":11,"gold_loss":0},{"damage_healed":0,"gold_gain":0,"player_choice":"Ignored","damage_taken":0,"max_hp_gain":0,"max_hp_loss":0,"event_name":"Vampires","floor":19,"gold_loss":0},{"damage_healed":0,"gold_gain":0,"player_choice":"Bought 3 Potions","damage_taken":0,"max_hp_gain":0,"max_hp_loss":0,"event_name":"The Woman in Blue","floor":20,"gold_loss":0},{"damage_healed":0,"gold_gain":0,"player_choice":"Became a Ghost","damage_taken":0,"max_hp_gain":0,"max_hp_loss":38,"event_name":"Ghosts","floor":27,"gold_loss":0,"cards_obtained":["Ghostly","Ghostly","Ghostly"]},{"damage_healed":0,"gold_gain":0,"player_choice":"Traded Relic","damage_taken":0,"relics_obtained":["Nloth\u0027s Gift"],"max_hp_gain":0,"max_hp_loss":0,"event_name":"N\u0027loth","floor":29,"relics_lost":["Bag of Marbles"],"gold_loss":0}],"is_beta":false,"boss_relics":[{"not_picked":["Cursed Key","Runic Dome"],"picked":"Philosopher\u0027s Stone"},{"not_picked":["FrozenCore","Empty Cage"],"picked":"Calling Bell"}],"items_purged_floors":[10],"is_endless":false,"potions_floor_spawned":[3,5,8,21,23,30,31],"killed_by":"3 Darklings","ascension_level":16}}