{"host":"9ndbo4kgsfoemf7y","time":1610886260,"event":{"mods":["AchievementEnabler","BaseMod","Colored Map","DeckTracker","Keyboard Shortcuts","Minty Spire (QoL Compilation)","Permanent Neow","Quick Restart","Relic Stats","StSLib","SuperFastMode"],"gold_per_floor":[359,14,29,41,41,41,41],"floor_reached":6,"language":"KOR","playtime":164,"items_purged":[],"score":72,"play_id":"80d4a623-b735-42b9-a399-a12e7bd8cde2","local_time":"20210117212420","is_ascension_mode":true,"campfire_choices":[],"circlet_count":0,"master_deck":["AscendersBane","Strike_G","Strike_G","Strike_G","Strike_G","Defend_G","Defend_G","Defend_G","Defend_G","Defend_G","Survivor","Neutralize","PiercingWail","Dagger Throw","Dagger Spray"],"relics":["Ring of the Snake","Torii"],"acts_visited":["Exordium"],"potions_floor_usage":[],"damage_taken":[{"damage":8,"enemies":"Cultist","floor":1,"turns":4},{"damage":2,"enemies":"2 Louse","floor":3,"turns":4},{"damage":1,"enemies":"Jaw Worm","floor":4,"turns":5},{"damage":40,"enemies":"Lagavulin","floor":6,"turns":7}],"seed_played":"-3754492059004861625","potions_obtained":[],"is_trial":false,"path_per_floor":["M","$","M","M","?","E"],"character_chosen":"THE_SILENT","items_purchased":["Torii"],"campfire_rested":0,"item_purchase_floors":[2],"current_hp_per_floor":[36,36,34,33,33,0,0],"gold":41,"neow_bonus":"TWO_FIFTY_GOLD","is_daily":false,"chose_seed":false,"campfire_upgraded":0,"win_rate":0.0,"timestamp":1610886260,"path_taken":["M","$","M","M","?","E"],"items_purchased_type":["Relic"],"build_version":"2020-12-22","purchased_purges":0,"victory":false,"max_hp_per_floor":[66,66,66,66,66,66,66],"relic_stats":{"Torii":3,"counters":[4,20],"obtain_stats":[{"Torii":2,"Ring of the Snake":0},{"Torii":1,"Ring of the Snake":0},{"Torii":4,"Ring of the Snake":0}],"Ring of the Snake":[8]},"card_choices":[{"not_picked":["Dodge and Roll","Flying Knee"],"picked":"PiercingWail","floor":1},{"not_picked":["Backflip","Terror"],"picked":"Dagger Throw","floor":3},{"not_picked":["Quick Slash","Sucker Punch","Endless Agony"],"picked":"SKIP","floor":4}],"player_experience":827874,"relics_obtained":[],"event_choices":[{"damage_healed":0,"gold_gain":0,"cards_transformed":["Strike_G"],"player_choice":"Transformed","damage_taken":0,"max_hp_gain":0,"max_hp_loss":0,"event_name":"Transmorgrifier","floor":5,"gold_loss":0,"cards_obtained":["Dagger Spray"]}],"is_beta":false,"boss_relics":[],"items_purged_floors":[],"is_endless":false,"potions_floor_spawned":[],"killed_by":"Lagavulin","ascension_level":20}}