{"host":"oehe2dxjvdgux73m","time":1610874262,"event":{"mods":["AchievementEnabler","BaseMod","Colored Map","Colored Powertips","DeckTracker","Keyboard Shortcuts","Minty Spire (QoL Compilation)","Permanent Neow","Quick Restart","StSLib","SuperFastMode"],"gold_per_floor":[117,117,97,116,126,126,144,144,144,144,44,44,44,58,58,135,135,108,33,45,45,45,45,60,60,86,97,124,124,140,150,150,222,222,235,254,273,286,286,286,80,80,153,0,0,25,53,67,67,67,67,67],"floor_reached":51,"language":"KOR","playtime":2331,"items_purged":["Strike_G","Parasite"],"score":1399,"play_id":"1f1e7191-9b5a-403f-b611-4f84d054b751","local_time":"20210117180422","is_ascension_mode":true,"campfire_choices":[{"data":"Catalyst","floor":6.0,"key":"SMITH"},{"data":"Bouncing Flask","floor":15.0,"key":"SMITH"},{"data":"Adrenaline","floor":23.0,"key":"SMITH"},{"data":"Noxious Fumes","floor":25.0,"key":"SMITH"},{"data":"Dodge and Roll","floor":32.0,"key":"SMITH"},{"data":"Backflip","floor":40.0,"key":"SMITH"},{"data":"Well Laid Plans","floor":42.0,"key":"SMITH"},{"data":"PiercingWail","floor":45.0,"key":"SMITH"},{"floor":49.0,"key":"REST"}],"circlet_count":0,"master_deck":["AscendersBane","Defend_G","Defend_G","Defend_G","Defend_G","Survivor+1","Neutralize+1","Terror","Dagger Spray","Poisoned Stab","Catalyst+1","Noxious Fumes+1","Deadly Poison+1","Adrenaline+1","Bouncing Flask+1","Venomology+1","CurseOfTheBell","Backflip","PiercingWail+1","Backflip+1","Calculated Gamble+1","Dodge and Roll+1","Corpse Explosion","PiercingWail","Secret Weapon","Well Laid Plans+1","Acrobatics","Adrenaline"],"relics":["Ring of the Snake","Calling Bell","Bag of Preparation","HornCleat","Dead Branch","Enchiridion","War Paint","Pear","Nloth\u0027s Gift","Sozu","Mummified Hand","Red Mask","StoneCalendar","White Beast Statue"],"acts_visited":["Exordium","TheCity","TheBeyond"],"potions_floor_usage":[],"damage_taken":[{"damage":1.0,"enemies":"2 Louse","floor":1.0,"turns":3.0},{"damage":0.0,"enemies":"Cultist","floor":4.0,"turns":4.0},{"damage":2.0,"enemies":"Small Slimes","floor":5.0,"turns":3.0},{"damage":0.0,"enemies":"2 Fungi Beasts","floor":7.0,"turns":2.0},{"damage":2.0,"enemies":"Exordium Wildlife","floor":14.0,"turns":3.0},{"damage":6.0,"enemies":"Hexaghost","floor":16.0,"turns":5.0},{"damage":2.0,"enemies":"2 Thieves","floor":18.0,"turns":4.0},{"damage":3.0,"enemies":"Chosen","floor":20.0,"turns":5.0},{"damage":0.0,"enemies":"Snecko","floor":24.0,"turns":3.0},{"damage":1.0,"enemies":"Shelled Parasite and Fungi","floor":27.0,"turns":3.0},{"damage":0.0,"enemies":"Gremlin Leader","floor":28.0,"turns":4.0},{"damage":2.0,"enemies":"Sentry and Sphere","floor":30.0,"turns":3.0},{"damage":0.0,"enemies":"Cultist and Chosen","floor":31.0,"turns":4.0},{"damage":35.0,"enemies":"Collector","floor":33.0,"turns":6.0},{"damage":1.0,"enemies":"Orb Walker","floor":35.0,"turns":3.0},{"damage":0.0,"enemies":"3 Darklings","floor":36.0,"turns":2.0},{"damage":11.0,"enemies":"Writhing Mass","floor":37.0,"turns":5.0},{"damage":1.0,"enemies":"Maw","floor":38.0,"turns":4.0},{"damage":0.0,"enemies":"Mind Bloom Boss Battle","floor":46.0,"turns":5.0},{"damage":36.0,"enemies":"Giant Head","floor":47.0,"turns":7.0},{"damage":0.0,"enemies":"4 Shapes","floor":48.0,"turns":2.0},{"damage":12.0,"enemies":"Time Eater","floor":50.0,"turns":5.0},{"damage":21,"enemies":"Donu and Deca","floor":51,"turns":4}],"seed_played":"5302527767099562025","potions_obtained":[{"floor":1.0,"key":"Poison Potion"},{"floor":3.0,"key":"Strength Potion"},{"floor":16.0,"key":"EssenceOfSteel"},{"floor":20.0,"key":"Explosive Potion"}],"is_trial":false,"path_per_floor":["M","?","?","M","M","R","M","?","T","?","$","$","?","M","R","B",null,"M","?","M","?","?","R","M","R","T","M","E","?","M","M","R","B",null,"M","M","M","M","?","R","$","R","T","?","R","?","E","M","R","B","B"],"character_chosen":"THE_SILENT","items_purchased":["Deadly Poison","Well Laid Plans","Acrobatics"],"campfire_rested":1,"item_purchase_floors":[11,41,41],"current_hp_per_floor":[58,51,51,51,49,49,49,31,31,36,36,36,36,34,34,28,56,54,54,51,51,30,30,32,32,32,31,41,41,39,39,39,4,59,58,58,47,46,41,41,41,41,41,41,41,41,5,5,27,15,0,0],"gold":67,"neow_bonus":"TRANSFORM_TWO_CARDS","is_daily":false,"chose_seed":false,"campfire_upgraded":8,"win_rate":0.0,"timestamp":1610874262,"path_taken":["M","?","?","M","M","R","?","?","T","?","?","$","?","?","R","BOSS","M","?","M","?","?","R","?","R","T","M","E","?","M","M","R","BOSS","M","M","?","M","?","R","$","R","T","?","R","?","E","?","R","BOSS","BOSS"],"items_purchased_type":["Card","Card","Card"],"build_version":"2020-12-22","purchased_purges":2,"victory":false,"max_hp_per_floor":[60,60,60,60,60,60,60,60,60,65,65,65,65,65,65,65,65,65,65,65,65,65,65,67,67,67,67,77,77,77,77,77,77,77,77,77,77,77,77,77,74,74,74,74,74,74,74,74,74,74,74,74],"card_choices":[{"not_picked":["Reflex","Sucker Punch"],"picked":"Poisoned Stab","floor":1.0},{"not_picked":["Sucker Punch","Backstab"],"picked":"Catalyst","floor":4.0},{"not_picked":["All Out Attack","Dagger Spray","Finisher"],"picked":"SKIP","floor":5.0},{"not_picked":["Bouncing Flask","Blade Dance"],"picked":"Noxious Fumes","floor":7.0},{"not_picked":["Reflex","Dodge and Roll"],"picked":"Bouncing Flask","floor":14.0},{"not_picked":["After Image","Storm of Steel"],"picked":"Venomology","floor":16.0},{"not_picked":["Acrobatics","Prepared"],"picked":"Backflip","floor":18.0},{"not_picked":["Flying Knee+1","Blade Dance"],"picked":"PiercingWail","floor":20.0},{"not_picked":["Heel Hook","Concentrate","Bouncing Flask+1"],"picked":"Singing Bowl","floor":24.0},{"not_picked":["Finisher","Slice"],"picked":"Backflip","floor":27.0},{"not_picked":["Deflect","Acrobatics"],"picked":"Calculated Gamble+1","floor":28.0},{"not_picked":["Dagger Throw","Poisoned Stab","Bouncing Flask"],"picked":"SKIP","floor":30.0},{"not_picked":["Choke","Underhanded Strike"],"picked":"Dodge and Roll","floor":31.0},{"not_picked":["Unload","Die Die Die"],"picked":"Corpse Explosion","floor":33.0},{"not_picked":["Dagger Spray","Slice+1","Quick Slash"],"picked":"SKIP","floor":35.0},{"not_picked":["Masterful Stab","Predator+1","Deflect"],"picked":"SKIP","floor":36.0},{"not_picked":["Well Laid Plans","Grand Finale","Blade Dance+1"],"picked":"SKIP","floor":37.0},{"not_picked":["Accuracy","Sucker Punch"],"picked":"PiercingWail","floor":38.0},{"not_picked":["Chrysalis","Panacea"],"picked":"Secret Weapon","floor":39.0},{"not_picked":["Predator","Cloak And Dagger+1"],"picked":"Adrenaline","floor":47.0},{"not_picked":["Terror+1","Masterful Stab","Bane+1"],"picked":"SKIP","floor":48.0}],"player_experience":258747,"relics_obtained":[{"floor":9.0,"key":"Singing Bowl"},{"floor":17.0,"key":"Bag of Preparation"},{"floor":17.0,"key":"HornCleat"},{"floor":17.0,"key":"Dead Branch"},{"floor":22.0,"key":"Enchiridion"},{"floor":26.0,"key":"War Paint"},{"floor":28.0,"key":"Pear"},{"floor":43.0,"key":"Mummified Hand"},{"floor":46.0,"key":"StoneCalendar"},{"floor":47.0,"key":"White Beast Statue"}],"event_choices":[{"cards_removed":["Strike_G"],"damage_healed":0.0,"max_hp_gain":0.0,"max_hp_loss":0.0,"gold_gain":0.0,"event_name":"Golden Wing","player_choice":"Card Removal","floor":2.0,"gold_loss":0.0,"damage_taken":7.0},{"damage_healed":0.0,"max_hp_gain":0.0,"max_hp_loss":0.0,"gold_gain":0.0,"event_name":"The Woman in Blue","player_choice":"Bought 1 Potion","floor":3.0,"gold_loss":0.0,"damage_taken":0.0},{"damage_healed":0.0,"max_hp_gain":0.0,"max_hp_loss":0.0,"gold_gain":0.0,"event_name":"Shining Light","player_choice":"Entered Light","floor":8.0,"gold_loss":0.0,"damage_taken":18.0,"cards_upgraded":["Neutralize","Survivor"]},{"damage_healed":0.0,"max_hp_gain":5.0,"max_hp_loss":0.0,"gold_gain":0.0,"event_name":"Big Fish","player_choice":"Donut","floor":10.0,"gold_loss":0.0,"damage_taken":0.0},{"damage_healed":0.0,"max_hp_gain":0.0,"max_hp_loss":0.0,"gold_gain":0.0,"cards_transformed":["Strike_G"],"event_name":"Transmorgrifier","player_choice":"Transformed","floor":13.0,"gold_loss":0.0,"damage_taken":0.0,"cards_obtained":["Adrenaline"]},{"cards_removed":["Strike_G"],"damage_healed":0.0,"max_hp_gain":0.0,"max_hp_loss":0.0,"gold_gain":0.0,"event_name":"Beggar","player_choice":"Gave Gold","floor":19.0,"gold_loss":75.0,"damage_taken":0.0},{"damage_healed":0.0,"max_hp_gain":0.0,"max_hp_loss":0.0,"gold_gain":0.0,"event_name":"Vampires","player_choice":"Ignored","floor":21.0,"gold_loss":0.0,"damage_taken":0.0},{"damage_healed":0.0,"max_hp_gain":0.0,"max_hp_loss":0.0,"gold_gain":0.0,"event_name":"Cursed Tome","player_choice":"Obtained Book","floor":22.0,"gold_loss":0.0,"damage_taken":21.0},{"damage_healed":0.0,"max_hp_gain":0.0,"max_hp_loss":0.0,"gold_gain":0.0,"event_name":"N\u0027loth","player_choice":"Traded Relic","floor":29.0,"relics_lost":["Singing Bowl"],"gold_loss":0.0,"damage_taken":0.0,"relics_obtained":["Nloth\u0027s Gift"]},{"damage_healed":0.0,"max_hp_gain":0.0,"max_hp_loss":0.0,"gold_gain":0.0,"event_name":"SensoryStone","player_choice":"Memory 2","floor":39.0,"gold_loss":0.0,"damage_taken":5.0},{"damage_healed":0.0,"max_hp_gain":0.0,"max_hp_loss":0.0,"gold_gain":0.0,"event_name":"Tomb of Lord Red Mask","player_choice":"Paid","floor":44.0,"gold_loss":153.0,"damage_taken":0.0,"relics_obtained":["Red Mask"]},{"damage_healed":0.0,"max_hp_gain":0.0,"max_hp_loss":0.0,"gold_gain":0.0,"event_name":"MindBloom","player_choice":"Fight","floor":46.0,"gold_loss":0.0,"damage_taken":0.0}],"is_beta":false,"boss_relics":[{"not_picked":["Ectoplasm","Ring of the Serpent"],"picked":"Calling Bell"},{"not_picked":["WristBlade","SlaversCollar"],"picked":"Sozu"}],"items_purged_floors":[11,41],"is_endless":false,"potions_floor_spawned":[1,16,20,24,27,30,31,35,36,38,48],"killed_by":"Donu and Deca","ascension_level":20}}