{"host":"d7fiu2yjkssjxoz6","time":1610880252,"event":{"mods":["AchievementEnabler","BaseMod","Duelist Mod","GifTheSpireLib","Minty Spire (QoL Compilation)","StSLib"],"gold_per_floor":[18,31,48,62,62,72,46,77,123,134,162,224,241,266,266,369,369,389,402,402,412,11,11,39,39,117,145,160,171,261,287,287,390,390,405,420,420,434,484,484,519,519,519,519,529,529,8,22,22,22,22,22,22,55,55],"floor_reached":56,"language":"ENG","playtime":3168,"items_purged":[],"score":2006,"play_id":"2388265e-7e13-42bf-8b9f-0eaf3572b69e","local_time":"20210117024412","is_ascension_mode":true,"campfire_choices":[{"floor":15,"key":"REST"},{"data":"theDuelist:MillenniumGolem","floor":23,"key":"SMITH"},{"floor":25,"key":"RECALL"},{"floor":32,"key":"REST"},{"floor":40,"key":"REST"},{"data":"theDuelist:RareBlockMetronome","floor":42,"key":"SMITH"},{"floor":44,"key":"REST"},{"floor":46,"key":"REST"},{"data":"theDuelist:PowerMetronome","floor":49,"key":"SMITH"},{"floor":52,"key":"REST"}],"circlet_count":0,"master_deck":["theDuelist:LabyrinthWall+1","theDuelist:Blockman","theDuelist:DinosaurMetronome+1","theDuelist:AttackMetronome","theDuelist:SpireMetronome+1","theDuelist:SkillMetronome","theDuelist:AttackMetronome","theDuelist:MillenniumGolem+1","theDuelist:BlockMetronome","theDuelist:RareAttackMetronome","theDuelist:BlockMetronome","theDuelist:EarthquakeGiant","theDuelist:DarkFactory+1","theDuelist:DragonMetronome+1","theDuelist:LabyrinthWall+1","theDuelist:BlockMetronome","theDuelist:PowerMetronome","theDuelist:MagnetMetronome+1","theDuelist:UncommonAttackMetronome","theDuelist:MillenniumGolem","theDuelist:ThalassicMetronome+1","theDuelist:PowerWall","theDuelist:BigFire","theDuelist:TrapMetronome","theDuelist:MillenniumShield+1","theDuelist:PowerMetronome+1","theDuelist:GiantSoldierSteel+1","theDuelist:ForbiddenLance","theDuelist:MillenniumGolem","theDuelist:PotMetronome+1","theDuelist:AttackMetronome","theDuelist:DinosaurMetronome+1","theDuelist:DinosaurMetronome+1","theDuelist:PowerMetronome","theDuelist:BlockMetronome","theDuelist:DeltaMagnet","theDuelist:DarkFactory+1","theDuelist:Metronome","theDuelist:Metronome","theDuelist:AttackMetronome","theDuelist:SkillMetronome","theDuelist:FeatherPho+1","theDuelist:ZombieMetronome+1","Sadistic Nature","theDuelist:Raigeki+1","theDuelist:VampireMetronome","theDuelist:RareBlockMetronome+1","theDuelist:GraniteLoyalist","theDuelist:WeepingIdol+1"],"relics":["theDuelist:MillenniumPuzzle","theDuelist:CardPoolRelic","theDuelist:CardPoolBasicRelic","theDuelist:BoosterPackPoolRelic","theDuelist:CardPoolAddRelic","theDuelist:CardPoolMinusRelic","theDuelist:CardPoolSaveRelic","theDuelist:CardPoolOptionsRelic","Mango","Lizard Tail","theDuelist:MillenniumPrayerbook","Juzu Bracelet","Tough Bandages","Toxic Egg 2","Black Star","Boot","theDuelist:SummonAnchorRare","theDuelist:BlessingAnubis","theDuelist:MetronomeRelicD","Happy Flower","theDuelist:SpellMaxHPRelic","Ancient Tea Set","TungstenRod","Runic Cube","theDuelist:ElectricToken","War Paint","Incense Burner","Magic Flower","theDuelist:SolderToken","Nunchaku","Gremlin Horn"],"acts_visited":["Exordium","TheCity","TheBeyond","TheEnding"],"potions_floor_usage":[8,24,50,55,55],"damage_taken":[{"damage":0,"enemies":"Small Slimes","floor":1,"turns":3},{"damage":0,"enemies":"Jaw Worm","floor":2,"turns":2},{"damage":0,"enemies":"2 Louse","floor":3,"turns":2},{"damage":9,"enemies":"Red Slaver","floor":4,"turns":3},{"damage":0,"enemies":"Blue Slaver","floor":6,"turns":2},{"damage":0,"enemies":"3 Sentries","floor":8,"turns":3},{"damage":2,"enemies":"Exordium Wildlife","floor":10,"turns":3},{"damage":0,"enemies":"Gremlin Nob","floor":11,"turns":3},{"damage":0,"enemies":"Gremlin Nob","floor":12,"turns":3},{"damage":22,"enemies":"Looter","floor":13,"turns":3},{"damage":18,"enemies":"Lagavulin","floor":14,"turns":4},{"damage":0,"enemies":"The Guardian","floor":16,"turns":10},{"damage":0,"enemies":"Spheric Guardian","floor":18,"turns":2},{"damage":16,"enemies":"2 Thieves","floor":19,"turns":3},{"damage":0,"enemies":"Centurion and Healer","floor":21,"turns":3},{"damage":39,"enemies":"Slavers","floor":24,"turns":6},{"damage":10,"enemies":"theDuelist:KaibaA2","floor":27,"turns":4},{"damage":10,"enemies":"Shelled Parasite and Fungi","floor":28,"turns":6},{"damage":10,"enemies":"Chosen and Byrds","floor":29,"turns":4},{"damage":0,"enemies":"Book of Stabbing","floor":31,"turns":3},{"damage":0,"enemies":"Champ","floor":33,"turns":6},{"damage":0,"enemies":"Orb Walker","floor":35,"turns":3},{"damage":27,"enemies":"3 Darklings","floor":36,"turns":5},{"damage":35,"enemies":"Sphere and 2 Shapes","floor":38,"turns":6},{"damage":7,"enemies":"Mind Bloom Boss Battle","floor":39,"turns":5},{"damage":0,"enemies":"Reptomancer","floor":41,"turns":2},{"damage":28,"enemies":"4 Shapes","floor":45,"turns":5},{"damage":0,"enemies":"Transient","floor":48,"turns":5},{"damage":101,"enemies":"Donu and Deca","floor":50,"turns":15},{"damage":119,"enemies":"Shield and Spear","floor":54,"turns":7},{"damage":79,"enemies":"The Heart","floor":55,"turns":8}],"seed_played":"-5817713641947960938","potions_obtained":[{"floor":1,"key":"theDuelist:FlamingBottle"},{"floor":4,"key":"theDuelist:MayhemPotion"},{"floor":8,"key":"BlessingOfTheForge"},{"floor":14,"key":"theDuelist:BurningPotion"},{"floor":28,"key":"theDuelist:VampireVial"}],"is_trial":false,"path_per_floor":["M","M","M","M","?","M","$","E","T","M","E","?","M","E","R","B",null,"M","M","?","M","$","R","E","R","T","E","M","M","?","E","R","B",null,"M","M","?","M","?","R","E","R","T","R","M","R","$","M","R","B",null,"R","$","E","B",null],"character_chosen":"THE_DUELIST","items_purchased":["theDuelist:AttackMetronome","theDuelist:PowerMetronome","Sadistic Nature","Boot","theDuelist:ThalassicMetronome+1","theDuelist:MillenniumShield+1","theDuelist:SolderToken","theDuelist:PowerMetronome","theDuelist:SpireMetronome+1"],"campfire_rested":6,"item_purchase_floors":[7,22,22,22,22,47,47,47,47],"current_hp_per_floor":[86,86,86,77,52,52,52,52,52,50,50,50,28,10,38,38,80,80,64,104,104,104,104,65,65,65,56,47,38,26,27,59,59,96,96,69,69,35,29,62,63,63,63,96,68,101,103,104,104,3,86,114,114,86,15],"gold":55,"neow_bonus":"ONE_RARE_RELIC","is_daily":false,"chose_seed":false,"campfire_upgraded":3,"win_rate":0.0,"timestamp":1610880252,"path_taken":["M","M","M","M","?","M","$","E","T","M","E","?","M","E","R","BOSS","M","M","?","M","$","R","E","R","T","E","M","M","?","E","R","BOSS","M","M","?","M","?","R","E","R","T","R","M","R","$","M","R","BOSS","R","$","E","BOSS"],"items_purchased_type":["Card","Card","Card","Relic","Card","Card","Relic","Card","Card"],"build_version":"2020-12-22","purchased_purges":0,"victory":true,"max_hp_per_floor":[94,94,94,94,94,94,94,94,94,94,94,94,94,94,94,94,94,94,94,104,104,104,104,104,104,104,105,106,107,107,108,108,108,108,108,108,108,109,110,110,111,111,111,111,111,111,113,114,114,114,114,114,114,114,114],"card_choices":[{"not_picked":["theDuelist:ZombieMetronome","theDuelist:UncommonMetronome","theDuelist:Metronome","theDuelist:AncientMetronome"],"picked":"theDuelist:DinosaurMetronome","floor":1},{"not_picked":["theDuelist:BigFire","theDuelist:EvilswarmHeliotrope","theDuelist:FuryFire","theDuelist:BattleOx"],"picked":"theDuelist:EarthquakeGiant","floor":2},{"not_picked":["theDuelist:SuperheavyMetronome","theDuelist:RareSkillMetronome","theDuelist:MayakashiMetronome","theDuelist:CombatMetronome"],"picked":"theDuelist:RareAttackMetronome","floor":3},{"not_picked":["theDuelist:GauntletWarrior","theDuelist:Sangan","theDuelist:BattleguardKing","theDuelist:BigFire"],"picked":"theDuelist:MillenniumGolem","floor":4},{"not_picked":["theDuelist:WarriorMetronome","theDuelist:StartingDeckMetronome","theDuelist:MachineMonsterMetronome","theDuelist:BugMetronome"],"picked":"theDuelist:DinosaurMetronome","floor":6},{"not_picked":["theDuelist:RecklessMetronome","theDuelist:PotMetronome","theDuelist:GemKnightMetronome","theDuelist:ArcaneMetronome"],"picked":"theDuelist:RareBlockMetronome","floor":8},{"not_picked":["theDuelist:GaiaMidNightSun","theDuelist:GauntletWarrior","theDuelist:BlueBloodedOni","theDuelist:Wiretap"],"picked":"theDuelist:PowerWall","floor":10},{"not_picked":["theDuelist:BattleOx","theDuelist:DarkFactory","theDuelist:SolemnStrike","theDuelist:YamiForm"],"picked":"theDuelist:Blockman","floor":11},{"not_picked":["theDuelist:BattleguardKing","theDuelist:BigFire","theDuelist:FuryFire","theDuelist:ClearKuriboh"],"picked":"theDuelist:GraniteLoyalist","floor":12},{"not_picked":["theDuelist:StartingDeckMetronome","theDuelist:RareDragonMetronome","theDuelist:PelagicMetronome","theDuelist:LegendBlueEyesMetronome"],"picked":"theDuelist:VampireMetronome","floor":13},{"not_picked":["theDuelist:DestroyerGolem","theDuelist:TimeSeal+1","theDuelist:Raigeki","theDuelist:YellowBelliedOni"],"picked":"theDuelist:Blockman","floor":14},{"not_picked":["theDuelist:BattleguardKing","theDuelist:EvilswarmHeliotrope","theDuelist:AttackTheMoon","theDuelist:GraniteLoyalist"],"picked":"theDuelist:ForbiddenLance","floor":16},{"not_picked":["theDuelist:ClearKuriboh","theDuelist:FuryFire+1","theDuelist:EarthGiant+1","theDuelist:PurplePainOni+1"],"picked":"theDuelist:LabyrinthWall+1","floor":18},{"not_picked":["theDuelist:ClearKuriboh","theDuelist:WormKing+1","theDuelist:EarthEffigy+1","theDuelist:BigEye+1"],"picked":"theDuelist:DarkFactory+1","floor":19},{"not_picked":["theDuelist:AttackTheMoon","theDuelist:ClearKuriboh","theDuelist:BigKoala+1","theDuelist:HarpieFeather+1"],"picked":"theDuelist:GiantSoldierSteel+1","floor":21},{"not_picked":["theDuelist:StartingDeckMetronome+1","theDuelist:PowerMetronome","theDuelist:FiendMetronome+1","theDuelist:AttackMetronome"],"picked":"theDuelist:MagnetMetronome+1","floor":24},{"not_picked":["theDuelist:TidalMetronome+1","theDuelist:RoseMetronome+1","theDuelist:RecklessMetronome+1","theDuelist:RareSpireMetronome+1"],"picked":"theDuelist:PotMetronome+1","floor":27},{"not_picked":["theDuelist:ZombieMetronome+1","theDuelist:RecklessMetronome+1","theDuelist:RareMetronome+1","theDuelist:ArcaneMetronome+1"],"picked":"theDuelist:DinosaurMetronome+1","floor":28},{"not_picked":["theDuelist:WormKing","theDuelist:RedHeadedOni+1","theDuelist:BigFire+1","theDuelist:HarpieFeather+1"],"picked":"theDuelist:DarkFactory+1","floor":29},{"not_picked":["theDuelist:GaiaMidNightSun+1","theDuelist:AttackTheMoon+1","theDuelist:FuryFire","theDuelist:GauntletWarrior"],"picked":"theDuelist:Raigeki+1","floor":31},{"not_picked":["theDuelist:GauntletWarrior","theDuelist:SolemnStrike","theDuelist:WormKing+1","theDuelist:ForbiddenLance"],"picked":"theDuelist:MillenniumGolem","floor":33},{"not_picked":["theDuelist:DestroyerGolem","theDuelist:AttackTheMoon+1","theDuelist:GraniteLoyalist+1","theDuelist:BattleguardKing"],"picked":"theDuelist:MillenniumGolem","floor":35},{"not_picked":["theDuelist:BattleguardKing+1","theDuelist:FuryFire","theDuelist:GemElephant+1","theDuelist:Wiretap+1"],"picked":"theDuelist:LabyrinthWall+1","floor":36},{"not_picked":["theDuelist:TrapMetronome+1","theDuelist:SpellcasterMetronome+1","theDuelist:MaliciousMetronome+1","theDuelist:LegendBlueEyesMetronome+1"],"picked":"theDuelist:DragonMetronome+1","floor":38},{"not_picked":["theDuelist:BattleOx+1","theDuelist:MagicHoleGolem+1","theDuelist:Wiseman+1","theDuelist:BattleguardKing+1"],"picked":"theDuelist:BigFire","floor":39},{"not_picked":["theDuelist:GauntletWarrior+1","theDuelist:GraniteLoyalist","theDuelist:BattleFootballer+1","theDuelist:BigEye+1"],"picked":"theDuelist:FeatherPho+1","floor":41},{"not_picked":["theDuelist:EvilswarmHeliotrope+1","theDuelist:WormWarlord","theDuelist:GemElephant+1","theDuelist:PreventRat+1","theDuelist:WormKing+1"],"picked":"SKIP","floor":45},{"not_picked":["theDuelist:SpellMetronome+1","theDuelist:PredaplantMetronome+1","theDuelist:InsectMetronome+1","theDuelist:BugMetronome+1"],"picked":"theDuelist:ZombieMetronome+1","floor":48},{"not_picked":["theDuelist:BigFire+1","theDuelist:ClearKuriboh+2","theDuelist:Wiretap+5","theDuelist:DarkFactory+1"],"picked":"theDuelist:WeepingIdol+1","floor":54}],"player_experience":221940,"relics_obtained":[{"floor":8,"key":"theDuelist:MillenniumPrayerbook"},{"floor":11,"key":"Juzu Bracelet"},{"floor":12,"key":"Tough Bandages"},{"floor":14,"key":"Toxic Egg 2"},{"floor":24,"key":"theDuelist:SummonAnchorRare"},{"floor":24,"key":"theDuelist:BlessingAnubis"},{"floor":26,"key":"theDuelist:MetronomeRelicD"},{"floor":27,"key":"Happy Flower"},{"floor":27,"key":"theDuelist:SpellMaxHPRelic"},{"floor":31,"key":"Ancient Tea Set"},{"floor":31,"key":"TungstenRod"},{"floor":39,"key":"theDuelist:ElectricToken"},{"floor":41,"key":"War Paint"},{"floor":41,"key":"Incense Burner"},{"floor":43,"key":"Magic Flower"},{"floor":54,"key":"Nunchaku"},{"floor":54,"key":"Gremlin Horn"}],"event_choices":[{"damage_healed":0,"gold_gain":0,"player_choice":"Success","damage_taken":25,"relics_obtained":["Lizard Tail"],"max_hp_gain":0,"max_hp_loss":0,"event_name":"Scrap Ooze","floor":5,"gold_loss":0},{"damage_healed":0,"gold_gain":0,"player_choice":"Searched \u00271\u0027 times","damage_taken":0,"max_hp_gain":0,"max_hp_loss":0,"event_name":"Dead Adventurer","floor":12,"gold_loss":0},{"cards_removed":["theDuelist:Blockman"],"damage_healed":30,"gold_gain":0,"player_choice":"Offered Rare","damage_taken":0,"max_hp_gain":10,"max_hp_loss":0,"event_name":"Bonfire Elementals","floor":20,"gold_loss":0},{"damage_healed":0,"gold_gain":90,"player_choice":"GOLD ","damage_taken":12,"max_hp_gain":0,"max_hp_loss":0,"event_name":"Knowing Skull","floor":30,"potions_obtained":[],"gold_loss":0,"cards_obtained":[]},{"damage_healed":0,"gold_gain":0,"player_choice":"Delta Electro","duelist":true,"damage_taken":0,"max_hp_gain":0,"max_hp_loss":0,"event_name":"Egyptian Village","floor":37,"gold_loss":0,"cards_obtained":["Delta Electromagnet Warrior"]},{"damage_healed":0,"gold_gain":0,"player_choice":"Fight","damage_taken":0,"max_hp_gain":0,"max_hp_loss":0,"event_name":"MindBloom","floor":39,"gold_loss":0}],"is_beta":false,"boss_relics":[{"not_picked":["Runic Pyramid","theDuelist:ElectricKey"],"picked":"Black Star"},{"not_picked":["Empty Cage","SlaversCollar"],"picked":"Runic Cube"}],"items_purged_floors":[],"is_endless":false,"potions_floor_spawned":[1,4,8,14,16,21,28,31,33,35,48],"ascension_level":7}}