{"host":"5gc11emcm5chfr5t","time":1610926019,"event":{"mods":["2.2 Compatiblity","AchievementEnabler","BaseMod","Bestiary","Better Note","Colored Map","Colored Powertips","Downfall","Googly Eyes","Minty Spire (QoL Compilation)","Rare Cards Sparkle","StSLib"],"gold_per_floor":[119,139,139,153,428,428,440,8,78,111,127,102,102,116,116,189,189,202,212,239,239,72,72,107,107,107],"floor_reached":25,"language":"ENG","playtime":686,"items_purged":["Regret"],"score":442,"play_id":"55f7bfd8-3313-44c0-938c-e1446b347dce","local_time":"20210117182659","is_ascension_mode":true,"campfire_choices":[{"floor":6,"key":"RECALL"},{"data":"sneckomod:WideSting","floor":15,"key":"SMITH"},{"floor":23,"key":"REST"}],"circlet_count":0,"master_deck":["AscendersBane","sneckomod:Strike","sneckomod:Strike","sneckomod:Defend","sneckomod:Defend","sneckomod:Defend","sneckomod:TailWhip","sneckomod:SnekBite","sneckomod:Unknown","sneckomod:Unknown","sneckomod:ImprovisedAttack","sneckomod:UnknownUncommonPower","sneckomod:SoulRoll","sneckomod:QuickMove","sneckomod:UnknownRareAttack","sneckomod:RainOfDice","sneckomod:IronFang","sneckomod:WideSting+1","sneckomod:SlitherStrike","sneckomod:MorePower","sneckomod:UnknownBoss+1","sneckomod:SoulCleanse","sneckomod:UnknownRareAttack+1","sneckomod:SoulRoll+1","sneckomod:UnknownExhaust","sneckomod:UnknownRareAttack","sneckomod:UnknownRareSkill","sneckomod:UnknownRarePower","sneckomod:QuickMove"],"relics":["sneckomod:SneckoSoul","NeowsBlessing","Bag of Marbles","sneckomod:LoadedDie","Shuriken","Philosopher\u0027s Stone","Vajra","sneckomod:RareBoosterPack","Centennial Puzzle"],"acts_visited":["Exordium","TheCity"],"potions_floor_usage":[10,24],"damage_taken":[{"damage":0,"enemies":"Cultist","floor":1,"turns":1},{"damage":0,"enemies":"2 Louse","floor":2,"turns":1},{"damage":0,"enemies":"Jaw Worm","floor":4,"turns":1},{"damage":20,"enemies":"Exordium Thugs","floor":7,"turns":4},{"damage":37,"enemies":"3 Sentries","floor":10,"turns":7},{"damage":4,"enemies":"Red Slaver","floor":11,"turns":5},{"damage":7,"enemies":"Exordium Wildlife","floor":14,"turns":3},{"damage":54,"enemies":"Hexaghost","floor":16,"turns":9},{"damage":48,"enemies":"Spheric Guardian","floor":18,"turns":7},{"damage":31,"enemies":"Shell Parasite","floor":19,"turns":3},{"damage":31,"enemies":"Book of Stabbing","floor":24,"turns":4},{"damage":17,"enemies":"Shelled Parasite and Fungi","floor":25,"turns":1}],"seed_played":"9028647846520407599","potions_obtained":[{"floor":1,"key":"FearPotion"},{"floor":4,"key":"Weak Potion"},{"floor":7,"key":"ColorlessPotion"}],"is_trial":false,"path_per_floor":["M","M","$","M","?","R","M","$","T","E","M","$","?","M","R","B",null,"M","M","T","?","$","R","E","M"],"character_chosen":"THE_SNECKO","items_purchased":["Bag of Marbles","sneckomod:UnknownRareAttack","sneckomod:RainOfDice","sneckomod:WideSting","sneckomod:RareBoosterPack"],"campfire_rested":1,"item_purchase_floors":[8,8,8,12,22],"current_hp_per_floor":[75,75,75,75,75,75,65,65,65,28,24,24,93,86,86,32,78,33,12,12,12,12,40,9,0,0],"gold":107,"neow_bonus":"THREE_ENEMY_KILL","is_daily":false,"chose_seed":false,"campfire_upgraded":1,"win_rate":0.0,"timestamp":1610926019,"path_taken":["M","M","$","M","?","R","M","$","T","E","M","?","?","M","R","BOSS","M","M","?","?","$","R","E","?"],"items_purchased_type":["Relic","Card","Card","Card","Relic"],"build_version":"2020-12-22","purchased_purges":1,"victory":false,"max_hp_per_floor":[83,83,83,83,83,83,83,83,83,83,83,83,93,93,93,93,93,96,96,96,96,96,96,96,96,96],"card_choices":[{"not_picked":["sneckomod:QuickMove","sneckomod:RainOfDice"],"picked":"sneckomod:ImprovisedAttack","floor":1},{"not_picked":["sneckomod:UnknownBlock","sneckomod:IronFang"],"picked":"sneckomod:UnknownUncommonPower","floor":2},{"not_picked":["sneckomod:QuickBite","sneckomod:Memorize"],"picked":"sneckomod:SoulRoll","floor":4},{"not_picked":["sneckomod:UnknownCommonSkill","sneckomod:SoulDraw"],"picked":"sneckomod:QuickMove","floor":7},{"not_picked":["sneckomod:UnknownX","sneckomod:DiceCrush"],"picked":"sneckomod:Transmogrify","floor":10},{"not_picked":["sneckomod:RainOfDice","sneckomod:UnknownUncommonPower"],"picked":"sneckomod:IronFang","floor":11},{"not_picked":["sneckomod:UnknownDraw","sneckomod:UnknownVulnerable"],"picked":"sneckomod:SlitherStrike","floor":14},{"not_picked":["sneckomod:Restock","sneckomod:Unknown3Cost"],"picked":"sneckomod:MorePower","floor":16},{"not_picked":["sneckomod:UnknownColorless+1","sneckomod:UnknownCommonAttack+1"],"picked":"sneckomod:UnknownBoss+1","floor":18},{"not_picked":["sneckomod:UnknownDraw","sneckomod:QuickBite"],"picked":"sneckomod:SoulCleanse","floor":18},{"not_picked":["sneckomod:Unknown2Cost+1","sneckomod:UnknownClassTHE_BRONZE_AUTOMATON+1"],"picked":"sneckomod:UnknownRareAttack+1","floor":19},{"not_picked":["sneckomod:DiceBlock","sneckomod:QuickBite"],"picked":"sneckomod:SoulRoll+1","floor":19},{"not_picked":["sneckomod:UnknownBlock","sneckomod:Nope"],"picked":"sneckomod:QuickMove","floor":24}],"player_experience":552795,"relics_obtained":[{"floor":9,"key":"Shuriken"},{"floor":10,"key":"sneckomod:LoadedDie"},{"floor":11,"key":"Shuriken"},{"floor":20,"key":"Vajra"},{"floor":24,"key":"Centennial Puzzle"}],"event_choices":[{"damage_healed":0,"gold_gain":275,"player_choice":"Desecrate","damage_taken":0,"max_hp_gain":0,"max_hp_loss":0,"event_name":"Golden Shrine","floor":5,"gold_loss":0,"cards_obtained":["Regret"]},{"cards_removed":["sneckomod:Transmogrify"],"damage_healed":59,"gold_gain":0,"player_choice":"Offered Rare","damage_taken":0,"max_hp_gain":10,"max_hp_loss":0,"event_name":"Bonfire Elementals","floor":13,"gold_loss":0},{"damage_healed":0,"gold_gain":0,"cards_transformed":["sneckomod:Strike"],"player_choice":"Transformed","damage_taken":0,"max_hp_gain":0,"max_hp_loss":0,"event_name":"Transmorgrifier","floor":21,"gold_loss":0,"cards_obtained":["sneckomod:UnknownExhaust"]}],"is_beta":false,"boss_relics":[{"not_picked":["Busted Crown","Velvet Choker"],"picked":"Philosopher\u0027s Stone"}],"items_purged_floors":[8],"is_endless":false,"potions_floor_spawned":[1,4,7],"killed_by":"Shelled Parasite and Fungi","ascension_level":20}}