{"host":"q2l6xtlpu05lrop8","time":1610843870,"event":{"mods":["AchievementEnabler","BaseMod","Colored Map","Googly Eyes","Minty Spire (QoL Compilation)","Slay the Streamer","StSLib","The IronCluck","slay the spire mod where everything is the same but ironclad has a cowboy hat"],"gold_per_floor":[117,117,130,144,144,144,478,478,478,478,494,426,438,47,73,73,150,200,216,226,53,81,81,81,107,107,107,107,32,63,78,78,88,88,163,163,177,177,197,197,117,117,134,165,192,192,219,234,6,32,254,254,254],"floor_reached":54,"language":"ENG","playtime":5201,"items_purged":["Writhe"],"score":1438,"play_id":"795d39bc-5562-4f2a-91ce-a03412e61f59","local_time":"20210116163750","is_ascension_mode":true,"campfire_choices":[{"data":"Multi-Cast","floor":6,"key":"SMITH"},{"data":"Static Discharge","floor":8,"key":"SMITH"},{"floor":16,"key":"REST"},{"data":"Recycle","floor":24,"key":"SMITH"},{"data":"Chaos","floor":32,"key":"SMITH"},{"data":"Genetic Algorithm","floor":34,"key":"SMITH"},{"data":"Defragment","floor":42,"key":"SMITH"},{"data":"Echo Form","floor":52,"key":"SMITH"}],"circlet_count":0,"master_deck":["AscendersBane","Sweeping Beam","Cold Snap+1","Thunder Strike","Recycle+1","Conserve Battery","Tempest","Streamline","Core Surge","Glacier","Genetic Algorithm+1","Electrodynamics","Static Discharge+1","Conserve Battery","Multi-Cast+1","Redo","Compile Driver","Barrage","Ball Lightning","Skim","Meteor Strike","Cold Snap","Beam Cell","Sweeping Beam","Chaos+1","Turbo+1","Chill","Echo Form+1","Beam Cell","Turbo","Madness","Madness","Defragment+1","Darkness","Core Surge","Scrape+1","Blizzard","Sweeping Beam+1"],"relics":["Cracked Core","Old Coin","Pantograph","ClockworkSouvenir","Potion Belt","Calipers","Tiny House","OrangePellets","Red Mask","White Beast Statue","MealTicket","Unceasing Top","PreservedInsect","Empty Cage","Oddly Smooth Stone","Bag of Marbles","Gremlin Horn","Bag of Preparation","Cables"],"acts_visited":["Exordium","TheCity","TheBeyond"],"potions_floor_usage":[17,22,25,25,35,37,43,44,44,47,50,53,53,53,53,53,53],"damage_taken":[{"damage":4,"enemies":"Cultist","floor":1,"turns":3},{"damage":5,"enemies":"Jaw Worm","floor":3,"turns":3},{"damage":0,"enemies":"2 Louse","floor":4,"turns":3},{"damage":13,"enemies":"3 Sentries","floor":7,"turns":3},{"damage":0,"enemies":"2 Fungi Beasts","floor":11,"turns":2},{"damage":4,"enemies":"Looter","floor":13,"turns":2},{"damage":23,"enemies":"Lagavulin","floor":15,"turns":5},{"damage":16,"enemies":"Slime Boss","floor":17,"turns":9},{"damage":4,"enemies":"Shell Parasite","floor":19,"turns":6},{"damage":0,"enemies":"Chosen","floor":20,"turns":4},{"damage":7,"enemies":"Masked Bandits","floor":22,"turns":2},{"damage":7,"enemies":"Gremlin Leader","floor":25,"turns":4},{"damage":24,"enemies":"Slavers","floor":30,"turns":3},{"damage":0,"enemies":"Snake Plant","floor":31,"turns":3},{"damage":0,"enemies":"Centurion and Healer","floor":33,"turns":4},{"damage":19,"enemies":"Collector","floor":35,"turns":9},{"damage":26,"enemies":"3 Darklings","floor":37,"turns":11},{"damage":0,"enemies":"Orb Walker","floor":39,"turns":1},{"damage":7,"enemies":"Spire Growth","floor":43,"turns":8},{"damage":8,"enemies":"Reptomancer","floor":44,"turns":5},{"damage":41,"enemies":"Nemesis","floor":47,"turns":7},{"damage":0,"enemies":"3 Darklings","floor":48,"turns":4},{"damage":0,"enemies":"Reptomancer","floor":50,"turns":4},{"damage":24,"enemies":"Donu and Deca","floor":53,"turns":9}],"seed_played":"6259802898516308417","potions_obtained":[{"floor":4,"key":"Explosive Potion"},{"floor":13,"key":"SpeedPotion"},{"floor":15,"key":"AttackPotion"},{"floor":17,"key":"SkillPotion"},{"floor":18,"key":"Weak Potion"},{"floor":20,"key":"Fire Potion"},{"floor":25,"key":"PotionOfCapacity"},{"floor":30,"key":"FairyPotion"},{"floor":31,"key":"DistilledChaos"},{"floor":33,"key":"Regen Potion"},{"floor":35,"key":"EssenceOfSteel"},{"floor":37,"key":"Block Potion"},{"floor":39,"key":"Fire Potion"},{"floor":43,"key":"SneckoOil"},{"floor":44,"key":"Weak Potion"},{"floor":47,"key":"Block Potion"},{"floor":48,"key":"Strength Potion"},{"floor":50,"key":"EntropicBrew"}],"is_trial":false,"path_per_floor":["M","?","M","M","?","R","E","R","T","T","M","?","M","$","E","R","B",null,"M","M","$","?","?","R","E","?","T","T","$","E","M","R","M","R","B",null,"M","?","M","?","$","R","M","E","T","T","E","M","$","E","?","R","B",null],"character_chosen":"DEFECT","items_purchased":["ClockworkSouvenir","Potion Belt","Ball Lightning","OrangePellets","Defragment","Bag of Preparation","SpeedPotion"],"campfire_rested":1,"item_purchase_floors":[14,14,14,21,41,49,49],"current_hp_per_floor":[60,53,48,48,48,48,35,35,35,35,35,35,31,31,8,29,38,68,64,64,64,57,57,57,50,50,50,50,65,41,41,41,41,41,47,69,58,58,58,44,59,59,52,44,44,44,3,3,18,18,18,18,19],"gold":254,"neow_bonus":"THREE_RARE_CARDS","is_daily":false,"chose_seed":false,"campfire_upgraded":7,"win_rate":0.0,"timestamp":1610843870,"path_taken":["M","?","M","M","?","R","E","R","T","?","?","M","$","E","R","BOSS","M","M","$","?","?","R","E","?","T","$","E","M","R","M","R","BOSS","M","?","M","?","?","R","?","E","T","E","M","$","E","?","R","BOSS"],"items_purchased_type":["Relic","Relic","Card","Relic","Card","Relic","Potion"],"build_version":"2020-12-22","purchased_purges":1,"victory":true,"max_hp_per_floor":[71,71,71,71,71,71,71,71,71,71,71,71,71,71,71,71,71,76,76,76,76,76,76,76,76,76,76,76,76,76,76,76,76,76,76,76,76,76,76,76,76,76,76,76,76,76,76,76,76,76,76,76,76],"card_choices":[{"not_picked":["Hyperbeam","Multi-Cast"],"picked":"Electrodynamics","floor":0},{"not_picked":["Barrage","Cold Snap"],"picked":"Force Field","floor":1},{"not_picked":["Barrage","Coolheaded"],"picked":"Static Discharge","floor":3},{"not_picked":["Rebound","Steam"],"picked":"Conserve Battery","floor":4},{"not_picked":["All For One","Reinforced Body"],"picked":"Redo","floor":7},{"not_picked":["Glacier","Cold Snap"],"picked":"Compile Driver","floor":11},{"not_picked":["Sweeping Beam","Hologram"],"picked":"Barrage","floor":13},{"not_picked":["Ball Lightning","Seek"],"picked":"Skim","floor":15},{"not_picked":["Rainbow","Electrodynamics"],"picked":"Meteor Strike","floor":17},{"not_picked":["Leap","Coolheaded"],"picked":"Cold Snap","floor":18},{"not_picked":["Compile Driver","Steam Power"],"picked":"Redo","floor":19},{"not_picked":["Cold Snap","Reinforced Body"],"picked":"Beam Cell","floor":20},{"not_picked":["Fusion","Buffer"],"picked":"Sweeping Beam","floor":22},{"not_picked":["Reinforced Body","Compile Driver+1"],"picked":"Chaos","floor":25},{"not_picked":["Fission","Leap"],"picked":"Lockon","floor":30},{"not_picked":["Rebound","Barrage"],"picked":"Turbo+1","floor":31},{"not_picked":["Beam Cell","Barrage"],"picked":"Chill","floor":33},{"not_picked":["Seek","Amplify"],"picked":"Echo Form","floor":35},{"not_picked":["Barrage+1","Hologram"],"picked":"Beam Cell","floor":37},{"not_picked":["Steam Power","Streamline"],"picked":"Turbo","floor":39},{"not_picked":["Sunder","Rebound+1"],"picked":"Darkness","floor":43},{"not_picked":["Steam+1","Leap"],"picked":"Core Surge","floor":44},{"not_picked":["Undo","Stack+1"],"picked":"Scrape+1","floor":47},{"not_picked":["Reinforced Body","Steam+1"],"picked":"Blizzard","floor":48},{"not_picked":["Go for the Eyes","Steam+1"],"picked":"Sweeping Beam+1","floor":50}],"player_experience":812522,"relics_obtained":[{"floor":7,"key":"Old Coin"},{"floor":9,"key":"Pantograph"},{"floor":15,"key":"Calipers"},{"floor":22,"key":"Red Mask"},{"floor":25,"key":"White Beast Statue"},{"floor":27,"key":"Unceasing Top"},{"floor":30,"key":"PreservedInsect"},{"floor":44,"key":"Oddly Smooth Stone"},{"floor":45,"key":"Bag of Marbles"},{"floor":47,"key":"Gremlin Horn"},{"floor":50,"key":"Cables"}],"event_choices":[{"cards_removed":["Regret"],"damage_healed":0,"gold_gain":0,"player_choice":"Card Removal","damage_taken":7,"max_hp_gain":0,"max_hp_loss":0,"event_name":"Golden Wing","floor":2,"gold_loss":0},{"damage_healed":0,"gold_gain":0,"cards_transformed":["Force Field"],"player_choice":"Transformed","damage_taken":0,"max_hp_gain":0,"max_hp_loss":0,"event_name":"Transmorgrifier","floor":5,"gold_loss":0,"cards_obtained":["Multi-Cast"]},{"damage_healed":0,"gold_gain":0,"player_choice":"Left Gold","damage_taken":0,"max_hp_gain":0,"max_hp_loss":0,"event_name":"World of Goop","floor":12,"gold_loss":68},{"damage_healed":0,"gold_gain":0,"player_choice":"Fought Bandits","damage_taken":0,"max_hp_gain":0,"max_hp_loss":0,"event_name":"Masked Bandits","floor":22,"gold_loss":0},{"damage_healed":0,"gold_gain":0,"player_choice":"Ignored","damage_taken":0,"max_hp_gain":0,"max_hp_loss":0,"event_name":"Beggar","floor":23,"gold_loss":0},{"damage_healed":0,"gold_gain":0,"player_choice":"Opened","damage_taken":0,"relics_obtained":["MealTicket"],"max_hp_gain":0,"max_hp_loss":0,"event_name":"The Mausoleum","floor":26,"gold_loss":0,"cards_obtained":["Writhe"]},{"damage_healed":0,"gold_gain":0,"player_choice":"Ignored","damage_taken":0,"max_hp_gain":0,"max_hp_loss":0,"event_name":"Mysterious Sphere","floor":38,"gold_loss":0},{"damage_healed":0,"gold_gain":0,"player_choice":"Embrace Madness","damage_taken":14,"max_hp_gain":0,"max_hp_loss":0,"event_name":"Winding Halls","floor":40,"gold_loss":0,"cards_obtained":["Madness","Madness"]},{"damage_healed":0,"gold_gain":222,"player_choice":"Wore Mask","damage_taken":0,"max_hp_gain":0,"max_hp_loss":0,"event_name":"Tomb of Lord Red Mask","floor":51,"gold_loss":0}],"is_beta":false,"boss_relics":[{"not_picked":["Fusion Hammer","Sozu"],"picked":"Tiny House"},{"not_picked":["SlaversCollar","Busted Crown"],"picked":"Empty Cage"}],"items_purged_floors":[29],"is_endless":false,"potions_floor_spawned":[4,13,15,17,20,25,30,31,33,35,37,39,43,44,47,48,50],"ascension_level":16}}