{"host":"mydft8i2zzydgggw","time":1610846659,"event":{"mods":["AchievementEnabler","BaseMod","BetterRewards","Colored Map","Colored Powertips","DeckTracker","Keyboard Shortcuts","Minty Spire (QoL Compilation)","Rare Cards Sparkle","StSLib","SuperFastMode","everything is the same but u backflip on backflip"],"gold_per_floor":[119,136,96,21,34,34,72,72,98,98,123,162,0,27,27,138,138,162,87,87,87,87,87,87,87,111,127,127,144,161,186,186,294,294,306,33,52,61,78,78,96,96,96,96,96,133,133,147,147,147],"floor_reached":51,"language":"KOR","playtime":1045,"items_purged":["Strike_B","Strike_B","Strike_B"],"score":1009,"play_id":"5af755ec-2fec-4395-97e0-ab8891beeaa1","local_time":"20210117102419","is_ascension_mode":true,"campfire_choices":[{"data":"Zap","floor":6,"key":"SMITH"},{"data":"Rainbow","floor":10,"key":"SMITH"},{"floor":15,"key":"REST"},{"data":"Consume","floor":23,"key":"SMITH"},{"data":"Coolheaded","floor":25,"key":"SMITH"},{"data":"Dualcast","floor":28,"key":"SMITH"},{"data":"Glacier","floor":32,"key":"SMITH"},{"data":"Echo Form","floor":40,"key":"SMITH"},{"floor":42,"key":"REST"},{"floor":45,"key":"REST"},{"floor":47,"key":"REST"},{"floor":49,"key":"REST"}],"circlet_count":0,"master_deck":["AscendersBane","Defend_B","Defend_B","Defend_B","Defend_B","Zap+1","Dualcast+1","Coolheaded+1","Chill","Rainbow+1","Compile Driver","Consume+1","Electrodynamics","Glacier+1","Glacier","Echo Form+1","Zap","Madness","Madness","Self Repair+1"],"relics":["Cracked Core","NeowsBlessing","CeramicFish","Strawberry","Happy Flower","Odd Mushroom","Bag of Marbles","Inserter","Oddly Smooth Stone","Philosopher\u0027s Stone","Bag of Preparation","Regal Pillow","Pen Nib","Lantern"],"acts_visited":["Exordium","TheCity","TheBeyond"],"potions_floor_usage":[7,7,14,14,16,16,33,33,33,46,50],"damage_taken":[{"damage":0,"enemies":"Jaw Worm","floor":1,"turns":1},{"damage":0,"enemies":"Cultist","floor":2,"turns":1},{"damage":0,"enemies":"Small Slimes","floor":5,"turns":1},{"damage":6,"enemies":"3 Sentries","floor":7,"turns":6},{"damage":25,"enemies":"Lagavulin","floor":11,"turns":6},{"damage":13,"enemies":"The Mushroom Lair","floor":12,"turns":6},{"damage":20,"enemies":"Gremlin Nob","floor":14,"turns":4},{"damage":15,"enemies":"The Guardian","floor":16,"turns":12},{"damage":0,"enemies":"3 Byrds","floor":18,"turns":2},{"damage":1,"enemies":"Chosen","floor":27,"turns":5},{"damage":18,"enemies":"Snake Plant","floor":29,"turns":4},{"damage":0,"enemies":"Snecko","floor":30,"turns":5},{"damage":0,"enemies":"Cultist and Chosen","floor":31,"turns":4},{"damage":14,"enemies":"Automaton","floor":33,"turns":12},{"damage":19,"enemies":"3 Darklings","floor":35,"turns":5},{"damage":8,"enemies":"Orb Walker","floor":37,"turns":5},{"damage":6,"enemies":"Jaw Worm Horde","floor":39,"turns":3},{"damage":59,"enemies":"Nemesis","floor":46,"turns":13},{"damage":49,"enemies":"Transient","floor":48,"turns":5},{"damage":40,"enemies":"Awakened One","floor":50,"turns":17}],"seed_played":"-6932091575060552192","potions_obtained":[{"floor":3,"key":"PowerPotion"},{"floor":3,"key":"ColorlessPotion"},{"floor":3,"key":"SpeedPotion"},{"floor":7,"key":"SpeedPotion"},{"floor":11,"key":"SkillPotion"},{"floor":12,"key":"DistilledChaos"},{"floor":14,"key":"FearPotion"},{"floor":18,"key":"Dexterity Potion"},{"floor":30,"key":"PotionOfCapacity"},{"floor":31,"key":"SkillPotion"},{"floor":33,"key":"AttackPotion"},{"floor":48,"key":"ColorlessPotion"}],"is_trial":false,"path_per_floor":["M","M","?","$","M","R","E","?","T","R","E","?","$","E","R","B",null,"M","?","?","$","?","R","$","R","T","M","R","M","M","M","R","B",null,"M","$","M","?","M","R","?","R","T","T","R","E","R","M","R","B",null],"character_chosen":"DEFECT","items_purchased":["Consume","Bag of Preparation"],"campfire_rested":5,"item_purchase_floors":[13,36],"current_hp_per_floor":[68,68,68,68,68,68,62,62,69,69,44,31,31,11,35,20,67,67,67,51,51,51,51,51,51,51,50,50,32,32,32,32,18,66,47,47,39,39,33,33,23,47,47,47,82,23,62,23,62,32],"gold":147,"neow_bonus":"THREE_ENEMY_KILL","is_daily":false,"chose_seed":false,"campfire_upgraded":7,"win_rate":0.0,"timestamp":1610846659,"path_taken":["M","M","?","$","?","R","E","?","T","R","E","?","?","E","R","BOSS","M","?","?","$","?","R","$","R","T","M","R","M","M","?","R","BOSS","M","$","M","?","?","R","?","R","T","?","R","E","R","M","R","BOSS"],"items_purchased_type":["Card","Relic"],"build_version":"2020-12-22","purchased_purges":3,"victory":true,"max_hp_per_floor":[75,75,75,75,75,75,75,75,82,82,82,82,82,82,82,82,82,82,82,82,82,82,82,82,82,82,82,82,82,82,82,82,82,82,82,82,82,82,82,82,82,82,82,82,82,82,82,82,82,82],"card_choices":[{"not_picked":["Gash","Go for the Eyes","Hello World"],"picked":"SKIP","floor":1},{"not_picked":["Steam Power","Conserve Battery"],"picked":"Coolheaded","floor":2},{"not_picked":["Stack","Doom and Gloom"],"picked":"Chill","floor":5},{"not_picked":["Conserve Battery","Hologram"],"picked":"Rainbow","floor":7},{"not_picked":["Go for the Eyes","Melter","Tempest"],"picked":"SKIP","floor":11},{"not_picked":["Go for the Eyes","BootSequence"],"picked":"Compile Driver","floor":12},{"not_picked":["Go for the Eyes","Beam Cell","Compile Driver"],"picked":"SKIP","floor":14},{"not_picked":["Multi-Cast","Seek"],"picked":"Electrodynamics","floor":16},{"not_picked":["Self Repair","Turbo+1"],"picked":"Glacier","floor":18},{"not_picked":["Gash","Compile Driver+1","Cold Snap"],"picked":"SKIP","floor":27},{"not_picked":["Lockon+1","Blizzard","Beam Cell"],"picked":"SKIP","floor":29},{"not_picked":["Cold Snap","Rebound","Compile Driver"],"picked":"SKIP","floor":30},{"not_picked":["Loop+1","Ball Lightning+1"],"picked":"Glacier","floor":31},{"not_picked":["Rainbow","Biased Cognition"],"picked":"Echo Form","floor":33},{"not_picked":["Reprogram+1","Compile Driver","Hologram+1"],"picked":"SKIP","floor":35},{"not_picked":["Sweeping Beam+1","Auto Shields","Self Repair+1"],"picked":"SKIP","floor":37},{"not_picked":["Streamline","Beam Cell+1","Static Discharge+1"],"picked":"SKIP","floor":39},{"not_picked":["Go for the Eyes","Turbo+1"],"picked":"Self Repair+1","floor":46},{"not_picked":["Stack+1","Streamline+1","Darkness"],"picked":"SKIP","floor":48}],"player_experience":181689,"relics_obtained":[{"floor":7,"key":"CeramicFish"},{"floor":9,"key":"Strawberry"},{"floor":11,"key":"Happy Flower"},{"floor":12,"key":"Odd Mushroom"},{"floor":14,"key":"Bag of Marbles"},{"floor":26,"key":"Oddly Smooth Stone"},{"floor":43,"key":"Regal Pillow"},{"floor":44,"key":"Pen Nib"},{"floor":46,"key":"Lantern"}],"event_choices":[{"damage_healed":0,"gold_gain":0,"player_choice":"Bought 3 Potions","damage_taken":0,"max_hp_gain":0,"max_hp_loss":0,"event_name":"The Woman in Blue","floor":3,"gold_loss":0},{"damage_healed":0,"gold_gain":0,"player_choice":"Ignored","damage_taken":0,"max_hp_gain":0,"max_hp_loss":0,"event_name":"Liars Game","floor":8,"gold_loss":0},{"damage_healed":0,"gold_gain":0,"player_choice":"Fought Mushrooms","damage_taken":0,"max_hp_gain":0,"max_hp_loss":0,"event_name":"Mushrooms","floor":12,"gold_loss":0},{"cards_removed":["Strike_B"],"damage_healed":0,"gold_gain":0,"player_choice":"Gave Gold","damage_taken":0,"max_hp_gain":0,"max_hp_loss":0,"event_name":"Beggar","floor":19,"gold_loss":75},{"damage_healed":0,"gold_gain":0,"player_choice":"Obtained Book","damage_taken":16,"max_hp_gain":0,"max_hp_loss":0,"event_name":"Cursed Tome","floor":20,"gold_loss":0},{"damage_healed":0,"gold_gain":0,"player_choice":"Ignored","damage_taken":0,"max_hp_gain":0,"max_hp_loss":0,"event_name":"Ghosts","floor":22,"gold_loss":0},{"damage_healed":0,"gold_gain":0,"player_choice":"1 cards matched","damage_taken":0,"max_hp_gain":0,"max_hp_loss":0,"event_name":"Match and Keep!","floor":38,"gold_loss":0,"cards_obtained":["Zap"]},{"damage_healed":0,"gold_gain":0,"player_choice":"Embrace Madness","damage_taken":10,"max_hp_gain":0,"max_hp_loss":0,"event_name":"Winding Halls","floor":41,"gold_loss":0,"cards_obtained":["Madness","Madness"]}],"is_beta":false,"boss_relics":[{"not_picked":["Ectoplasm","Sozu"],"picked":"Inserter"},{"not_picked":["Runic Dome","Velvet Choker"],"picked":"Philosopher\u0027s Stone"}],"items_purged_floors":[4,13,36],"is_endless":false,"potions_floor_spawned":[7,11,12,14,18,30,31,33,48],"ascension_level":10}}