{"host":"c5slkkw8hp42e20v","time":1610878042,"event":{"mods":["AchievementEnabler","BaseMod","Better Note","BetterRewards","Colored Powertips","DeckTracker","Friendly Minions","GifTheSpireLib","Hermit","Highlight Path","Minty Spire (QoL Compilation)","Quick Restart","Rare Cards Sparkle","Replay The Spire","Spicy Shops","StSLib","The Animator","The Hierophant","The Poker Player","????"],"gold_per_floor":[119,131,143,161,161,176,176,176],"floor_reached":7,"language":"ENG","playtime":323,"items_purged":[],"score":45,"play_id":"091ced53-d612-4768-b284-e98ed9174862","local_time":"20210117040722","is_ascension_mode":false,"campfire_choices":[],"circlet_count":0,"master_deck":["Strike_B","Strike_B","Strike_B","Defend_B","Defend_B","Defend_B","Defend_B","Zap","Dualcast","Tempest+1","Cold Snap","Sweeping Beam","Crystallizer+1","Genetic Algorithm","ReplayTheSpireMod:GoodbyeWorld"],"relics":["Cracked Core"],"acts_visited":["Exordium"],"potions_floor_usage":[],"damage_taken":[{"damage":11,"enemies":"2 Louse","floor":1,"turns":2},{"damage":6,"enemies":"Jaw Worm","floor":2,"turns":3},{"damage":13,"enemies":"Small Slimes","floor":3,"turns":3},{"damage":9,"enemies":"2 Fungi Beasts","floor":4,"turns":3},{"damage":13,"enemies":"3 Louse","floor":6,"turns":4},{"damage":10,"enemies":"Gremlin Nob","floor":7,"turns":2}],"seed_played":"-7406703151335304279","potions_obtained":[{"floor":4,"key":"SteroidPotion"},{"floor":6,"key":"LiquidMemories"}],"is_trial":false,"path_per_floor":["M","M","M","M","?","M","E"],"character_chosen":"DEFECT","items_purchased":[],"campfire_rested":0,"item_purchase_floors":[],"current_hp_per_floor":[64,58,45,36,21,8,0,0],"gold":176,"neow_bonus":"TRANSFORM_CARD","is_daily":false,"chose_seed":false,"campfire_upgraded":0,"win_rate":0.0,"timestamp":1610878042,"path_taken":["M","M","M","M","?","M","E"],"items_purchased_type":[],"build_version":"2020-12-22","purchased_purges":0,"victory":false,"max_hp_per_floor":[75,75,75,75,75,75,75,75],"card_choices":[{"not_picked":["Stack","Beam Cell"],"picked":"Cold Snap","floor":1},{"not_picked":["Hologram","Consume"],"picked":"Sweeping Beam","floor":2},{"not_picked":["Sweeping Beam","Barrage"],"picked":"Crystallizer","floor":3},{"not_picked":["ReplayTheSpireMod:Repulse","Redo"],"picked":"Genetic Algorithm","floor":4},{"not_picked":["Cold Snap","Coolheaded"],"picked":"ReplayTheSpireMod:GoodbyeWorld","floor":6}],"player_experience":77792,"relics_obtained":[],"event_choices":[{"damage_healed":0,"gold_gain":0,"player_choice":"Entered Light","damage_taken":15,"max_hp_gain":0,"max_hp_loss":0,"event_name":"Shining Light","floor":5,"gold_loss":0,"cards_upgraded":["Tempest","Crystallizer"]}],"is_beta":false,"boss_relics":[],"items_purged_floors":[],"is_endless":false,"potions_floor_spawned":[4,6],"killed_by":"Gremlin Nob","ascension_level":0}}