{"host":"doxo6v3vhswwfk80","time":1610862370,"event":{"mods":["2.2 Compatiblity","AchievementEnabler","Act Like it!","BaseMod","Better Altar","Better Match","Better Note","Better Sensory Stone","Better Skull","Better Third Choice","Curses Come First","Hermit","Minty Spire (QoL Compilation)","Quick Restart","Relic Stats","Shade Mod","StSLib","The Hierophant","The Runesmith"],"gold_per_floor":[113,126,148,223,323,317,306,335,381,374,419,424,468,485,485,597,597,580,580,580,123,123,121,113,111,111,123,168,168,174,185,197,245,257,301,238,24,33,33,122,122,117,117,150,150,150,150,196,196,146],"floor_reached":51,"language":"ENG","playtime":4544,"items_purged":[],"score":1414,"play_id":"d597306c-3893-4e32-a13e-d7171d4135af","local_time":"20210116234609","daily_mods":["Draft","Flight","Elite Swarm"],"is_ascension_mode":true,"campfire_choices":[{"floor":15,"key":"REST"},{"floor":27,"key":"REST"},{"floor":32,"key":"DIG"},{"floor":41,"key":"REST"},{"floor":45,"key":"REST"},{"floor":46,"key":"DIG"},{"floor":47,"key":"DIG"},{"floor":49,"key":"REST"}],"circlet_count":0,"master_deck":["hierophant:ThreeLashes","hierophant:FlamingChariot","hierophant:Chorus","hierophant:ThreeLashes","hierophant:Smite","hierophant:Encroach","hierophant:Sermon","hierophant:Empathy","hierophant:SolarFlare+1","hierophant:Smite","hierophant:ThreeLashes","hierophant:OrnateBuckler+1","hierophant:Smite+1","hierophant:Chorus","hierophant:Community","hierophant:HammerAndAnvil","hierophant:HolyVerse","hierophant:MorningPrayer","hierophant:Batter","hierophant:Determination","hierophant:Batter","hierophant:Invocation","hierophant:LocustPlague","hierophant:LocustPlague","hierophant:Kindle","hierophant:Batter","hierophant:DeathKnell","hierophant:Rebuild","hierophant:ArchangelShield","hierophant:SolarFlare","hierophant:AuricForm","hierophant:Invocation+1","hierophant:Invocation","hierophant:Kindle","hierophant:Kindle","hierophant:Kindle","hierophant:Zeal","hierophant:Sermon","hierophant:Invocation+1","hierophant:LocustPlague","hierophant:Batter"],"relics":["hierophant:PropheticMaskRelic","Vajra","StrikeDummy","MealTicket","Anchor","CeramicFish","Mummified Hand","HornCleat","Nunchaku","InkBottle","Black Star","Nilry\u0027s Codex","Membership Card","hierophant:DonationBoxRelic","Regal Pillow","StoneCalendar","Strawberry","Smiling Mask","Centennial Puzzle","Happy Flower","Whetstone","MawBank","Gremlin Horn","Runesmith:Nanobots","War Paint","Turnip","Juzu Bracelet","Matryoshka","Shovel","Blood Vial","Bag of Marbles","Runic Dome","Art of War","Bronze Scales","TheAbacus","Runesmith:Locket","Ancient Tea Set","Prayer Wheel","Potion Belt","Toy Ornithopter","Ornamental Fan","Du-Vu Doll","Runesmith:AutoHammer","Lantern","Blue Candle","Boot","Toxic Egg 2"],"acts_visited":["Exordium","TheCity","TheBeyond"],"potions_floor_usage":[8,11,14,16,23,23,24,24,28,29,31,33,44,50],"damage_taken":[{"damage":11,"enemies":"Jaw Worm","floor":1,"turns":2},{"damage":0,"enemies":"Cultist","floor":2,"turns":2},{"damage":0,"enemies":"Small Slimes","floor":3,"turns":1},{"damage":0,"enemies":"Lagavulin","floor":6,"turns":2},{"damage":9,"enemies":"3 Sentries","floor":7,"turns":3},{"damage":0,"enemies":"Lagavulin","floor":8,"turns":2},{"damage":0,"enemies":"3 Sentries","floor":10,"turns":3},{"damage":0,"enemies":"Gremlin Nob","floor":11,"turns":2},{"damage":0,"enemies":"Lagavulin","floor":12,"turns":2},{"damage":0,"enemies":"Gremlin Nob","floor":13,"turns":2},{"damage":11,"enemies":"Lagavulin","floor":14,"turns":5},{"damage":10,"enemies":"Hexaghost","floor":16,"turns":5},{"damage":0,"enemies":"Spheric Guardian","floor":18,"turns":3},{"damage":9,"enemies":"Slavers","floor":23,"turns":4},{"damage":2,"enemies":"Book of Stabbing","floor":24,"turns":3},{"damage":22,"enemies":"Slavers","floor":25,"turns":3},{"damage":0,"enemies":"Gremlin Leader","floor":28,"turns":3},{"damage":5,"enemies":"Slavers","floor":29,"turns":2},{"damage":0,"enemies":"Gremlin Leader","floor":30,"turns":3},{"damage":0,"enemies":"Book of Stabbing","floor":31,"turns":3},{"damage":36,"enemies":"Champ","floor":33,"turns":7},{"damage":8,"enemies":"3 Shapes","floor":35,"turns":2},{"damage":9,"enemies":"Giant Head","floor":40,"turns":4},{"damage":0,"enemies":"Reptomancer","floor":42,"turns":2},{"damage":30,"enemies":"Nemesis","floor":44,"turns":5},{"damage":46,"enemies":"Reptomancer","floor":48,"turns":3},{"damage":18,"enemies":"Time Eater","floor":50,"turns":6}],"seed_played":"-4357274220964650226","potions_obtained":[{"floor":2,"key":"Swift Potion"},{"floor":3,"key":"Energy Potion"},{"floor":6,"key":"AttackPotion"},{"floor":8,"key":"BlessingOfTheForge"},{"floor":12,"key":"LiquidMemories"},{"floor":16,"key":"SpeedPotion"},{"floor":23,"key":"BlessingOfTheForge"},{"floor":30,"key":"Block Potion"},{"floor":31,"key":"GamblersBrew"},{"floor":40,"key":"SkillPotion"},{"floor":48,"key":"DistilledChaos"}],"is_trial":true,"path_per_floor":["M","M","M","?","?","E","E","E","T","E","E","E","E","E","R","B",null,"M","?","?","$","?","E","E","E","T","R","E","E","E","E","R","B",null,"M","?","$","?","$","E","R","E","T","E","R","R","R","E","R","B",null],"character_chosen":"HIEROPHANT","items_purchased":["Membership Card","hierophant:DonationBoxRelic","Regal Pillow","hierophant:ArchangelShield","hierophant:SolarFlare","EntropicBrew","Art of War","Bronze Scales","TheAbacus","hierophant:Sermon"],"campfire_rested":5,"item_purchase_floors":[21,21,21,21,21,21,37,37,37,37],"current_hp_per_floor":[64,64,64,53,53,53,44,44,44,44,44,44,44,33,55,51,75,75,75,59,74,74,72,70,48,48,82,82,82,82,82,82,46,82,80,80,82,82,82,73,82,82,82,52,82,82,82,36,75,64],"gold":146,"neow_bonus":"","is_daily":false,"chose_seed":false,"campfire_upgraded":0,"win_rate":0.0,"timestamp":1610862369,"path_taken":["M","M","M","?","?","E","E","E","T","E","E","E","E","E","R","BOSS","M","?","?","$","?","E","E","E","T","R","E","E","E","E","R","BOSS","M","?","?","?","?","E","R","E","T","E","R","R","R","E","R","BOSS"],"items_purchased_type":["Relic","Relic","Relic","Card","Card","Potion","Relic","Relic","Relic","Card"],"build_version":"2020-12-22","purchased_purges":0,"victory":true,"max_hp_per_floor":[75,75,75,75,75,75,75,75,75,75,75,75,75,75,75,75,75,75,75,75,75,75,82,82,82,82,82,82,82,82,82,82,82,82,82,82,82,82,82,82,82,82,82,82,82,82,82,82,82,82],"relic_stats":{"Regal Pillow":31,"Gremlin Horn":[10,10],"CeramicFish":180,"StoneCalendar":[0],"Juzu Bracelet":1,"Whetstone":["hierophant:SolarFlare","hierophant:Smite"],"Smiling Mask":0,"Boot":[5],"Blood Vial":2,"Nunchaku":[11],"Centennial Puzzle":[24],"Shovel":3,"TheAbacus":[0],"Mummified Hand":[70],"MealTicket":17,"Prayer Wheel":0,"InkBottle":[24],"Happy Flower":[13],"counters":[27,84],"Blue Candle":[0],"War Paint":["hierophant:OrnateBuckler","hierophant:Invocation"],"MawBank":132,"Ornamental Fan":[12],"Bronze Scales":[73],"Turnip":[2],"Black Star":11,"Art of War":[1],"obtain_stats":[{"Regal Pillow":21,"Lantern":46,"Gremlin Horn":28,"Nilry\u0027s Codex":20,"hierophant:PropheticMaskRelic":0,"CeramicFish":10,"Vajra":6,"Runesmith:Locket":40,"StoneCalendar":23,"Juzu Bracelet":30,"Whetstone":25,"Smiling Mask":24,"Ancient Tea Set":40,"Boot":48,"Blood Vial":31,"Nunchaku":13,"Centennial Puzzle":24,"HornCleat":12,"Matryoshka":30,"Shovel":31,"TheAbacus":37,"Mummified Hand":11,"Strawberry":23,"MealTicket":8,"Prayer Wheel":42,"Toxic Egg 2":48,"InkBottle":14,"Potion Belt":42,"Runesmith:Nanobots":28,"Happy Flower":25,"Blue Candle":47,"War Paint":29,"MawBank":26,"Du-Vu Doll":44,"Runic Dome":34,"Anchor":9,"Ornamental Fan":43,"Bronze Scales":37,"hierophant:DonationBoxRelic":21,"Turnip":29,"Black Star":17,"Bag of Marbles":32,"Art of War":37,"Membership Card":21,"Runesmith:AutoHammer":44,"StrikeDummy":7,"Toy Ornithopter":43},{"Regal Pillow":13,"Lantern":25,"Gremlin Horn":17,"Nilry\u0027s Codex":13,"hierophant:PropheticMaskRelic":0,"CeramicFish":7,"Vajra":4,"Runesmith:Locket":23,"StoneCalendar":14,"Juzu Bracelet":19,"Whetstone":16,"Smiling Mask":15,"Ancient Tea Set":23,"Boot":26,"Blood Vial":20,"Nunchaku":10,"Centennial Puzzle":15,"HornCleat":9,"Matryoshka":19,"Shovel":20,"TheAbacus":22,"Mummified Hand":8,"Strawberry":14,"MealTicket":6,"Prayer Wheel":24,"Toxic Egg 2":26,"InkBottle":11,"Potion Belt":24,"Runesmith:Nanobots":17,"Happy Flower":16,"Blue Candle":25,"War Paint":18,"MawBank":16,"Du-Vu Doll":25,"Runic Dome":21,"Anchor":6,"Ornamental Fan":24,"Bronze Scales":22,"hierophant:DonationBoxRelic":13,"Turnip":18,"Black Star":12,"Bag of Marbles":20,"Art of War":22,"Membership Card":13,"Runesmith:AutoHammer":25,"StrikeDummy":5,"Toy Ornithopter":24},{"Regal Pillow":34,"Lantern":75,"Gremlin Horn":47,"Nilry\u0027s Codex":34,"hierophant:PropheticMaskRelic":0,"CeramicFish":15,"Vajra":7,"Runesmith:Locket":68,"StoneCalendar":38,"Juzu Bracelet":52,"Whetstone":44,"Smiling Mask":41,"Ancient Tea Set":68,"Boot":78,"Blood Vial":55,"Nunchaku":21,"Centennial Puzzle":41,"HornCleat":19,"Matryoshka":52,"Shovel":55,"TheAbacus":64,"Mummified Hand":17,"Strawberry":38,"MealTicket":12,"Prayer Wheel":70,"Toxic Egg 2":78,"InkBottle":26,"Potion Belt":70,"Runesmith:Nanobots":47,"Happy Flower":44,"Blue Candle":75,"War Paint":49,"MawBank":44,"Du-Vu Doll":75,"Runic Dome":62,"Anchor":12,"Ornamental Fan":70,"Bronze Scales":64,"hierophant:DonationBoxRelic":34,"Turnip":49,"Black Star":31,"Bag of Marbles":55,"Art of War":64,"Membership Card":34,"Runesmith:AutoHammer":75,"StrikeDummy":10,"Toy Ornithopter":70}],"Toy Ornithopter":5},"card_choices":[{"not_picked":["hierophant:DisplayOfPower","hierophant:Doomsaying"],"picked":"hierophant:ThreeLashes","floor":0},{"not_picked":["hierophant:PristineSoul","hierophant:OrnateBuckler"],"picked":"hierophant:FlamingChariot","floor":0},{"not_picked":["hierophant:FieryStrike","hierophant:Repentance"],"picked":"hierophant:Chorus","floor":0},{"not_picked":["hierophant:HammerAndAnvil","hierophant:Alms"],"picked":"hierophant:ThreeLashes","floor":0},{"not_picked":["hierophant:RustyCrate","hierophant:Embezzle"],"picked":"hierophant:Smite","floor":0},{"not_picked":["hierophant:Repentance","hierophant:Mercenaries"],"picked":"hierophant:Encroach","floor":0},{"not_picked":["hierophant:Chorus","hierophant:RustyCrate"],"picked":"hierophant:Sermon","floor":0},{"not_picked":["hierophant:Dazzle","hierophant:AuricBeam"],"picked":"hierophant:Empathy","floor":0},{"not_picked":["hierophant:OrnateBuckler","hierophant:ThreeLashes"],"picked":"hierophant:SolarFlare","floor":0},{"not_picked":["hierophant:Dazzle","hierophant:Charity"],"picked":"hierophant:Smite","floor":0},{"not_picked":["hierophant:MorningPrayer","hierophant:Prophecy"],"picked":"hierophant:ThreeLashes","floor":0},{"not_picked":["hierophant:RecallFunds","hierophant:Mercenaries"],"picked":"hierophant:OrnateBuckler","floor":0},{"not_picked":["hierophant:Endure","hierophant:Zeal"],"picked":"hierophant:Smite","floor":0},{"not_picked":["hierophant:Remorse","hierophant:PassingBell"],"picked":"hierophant:Chorus","floor":0},{"not_picked":["hierophant:Mercenaries","hierophant:SealAway"],"picked":"hierophant:Community","floor":0},{"not_picked":["hierophant:RepressedViolence","hierophant:FieryStrike"],"picked":"hierophant:HammerAndAnvil","floor":1},{"not_picked":["hierophant:OrnateBuckler","hierophant:MorningPrayer"],"picked":"hierophant:HolyVerse","floor":2},{"not_picked":["hierophant:CursedGold","hierophant:OrnateJavelin"],"picked":"hierophant:MorningPrayer","floor":3},{"not_picked":["hierophant:LocustPlague","hierophant:BulkyChest"],"picked":"hierophant:Batter","floor":6},{"not_picked":["hierophant:Cornucopia","hierophant:LocustPlague"],"picked":"hierophant:Determination","floor":7},{"not_picked":["hierophant:WrathOfGod","hierophant:BulkyChest"],"picked":"hierophant:Batter","floor":8},{"not_picked":["hierophant:Anathema","hierophant:DivineIntervention"],"picked":"hierophant:Invocation","floor":10},{"not_picked":["hierophant:Generosity","hierophant:WrathOfGod"],"picked":"hierophant:LocustPlague","floor":11},{"not_picked":["hierophant:Generosity","hierophant:Cornucopia"],"picked":"hierophant:LocustPlague","floor":12},{"not_picked":["hierophant:BulkyChest","hierophant:DeathKnell"],"picked":"hierophant:Kindle","floor":13},{"not_picked":["hierophant:WrathOfGod","hierophant:Cornucopia"],"picked":"hierophant:Batter","floor":14},{"not_picked":["hierophant:MintersHammer","hierophant:Generosity"],"picked":"hierophant:DeathKnell","floor":16},{"not_picked":["hierophant:Sermon","hierophant:SealAway"],"picked":"hierophant:Rebuild","floor":18},{"not_picked":["hierophant:Determination","hierophant:BulkyChest"],"picked":"hierophant:AuricForm","floor":23},{"not_picked":["hierophant:Determination","hierophant:WrathOfGod","hierophant:Cornucopia"],"picked":"SKIP","floor":24},{"not_picked":["hierophant:Cornucopia","hierophant:BulkyChest","hierophant:Generosity"],"picked":"SKIP","floor":25},{"not_picked":["hierophant:WrathOfGod","hierophant:Levitation"],"picked":"hierophant:Invocation","floor":28},{"not_picked":["hierophant:Cornucopia","hierophant:MintersHammer"],"picked":"hierophant:Invocation","floor":29},{"not_picked":["hierophant:DeathKnell","hierophant:Determination"],"picked":"hierophant:Kindle","floor":30},{"not_picked":["hierophant:Batter","hierophant:BulkyChest"],"picked":"hierophant:Kindle","floor":31},{"not_picked":["hierophant:AuricForm","hierophant:Levitation"],"picked":"hierophant:Kindle","floor":33},{"not_picked":["hierophant:FlamingChariot+1","hierophant:DisplayOfPower+1"],"picked":"hierophant:Zeal","floor":35},{"not_picked":["hierophant:BulkyChest","hierophant:Levitation"],"picked":"hierophant:LocustPlague","floor":40},{"not_picked":["hierophant:Anathema","hierophant:AuricForm","hierophant:BulkyChest"],"picked":"SKIP","floor":42},{"not_picked":["hierophant:Generosity","hierophant:MintersHammer","hierophant:DeathKnell"],"picked":"SKIP","floor":44},{"not_picked":["hierophant:Generosity","hierophant:WrathOfGod"],"picked":"hierophant:Batter","floor":48}],"player_experience":126130,"relics_obtained":[{"floor":6,"key":"Vajra"},{"floor":7,"key":"StrikeDummy"},{"floor":8,"key":"MealTicket"},{"floor":9,"key":"Anchor"},{"floor":10,"key":"CeramicFish"},{"floor":11,"key":"Mummified Hand"},{"floor":12,"key":"HornCleat"},{"floor":13,"key":"Nunchaku"},{"floor":14,"key":"InkBottle"},{"floor":20,"key":"Nilry\u0027s Codex"},{"floor":23,"key":"StoneCalendar"},{"floor":23,"key":"Strawberry"},{"floor":24,"key":"Smiling Mask"},{"floor":24,"key":"Centennial Puzzle"},{"floor":25,"key":"Happy Flower"},{"floor":25,"key":"Whetstone"},{"floor":26,"key":"MawBank"},{"floor":28,"key":"Gremlin Horn"},{"floor":28,"key":"Runesmith:Nanobots"},{"floor":29,"key":"War Paint"},{"floor":29,"key":"Turnip"},{"floor":30,"key":"Juzu Bracelet"},{"floor":30,"key":"Matryoshka"},{"floor":31,"key":"Shovel"},{"floor":31,"key":"Blood Vial"},{"floor":32,"key":"Bag of Marbles"},{"floor":40,"key":"Runesmith:Locket"},{"floor":40,"key":"Ancient Tea Set"},{"floor":42,"key":"Prayer Wheel"},{"floor":42,"key":"Potion Belt"},{"floor":43,"key":"Toy Ornithopter"},{"floor":43,"key":"Ornamental Fan"},{"floor":44,"key":"Du-Vu Doll"},{"floor":44,"key":"Runesmith:AutoHammer"},{"floor":46,"key":"Lantern"},{"floor":47,"key":"Blue Candle"},{"floor":48,"key":"Boot"},{"floor":48,"key":"Toxic Egg 2"}],"event_choices":[{"damage_healed":0,"gold_gain":75,"player_choice":"Gold","damage_taken":11,"max_hp_gain":0,"max_hp_loss":0,"event_name":"betterThird:BetterGoop","floor":4,"gold_loss":0},{"damage_healed":0,"gold_gain":100,"player_choice":"Pray","damage_taken":0,"max_hp_gain":0,"max_hp_loss":0,"event_name":"Golden Shrine","floor":5,"gold_loss":0},{"damage_healed":0,"gold_gain":0,"player_choice":"Ignored","damage_taken":0,"max_hp_gain":0,"max_hp_loss":0,"event_name":"Vampires","floor":19,"gold_loss":0},{"damage_healed":0,"gold_gain":0,"player_choice":"Obtained Book","damage_taken":16,"max_hp_gain":0,"max_hp_loss":0,"event_name":"Cursed Tome","floor":20,"gold_loss":0},{"damage_healed":0,"gold_gain":0,"player_choice":"Ignored","damage_taken":0,"max_hp_gain":0,"max_hp_loss":0,"event_name":"The Mausoleum","floor":22,"gold_loss":0},{"damage_healed":0,"gold_gain":0,"player_choice":"Random: Orange","damage_taken":0,"max_hp_gain":0,"max_hp_loss":0,"event_name":"betterThird:BetterPortal","floor":36,"gold_loss":0},{"damage_healed":0,"gold_gain":0,"player_choice":"3","damage_taken":0,"max_hp_gain":0,"max_hp_loss":0,"event_name":"betterMatch:BetterMatch","floor":36,"gold_loss":0,"cards_obtained":[]},{"damage_healed":0,"gold_gain":0,"player_choice":"Copied","damage_taken":0,"max_hp_gain":0,"max_hp_loss":0,"event_name":"Duplicator","floor":38,"gold_loss":0,"cards_obtained":["hierophant:Invocation"]}],"is_beta":false,"boss_relics":[{"not_picked":["Snecko Eye","Coffee Dripper"],"picked":"Black Star"},{"not_picked":["Velvet Choker","SacredBark"],"picked":"Runic Dome"}],"items_purged_floors":[],"is_endless":false,"potions_floor_spawned":[2,3,6,7,8,12,16,23,24,30,31,40,48],"ascension_level":1}}