{"host":"q9718omregw4er46","time":1610865543,"event":{"mods":["BaseMod","Bestiary","Colored Powertips","Minty Spire (QoL Compilation)","Quick Restart","Relic Stats"],"gold_per_floor":[367,442,442,152,168,168,168],"floor_reached":6,"language":"ENG","playtime":108,"items_purged":[],"score":68,"play_id":"9e60c19b-cf36-473c-a28f-5e6ebfe4f2ac","local_time":"20210117113903","is_ascension_mode":true,"campfire_choices":[],"circlet_count":0,"master_deck":["AscendersBane","Strike_B","Strike_B","Strike_B","Strike_B","Defend_B","Defend_B","Defend_B","Defend_B","Zap","Dualcast","Static Discharge","Consume"],"relics":["Cracked Core","GremlinMask","Runic Capacitor"],"acts_visited":["Exordium"],"potions_floor_usage":[6],"damage_taken":[{"damage":6,"enemies":"Small Slimes","floor":1,"turns":3},{"damage":12,"enemies":"Jaw Worm","floor":5,"turns":3},{"damage":20,"enemies":"3 Sentries","floor":6,"turns":2}],"seed_played":"-142955823727139115","potions_obtained":[{"floor":5,"key":"Strength Potion"}],"is_trial":false,"path_per_floor":["M","?","?","$","M","E"],"character_chosen":"DEFECT","items_purchased":["Runic Capacitor","Static Discharge","FocusPotion"],"campfire_rested":0,"item_purchase_floors":[4,4,4],"current_hp_per_floor":[40,29,29,29,17,0,0],"gold":168,"neow_bonus":"TWO_FIFTY_GOLD","is_daily":false,"chose_seed":false,"campfire_upgraded":0,"win_rate":0.0,"timestamp":1610865543,"path_taken":["M","?","?","$","?","E"],"items_purchased_type":["Relic","Card","Potion"],"build_version":"2020-12-22","purchased_purges":0,"victory":false,"max_hp_per_floor":[71,71,71,71,71,71,71],"relic_stats":{"counters":[3,8],"obtain_stats":[{"GremlinMask":3,"Runic Capacitor":4,"Cracked Core":0},{"GremlinMask":1,"Runic Capacitor":1,"Cracked Core":0},{"GremlinMask":3,"Runic Capacitor":3,"Cracked Core":0}]},"card_choices":[{"not_picked":["Streamline","Aggregate","Reinforced Body"],"picked":"SKIP","floor":1},{"not_picked":["Sweeping Beam","Force Field"],"picked":"Consume","floor":5}],"player_experience":1215590,"relics_obtained":[],"event_choices":[{"damage_healed":0,"gold_gain":75,"player_choice":"Gather Gold","damage_taken":11,"max_hp_gain":0,"max_hp_loss":0,"event_name":"World of Goop","floor":2,"gold_loss":0},{"damage_healed":0,"gold_gain":0,"player_choice":"Trade","damage_taken":0,"relics_obtained":["GremlinMask"],"max_hp_gain":0,"max_hp_loss":0,"event_name":"FaceTrader","floor":3,"gold_loss":0}],"is_beta":false,"boss_relics":[],"items_purged_floors":[],"is_endless":false,"potions_floor_spawned":[5],"killed_by":"3 Sentries","ascension_level":20}}