{"host":"f9ztaq6figs4snwj","time":1610905967,"event":{"mods":["BaseMod","Bestiary","Colored Map","Curses Come First","Hubris","Minty Spire (QoL Compilation)","Replay The Spire","StSLib"],"gold_per_floor":[215,228,242,242,262,297,297,309,335,210,210,210,210,227,227,325,325,337,355,355,355,18,18,28,28,28,46,62,62,62,73,73,73,73],"floor_reached":33,"language":"ENG","playtime":1476,"items_purged":["Shame"],"score":311,"play_id":"4ccb0a86-0ff7-4847-9f8f-5542d6e297e2","local_time":"20210117185247","is_ascension_mode":true,"campfire_choices":[{"data":"Sunder","floor":7,"key":"SMITH"},{"floor":11,"key":"REST"},{"floor":13,"key":"RECALL"},{"floor":15,"key":"DIG"},{"data":"Apotheosis","floor":23,"key":"SMITH"},{"data":"Sunder","floor":29,"key":"SMITH"},{"data":"Dramatic Entrance","floor":32,"key":"SMITH"}],"circlet_count":0,"master_deck":["Strike_B","Strike_B","Defend_B","Defend_B","Defend_B","Sunder+1","Bash","Beam Cell","Hyperbeam","Reinforced Body","Leap","Sunder+1","Sunder+1","Apotheosis+1","Dramatic Entrance+1","Reinforced Body"],"relics":["Prayer Wheel","The Courier","Nunchaku","Chemical X","Iron Core","Gremlin Food","Kintsugi","hubris:BottledHeart"],"acts_visited":["Exordium","TheCity"],"potions_floor_usage":[5,6,16,19,31,33,33],"damage_taken":[{"damage":1,"enemies":"Small Slimes","floor":1,"turns":4},{"damage":0,"enemies":"Cultist","floor":2,"turns":3},{"damage":7,"enemies":"Jaw Worm","floor":3,"turns":3},{"damage":21,"enemies":"3 Louse","floor":5,"turns":2},{"damage":9,"enemies":"Lagavulin","floor":6,"turns":6},{"damage":4,"enemies":"Looter","floor":8,"turns":3},{"damage":0,"enemies":"Exordium Thugs","floor":14,"turns":3},{"damage":37,"enemies":"Slime Boss","floor":16,"turns":8},{"damage":25,"enemies":"Spheric Guardian","floor":18,"turns":4},{"damage":0,"enemies":"2 Thieves","floor":19,"turns":2},{"damage":5,"enemies":"Snecko","floor":24,"turns":3},{"damage":0,"enemies":"Snake Plant","floor":27,"turns":4},{"damage":0,"enemies":"Shelled Parasite and Fungi","floor":28,"turns":3},{"damage":0,"enemies":"Centurion and Healer","floor":31,"turns":4},{"damage":5,"enemies":"hubris:MusketHawk","floor":33,"turns":8}],"seed_played":"6285417120398407124","potions_obtained":[{"floor":2,"key":"Languid Potion"},{"floor":3,"key":"LiquidBronze"},{"floor":8,"key":"LiquidMemories"},{"floor":16,"key":"Adrenaline Potion"},{"floor":18,"key":"Energy Potion"},{"floor":27,"key":"LiquidMemories"},{"floor":28,"key":"Flashbang"}],"is_trial":false,"path_per_floor":["M","M","M","?","M","E","R","M","T","$","R","?","R","M","R_BF","B",null,"M","M","?","?","$","R","M","?","T","M","M","R","$","M","R","B"],"character_chosen":"DEFECT","items_purchased":["Chemical X","Sunder","Apotheosis","Dramatic Entrance"],"campfire_rested":1,"item_purchase_floors":[10,22,22,22],"current_hp_per_floor":[74,74,67,67,46,37,37,33,33,33,55,55,55,55,55,18,61,36,36,36,36,36,36,31,1,1,1,1,1,1,1,1,0,0],"gold":73,"neow_bonus":"HUNDRED_GOLD","is_daily":false,"chose_seed":false,"campfire_upgraded":4,"win_rate":0.0,"timestamp":1610905967,"path_taken":["M","M","M","?","?","E","R","M","T","$","R","?","R","M","R_BF","BOSS","M","M","?","?","$","R","?","?","T","M","M","R","$","M","R","BOSS"],"items_purchased_type":["Relic","Card","Card","Card"],"build_version":"2020-12-22","purchased_purges":1,"victory":false,"max_hp_per_floor":[75,75,75,75,75,75,75,75,75,75,75,75,75,75,75,75,75,75,75,75,75,75,75,75,1,1,1,1,1,1,1,1,1,1],"card_choices":[{"not_picked":["Redo","Fusion"],"picked":"Ball Lightning","floor":1},{"not_picked":["Streamline","Go for the Eyes"],"picked":"Sunder","floor":2},{"not_picked":["Darkness","Beam Cell"],"picked":"Cold Snap","floor":3},{"not_picked":["Redo","Beam Cell","Streamline"],"picked":"SKIP","floor":5},{"not_picked":["Ball Lightning","Rainbow","Hologram"],"picked":"SKIP","floor":6},{"not_picked":["Compile Driver","Darkness","Stack"],"picked":"SKIP","floor":8},{"not_picked":["Chaos","Stack","Streamline"],"picked":"SKIP","floor":8},{"not_picked":["Lockon","ReplayReversal"],"picked":"Beam Cell","floor":14},{"not_picked":["Warcry","Streamline","ReplayReversal"],"picked":"SKIP","floor":14},{"not_picked":["Reaper","hubris:SpecializedCircuitry"],"picked":"Hyperbeam","floor":16},{"not_picked":["Hello World+1","Capacitor"],"picked":"Reinforced Body","floor":18},{"not_picked":["Streamline","Crystallizer","hubris:Ukulele"],"picked":"SKIP","floor":18},{"not_picked":["Redo","ReplaySort"],"picked":"Leap","floor":19},{"not_picked":["Panic Button+1","Rebound","Turbo"],"picked":"SKIP","floor":19},{"not_picked":["Doom and Gloom","Mirror Shield","Gash"],"picked":"SKIP","floor":24},{"not_picked":["Compile Driver","Gash","FIFO Queue+1"],"picked":"SKIP","floor":24},{"not_picked":["Streamline","Ball Lightning","Glacier+1"],"picked":"SKIP","floor":27},{"not_picked":["Sweeping Beam","Scrape","Conserve Battery"],"picked":"SKIP","floor":27},{"not_picked":["Machine Learning","Panic Button"],"picked":"Reinforced Body","floor":28},{"not_picked":["hubris:PowerSurge","ReplayTheSpireMod:GoodbyeWorld","Stack"],"picked":"SKIP","floor":28},{"not_picked":["Lockon+1","Compile Driver","Barrage"],"picked":"SKIP","floor":31},{"not_picked":["Stack","Ball Lightning","Sweeping Beam"],"picked":"SKIP","floor":31}],"player_experience":380131,"relics_obtained":[{"floor":6,"key":"The Courier"},{"floor":9,"key":"Nunchaku"},{"floor":15,"key":"Gremlin Food"}],"event_choices":[{"damage_healed":0,"gold_gain":0,"cards_transformed":["Strike_B"],"player_choice":"Transformed","damage_taken":0,"max_hp_gain":0,"max_hp_loss":0,"event_name":"Transmorgrifier","floor":4,"gold_loss":0,"cards_obtained":["ReplayTheSpireMod:Fabricate Wheel"]},{"cards_removed":["ReplayTheSpireMod:Doomed"],"damage_healed":0,"gold_gain":0,"player_choice":"Elegance","damage_taken":0,"max_hp_gain":0,"max_hp_loss":0,"event_name":"Back to Basics","floor":20,"gold_loss":0},{"damage_healed":0,"gold_gain":0,"player_choice":"Copied","damage_taken":0,"max_hp_gain":0,"max_hp_loss":0,"event_name":"Duplicator","floor":21,"gold_loss":0,"cards_obtained":["Sunder"]}],"is_beta":false,"boss_relics":[{"not_picked":["Replay:Ancient Bell","Calling Bell"],"picked":"Kintsugi"}],"items_purged_floors":[22],"is_endless":false,"potions_floor_spawned":[2,3,8,16,18,27,28],"killed_by":"hubris:MusketHawk","ascension_level":5}}