{"host":"gkh5j5k5w4qf7k7n","time":1610887281,"event":{"mods":["2.2 Compatiblity","AchievementEnabler","Arknights The Spire","BaseMod","Colored Map","Colored Powertips","GifTheSpireLib","Hermit","Keyboard Shortcuts","Minty Spire (QoL Compilation)","Quick Restart","Replay The Spire","StSLib","SuperFastMode","The Druid","The Problem Sleuth","TheBandit","¡¼?Úª?ø«¡½REMEMod"],"gold_per_floor":[109,109,109,109,109,109,34,109,160,194,49,113,113,154,154,243,243,268,292,167,167,186,222,321,171,198,104,127,127,158,179,179,275,275,289,511,844,513,538,571,571,606,633,335,335,383,76,103,103,103],"floor_reached":51,"language":"KOR","playtime":2656,"items_purged":["theSleuth:Strike","theSleuth:Defend","theSleuth:Strike+1","theSleuth:KeyHandgun","theSleuth:Defend+1"],"score":1620,"play_id":"ac030179-be8d-4770-be94-800d58fd1d32","local_time":"20210117214121","is_ascension_mode":true,"campfire_choices":[{"data":"theSleuth:TakeInventory","floor":6.0,"key":"SMITH"},{"data":"theSleuth:Fortune","floor":13.0,"key":"SMITH"},{"data":"theSleuth:FlaskOfWhiskey","floor":15.0,"key":"SMITH"},{"data":"theSleuth:Fortify","floor":29.0,"key":"SMITH"},{"data":"theSleuth:Fortune","floor":32.0,"key":"SMITH"},{"data":"Madness","floor":45.0,"key":"SMITH"},{"data":"Madness","floor":49.0,"key":"SMITH"}],"circlet_count":0,"master_deck":["AscendersBane","theSleuth:TakeInventory+1","theSleuth:Diplomacy","Establishment","theSleuth:Joust","theSleuth:FlaskOfWhiskey+1","theSleuth:Fortune+1","theSleuth:FlaskOfWhiskey+1","theSleuth:TootsieRollFrankenstein","theSleuth:Fortify+1","Purity+1","theSleuth:Fortune+1","theSleuth:Parry","Madness+1","Madness+1","Master of Strategy","Master of Strategy","Finesse","REME_MagicPocketWatch"],"relics":["theSleuth:Typewriter","REME_ComplimentaryCards","NeowsBlessing","Happy Flower","Mercury Hourglass","Bottled Tornado","Dream Catcher","SlaversCollar","Mummified Hand","Red Mask","REME_DuelDisc","Bronze Scales","Prayer Wheel","StrikeDummy","CeramicFish","War Paint","Bird Faced Urn","Calipers","HandDrill"],"acts_visited":["Exordium","TheCity","TheBeyond"],"potions_floor_usage":[],"damage_taken":[{"damage":0.0,"enemies":"Jaw Worm","floor":1.0,"turns":1.0},{"damage":0.0,"enemies":"Lagavulin","floor":10.0,"turns":3.0},{"damage":0.0,"enemies":"3 Sentries","floor":12.0,"turns":1.0},{"damage":14.0,"enemies":"3 Sentries","floor":14.0,"turns":10.0},{"damage":11.0,"enemies":"The Guardian","floor":16.0,"turns":13.0},{"damage":0.0,"enemies":"Shell Parasite","floor":18.0,"turns":7.0},{"damage":0.0,"enemies":"3 Byrds","floor":19.0,"turns":6.0},{"damage":0.0,"enemies":"3 Cultists","floor":22.0,"turns":8.0},{"damage":0.0,"enemies":"Gremlin Leader","floor":23.0,"turns":15.0},{"damage":10.0,"enemies":"Centurion and Healer","floor":28.0,"turns":4.0},{"damage":18.0,"enemies":"Masked Bandits","floor":30.0,"turns":3.0},{"damage":12.0,"enemies":"Cultist and Chosen","floor":31.0,"turns":9.0},{"damage":0.0,"enemies":"Automaton","floor":33.0,"turns":2.0},{"damage":0.0,"enemies":"Orb Walker","floor":35.0,"turns":2.0},{"damage":0.0,"enemies":"Mind Bloom Boss Battle","floor":39.0,"turns":1.0},{"damage":0.0,"enemies":"Giant Head","floor":40.0,"turns":1.0},{"damage":0.0,"enemies":"Reptomancer","floor":42.0,"turns":2.0},{"damage":0.0,"enemies":"2 Orb Walkers","floor":46.0,"turns":1.0},{"damage":0,"enemies":"Awakened One","floor":50,"turns":2}],"seed_played":"3489271978007295715","potions_obtained":[{"floor":1.0,"key":"LiquidMemories"},{"floor":12.0,"key":"DistilledChaos"},{"floor":22.0,"key":"Strength Potion"}],"is_trial":false,"path_per_floor":["M","?","?","?","?","R","$","?","T","E","$","?","R","E","R","B",null,"M","M","$","?","M","E","?","$","T","$","M","R","?","M","R","B",null,"M","?","?","$","?","E","?","E","T","$","R","?","$","?","R","B",null],"character_chosen":"THE_sleuth","items_purchased":["theSleuth:FlaskOfWhiskey","Purity","Bronze Scales","Bird Faced Urn","HandDrill","Master of Strategy"],"campfire_rested":0,"item_purchase_floors":[11,27,38,44,47,47],"current_hp_per_floor":[66,59,44,44,44,44,44,33,33,33,33,33,33,19,19,8,53,53,53,53,53,53,53,53,53,53,53,43,43,25,13,13,13,54,54,54,54,54,54,54,45,45,45,45,45,51,51,41,41,47],"gold":103,"neow_bonus":"THREE_ENEMY_KILL","is_daily":false,"chose_seed":false,"campfire_upgraded":7,"win_rate":0.0,"timestamp":1610887281,"path_taken":["M","?","?","?","?","R","$","?","T","E","$","?","R","E","R","BOSS","M","M","$","?","M","E","?","$","T","$","M","R","?","M","R","BOSS","M","?","?","$","?","E","?","E","T","$","R","?","$","?","R","BOSS"],"items_purchased_type":["Card","Card","Relic","Relic","Relic","Card"],"build_version":"2020-12-22","purchased_purges":5,"victory":true,"max_hp_per_floor":[73,73,73,73,68,68,68,68,68,68,68,68,68,68,68,68,68,68,68,68,68,68,68,68,68,68,68,68,68,68,68,68,68,68,68,68,68,68,68,68,68,68,68,68,68,68,68,68,68,68],"card_choices":[{"not_picked":["theSleuth:TorsoFlail","theSleuth:BellyOTheWhale"],"picked":"theSleuth:Joust","floor":1.0},{"not_picked":["theSleuth:PezUzi","theSleuth:Ogle","theSleuth:Fortify"],"picked":"SKIP","floor":10.0},{"not_picked":["theSleuth:Ignore","theSleuth:RetainReturn"],"picked":"theSleuth:Fortune","floor":12.0},{"not_picked":["theSleuth:SnoopDoggBust","theSleuth:ThinkAhead"],"picked":"theSleuth:FlaskOfWhiskey","floor":14.0},{"not_picked":["theSleuth:Supermassive","theSleuth:GummyWormZombie"],"picked":"theSleuth:TootsieRollFrankenstein","floor":16.0},{"not_picked":["theSleuth:TruffleShuffle","theSleuth:VictoryPose","theSleuth:CandyCorn"],"picked":"SKIP","floor":18.0},{"not_picked":["theSleuth:TruffleShuffle","theSleuth:Pepperminthryl"],"picked":"theSleuth:Fortify","floor":19.0},{"not_picked":["theSleuth:RetainReturn","theSleuth:WeighIn","theSleuth:CandyCorn"],"picked":"SKIP","floor":22.0},{"not_picked":["theSleuth:WizardSudoku","theSleuth:Pepperminthryl","theSleuth:FudgeDeck"],"picked":"SKIP","floor":23.0},{"not_picked":["theSleuth:Distill","theSleuth:FudgeDeck"],"picked":"theSleuth:Fortune","floor":28.0},{"not_picked":["theSleuth:PezUzi","theSleuth:HairpinMachinegun"],"picked":"theSleuth:Parry","floor":31.0},{"not_picked":["theSleuth:Taze+1","theSleuth:Ignore","theSleuth:PezUzi"],"picked":"SKIP","floor":35.0},{"not_picked":["theSleuth:Fortune","theSleuth:Unscale","theSleuth:WilsonBust"],"picked":"SKIP","floor":40.0},{"not_picked":["theSleuth:KeyringTommygun","theSleuth:Fortify","theSleuth:Joust"],"picked":"SKIP","floor":42.0},{"not_picked":["Dramatic Entrance","Discovery"],"picked":"Master of Strategy","floor":48.0},{"not_picked":["Good Instincts","Discovery"],"picked":"Finesse","floor":48.0},{"not_picked":["Blind","REME_TwoStrings"],"picked":"REME_MagicPocketWatch","floor":48.0}],"player_experience":826043,"relics_obtained":[{"floor":9.0,"key":"Happy Flower"},{"floor":10.0,"key":"Mercury Hourglass"},{"floor":12.0,"key":"Bottled Tornado"},{"floor":14.0,"key":"Dream Catcher"},{"floor":23.0,"key":"Mummified Hand"},{"floor":30.0,"key":"Red Mask"},{"floor":39.0,"key":"Prayer Wheel"},{"floor":40.0,"key":"StrikeDummy"},{"floor":42.0,"key":"CeramicFish"},{"floor":43.0,"key":"War Paint"},{"floor":46.0,"key":"Calipers"}],"event_choices":[{"cards_removed":["theSleuth:Strike"],"damage_healed":0.0,"max_hp_gain":0.0,"max_hp_loss":0.0,"gold_gain":0.0,"event_name":"Golden Wing","player_choice":"Card Removal","floor":2.0,"gold_loss":0.0,"damage_taken":7.0},{"damage_healed":0.0,"max_hp_gain":0.0,"max_hp_loss":0.0,"gold_gain":0.0,"event_name":"Shining Light","player_choice":"Entered Light","floor":3.0,"gold_loss":0.0,"damage_taken":15.0,"cards_upgraded":["theSleuth:Defend","theSleuth:Strike"]},{"cards_removed":["theSleuth:Strike"],"damage_healed":0.0,"max_hp_gain":0.0,"max_hp_loss":0.0,"gold_gain":0.0,"event_name":"Living Wall","player_choice":"Forget","floor":4.0,"gold_loss":0.0,"damage_taken":0.0},{"damage_healed":0.0,"max_hp_gain":0.0,"max_hp_loss":5.0,"gold_gain":0.0,"event_name":"Golden Idol","player_choice":"Lose Max HP","floor":5.0,"gold_loss":0.0,"damage_taken":0.0,"relics_obtained":["Golden Idol"]},{"damage_healed":0.0,"max_hp_gain":0.0,"max_hp_loss":0.0,"gold_gain":75.0,"event_name":"World of Goop","player_choice":"Gather Gold","floor":8.0,"gold_loss":0.0,"damage_taken":11.0},{"damage_healed":0.0,"max_hp_gain":0.0,"max_hp_loss":0.0,"gold_gain":30.0,"event_name":"Dead Adventurer","player_choice":"Searched \u00273\u0027 times","floor":12.0,"gold_loss":0.0,"damage_taken":0.0},{"cards_removed":["theSleuth:Defend"],"damage_healed":0.0,"max_hp_gain":0.0,"max_hp_loss":0.0,"gold_gain":0.0,"event_name":"Back to Basics","player_choice":"Elegance","floor":21.0,"gold_loss":0.0,"damage_taken":0.0},{"damage_healed":0.0,"max_hp_gain":0.0,"max_hp_loss":0.0,"gold_gain":99.0,"event_name":"Nest","player_choice":"Stole From Cult","floor":24.0,"gold_loss":0.0,"damage_taken":0.0},{"damage_healed":0.0,"max_hp_gain":0.0,"max_hp_loss":0.0,"gold_gain":0.0,"event_name":"Masked Bandits","player_choice":"Fought Bandits","floor":30.0,"gold_loss":0.0,"damage_taken":0.0},{"damage_healed":0.0,"max_hp_gain":0.0,"max_hp_loss":0.0,"gold_gain":222.0,"event_name":"Tomb of Lord Red Mask","player_choice":"Wore Mask","floor":36.0,"gold_loss":0.0,"damage_taken":0.0},{"damage_healed":0.0,"max_hp_gain":0.0,"max_hp_loss":0.0,"gold_gain":333.0,"event_name":"The Moai Head","player_choice":"Gave Idol","floor":37.0,"relics_lost":["Golden Idol"],"gold_loss":0.0,"damage_taken":0.0},{"damage_healed":0.0,"max_hp_gain":0.0,"max_hp_loss":0.0,"gold_gain":0.0,"event_name":"MindBloom","player_choice":"Fight","floor":39.0,"gold_loss":0.0,"damage_taken":0.0},{"damage_healed":0.0,"max_hp_gain":0.0,"max_hp_loss":0.0,"gold_gain":0.0,"event_name":"Winding Halls","player_choice":"Embrace Madness","floor":41.0,"gold_loss":0.0,"damage_taken":9.0,"cards_obtained":["Madness","Madness"]},{"damage_healed":0.0,"max_hp_gain":0.0,"max_hp_loss":0.0,"gold_gain":0.0,"event_name":"Mysterious Sphere","player_choice":"Fight","floor":46.0,"gold_loss":0.0,"damage_taken":0.0},{"damage_healed":0.0,"max_hp_gain":0.0,"max_hp_loss":0.0,"gold_gain":0.0,"event_name":"SensoryStone","player_choice":"Memory 3","floor":48.0,"gold_loss":0.0,"damage_taken":10.0}],"is_beta":false,"boss_relics":[{"not_picked":["REME_DemonsWealth","Pandora\u0027s Box"],"picked":"SlaversCollar"},{"not_picked":["Coffee Dripper","REME_ChargedStone"],"picked":"REME_DuelDisc"}],"items_purged_floors":[7,11,20,25,38],"is_endless":false,"potions_floor_spawned":[1,12,14,19,22,30,31,33,35,42],"ascension_level":14}}