{"host":"d61fcf2p3sjwe6yo","time":1610883709,"event":{"mods":["AchievementEnabler","BaseMod","Colored Map","Downfall","Minty Spire (QoL Compilation)","StSLib","SuperFastMode"],"gold_per_floor":[99,110,3192,3502,3515,3619,3664,3664],"floor_reached":7,"language":"ENG","playtime":1149,"items_purged":[],"score":334,"play_id":"639064c5-9fd4-4ae7-a6b5-36b660a0cb93","local_time":"20210117144148","is_ascension_mode":true,"campfire_choices":[{"floor":1,"key":"RECALL"}],"circlet_count":0,"master_deck":["AscendersBane","sneckomod:TailWhip","sneckomod:SnekBite+1","sneckomod:ImprovisedAttack","sneckomod:UnknownBoss+1","sneckomod:ImprovisedAttack+1","sneckomod:DangerNoodle+1","sneckomod:UnknownClassSLIMEBOUND+1","sneckomod:ImprovisedAttack+1","sneckomod:ImprovisedGuard+1","sneckomod:UnknownColorless+1","sneckomod:UnknownUncommonSkill+1","sneckomod:Restock+1","sneckomod:UnknownExhaust+1","sneckomod:UnknownClassSLIMEBOUND+1","sneckomod:UnknownClassSLIMEBOUND+1","sneckomod:UnknownClassSLIMEBOUND+1","sneckomod:UnknownClassSLIMEBOUND+1","sneckomod:UnknownClassSLIMEBOUND+1"],"relics":["sneckomod:SneckoSoul","TheAbacus","The Courier","Akabeko","Anchor","Ancient Tea Set","Art of War","Bag of Marbles","Astrolabe","Bag of Preparation","Bird Faced Urn","Black Star","Blood Vial","Boot","Blue Candle","Bottled Flame","Bottled Lightning","Bottled Tornado","Bronze Scales","Busted Crown","Calipers","Membership Card","Shovel","bronze:BronzeIdol","Oddly Smooth Stone","FossilizedHelix","Guardian:BottledAnomaly","Vajra","Tiny Chest","Dream Catcher","Sundial","sneckomod:BlankCard","PreservedInsect","InkBottle","Guardian:PocketSentry","Omamori","Pear","Ice Cream","hexamod:BolsterEngine","sneckomod:CleanMud","White Beast Statue","Mango","CeramicFish","StoneCalendar","Torii","Happy Flower","Gremlin Horn","Potion Belt","Shuriken","Meat on the Bone","Pen Nib","Guardian:GemstoneGun","War Paint","MealTicket","Whetstone","Letter Opener","Question Card","Regal Pillow","Lantern","sneckomod:ConfusingCodex","Girya","Juzu Bracelet","Toy Ornithopter","Centennial Puzzle","Mercury Hourglass","Eternal Feather","Du-Vu Doll","Orichalcum","HornCleat","Nunchaku","Toxic Egg 2","Singing Bowl","Ginger","hexamod:CandleOfCauterizing","Strawberry","sneckomod:SneckoCommon","sneckomod:LoadedDie","Unceasing Top","StrikeDummy","Ornamental Fan","bronze:DecasWashers","Turnip","Molten Egg 2","Kunai","Matryoshka","Pantograph","WingedGreaves","CaptainsWheel","champ:DuelingGlove","Prayer Wheel","sneckomod:UnknownEgg","Incense Burner","Lizard Tail","Dead Branch","champ:DeflectingBracers","Gambling Chip","hexamod:Sixitude","Pocketwatch","Thread and Needle","TungstenRod","NeowsBlessing","Frozen Eye","Coffee Dripper","Sozu","SacredBark","Pandora\u0027s Box","downfall:TeleportStone","sneckomod:SneckoBoss"],"acts_visited":["Exordium","TheCity"],"potions_floor_usage":[],"damage_taken":[{"damage":0,"enemies":"Cultist","floor":2,"turns":3},{"damage":0,"enemies":"downfall:FleeingMerchant","floor":3,"turns":4},{"damage":0,"enemies":"downfall:FleeingMerchant","floor":4,"turns":1},{"damage":0,"enemies":"2 Louse","floor":5,"turns":1},{"damage":0,"enemies":"IC_STATUS_ARCHETYPE","floor":6,"turns":1}],"seed_played":"3024282118273057555","potions_obtained":[{"floor":4,"key":"sneckomod:CheatPotion"}],"is_trial":false,"path_per_floor":["R","M","$","$","M","B",null],"character_chosen":"THE_SNECKO","items_purchased":["Shovel","bronze:BronzeIdol","Oddly Smooth Stone","FossilizedHelix","Guardian:BottledAnomaly","Bag of Preparation","Vajra","Bronze Scales","Tiny Chest","Dream Catcher","Bottled Lightning","Sundial","sneckomod:BlankCard","PreservedInsect","InkBottle","Guardian:PocketSentry","Omamori","Pear","Blood Vial","Ice Cream","hexamod:BolsterEngine","sneckomod:CleanMud","White Beast Statue","Mango","Bag of Marbles","CeramicFish","StoneCalendar","Torii","Happy Flower","Gremlin Horn","Potion Belt","Shuriken","Meat on the Bone","Pen Nib","Ancient Tea Set","Guardian:GemstoneGun","War Paint","MealTicket","Whetstone","Letter Opener","Question Card","Anchor","Boot","Regal Pillow","Lantern","sneckomod:ConfusingCodex","Girya","Juzu Bracelet","Toy Ornithopter","Centennial Puzzle","Mercury Hourglass","Akabeko","Eternal Feather","Du-Vu Doll","Bird Faced Urn","Orichalcum","HornCleat","Nunchaku","Toxic Egg 2","Singing Bowl","Ginger","hexamod:CandleOfCauterizing","Strawberry","Art of War","Bottled Flame","sneckomod:SneckoCommon","sneckomod:LoadedDie","Frozen Egg 2","Unceasing Top","StrikeDummy","Ornamental Fan","bronze:DecasWashers","Turnip","Molten Egg 2","Kunai","Matryoshka","Pantograph","Blue Candle","WingedGreaves","CaptainsWheel","Calipers","champ:DuelingGlove","Prayer Wheel","sneckomod:UnknownEgg","Incense Burner","Lizard Tail","Dead Branch","champ:DeflectingBracers","Gambling Chip","hexamod:Sixitude","Pocketwatch","Thread and Needle","Circlet","TungstenRod","Frozen Eye"],"campfire_rested":0,"item_purchase_floors":[3,3,3,3,3,3,3,3,3,3,3,3,3,3,3,3,3,3,3,3,3,3,3,3,3,3,3,3,3,3,3,3,3,3,3,3,3,3,3,3,3,3,3,3,3,3,3,3,3,3,3,3,3,3,3,3,3,3,3,3,3,3,3,3,3,3,3,3,3,3,3,3,3,3,3,3,3,3,3,3,3,3,3,3,3,3,3,3,3,3,3,3,3,3,4],"current_hp_per_floor":[90,90,121,132,132,134,134,134],"gold":3664,"neow_bonus":"TEN_PERCENT_HP_BONUS","is_daily":false,"chose_seed":false,"campfire_upgraded":0,"win_rate":0.0,"timestamp":1610883708,"path_taken":["R","M","$","$","M","BOSS"],"items_purchased_type":["Relic","Relic","Relic","Relic","Relic","Relic","Relic","Relic","Relic","Relic","Relic","Relic","Relic","Relic","Relic","Relic","Relic","Relic","Relic","Relic","Relic","Relic","Relic","Relic","Relic","Relic","Relic","Relic","Relic","Relic","Relic","Relic","Relic","Relic","Relic","Relic","Relic","Relic","Relic","Relic","Relic","Relic","Relic","Relic","Relic","Relic","Relic","Relic","Relic","Relic","Relic","Relic","Relic","Relic","Relic","Relic","Relic","Relic","Relic","Relic","Relic","Relic","Relic","Relic","Relic","Relic","Relic","Relic","Relic","Relic","Relic","Relic","Relic","Relic","Relic","Relic","Relic","Relic","Relic","Relic","Relic","Relic","Relic","Relic","Relic","Relic","Relic","Relic","Relic","Relic","Relic","Relic","Undefined","Relic","Relic"],"build_version":"2020-12-22","purchased_purges":0,"victory":false,"max_hp_per_floor":[99,99,130,132,132,134,134,134],"card_choices":[{"not_picked":["sneckomod:SoulCleanse","sneckomod:SoulRoll"],"picked":"sneckomod:UnknownVulnerable","floor":2},{"not_picked":["sneckomod:UnknownCommonSkill","sneckomod:SoulRoll"],"picked":"sneckomod:ImprovisedAttack","floor":3},{"not_picked":["sneckomod:SoulDraw+1","sneckomod:UnknownExhaust+1"],"picked":"Singing Bowl","floor":4},{"not_picked":["sneckomod:QuickMove+1","sneckomod:Unknown1Cost+1"],"picked":"SKIP","floor":5},{"not_picked":["sneckomod:UnknownCommonAttack+1","sneckomod:PureSnecko+1"],"picked":"SKIP","floor":5},{"not_picked":["sneckomod:UnlimitedRolls","sneckomod:UnknownRarePower+1"],"picked":"Singing Bowl","floor":6}],"player_experience":578800,"relics_obtained":[],"event_choices":[],"is_beta":false,"boss_relics":[{"not_picked":["Cursed Key","Black Star"],"picked":"sneckomod:SneckoBoss"}],"items_purged_floors":[],"is_endless":false,"potions_floor_spawned":[4,5,6],"ascension_level":10}}