{"host":"r6jigiblrojhp6xe","time":1610905497,"event":{"mods":["AchievementEnabler","BaseMod","DeckTracker","Minty Spire (QoL Compilation)","Quick Restart","Rare Cards Sparkle","Relic Stats","Replay The Spire","StSLib","SuperFastMode","The Cursed","everything is the same but u backflip on backflip"],"gold_per_floor":[119,136,5,5,5,30,46,46,98,98,124,153,153,163,163,237,237,252,266,53,53,53,53,53,53],"floor_reached":24,"language":"KOR","playtime":502,"items_purged":["Strike_G","Atom Bomb"],"score":454,"play_id":"9b6d53d2-24e0-4fbe-afe8-b556714c560a","local_time":"20210118024457","is_ascension_mode":true,"campfire_choices":[{"data":"Beam Cell","floor":13,"key":"SMITH"},{"data":"Glass Knife","floor":15,"key":"SMITH"},{"data":"Choke","floor":23,"key":"SMITH"}],"circlet_count":0,"master_deck":["AscendersBane","Quick Slash","Blade Dance","Hidden Blade+1","Masterful Stab","Leap+1","Beam Cell+1","Glass Knife+1","Corpse Explosion","Bane","Footwork","Storm of Steel","Sucker Punch","ReplayTheSpireMod:Speed Training","Infinite Blades","Deflect","Choke+1","Backflip"],"relics":["Ring of the Snake","NeowsBlessing","Dream Catcher","War Paint","Smiling Mask","Letter Opener","Pandora\u0027s Box","Membership Card","Meat on the Bone"],"acts_visited":["Exordium","TheCity"],"potions_floor_usage":[12,24],"damage_taken":[{"damage":0.0,"enemies":"Cultist","floor":1.0,"turns":1.0},{"damage":0.0,"enemies":"2 Louse","floor":2.0,"turns":1.0},{"damage":0.0,"enemies":"Gremlin Nob","floor":6.0,"turns":1.0},{"damage":0.0,"enemies":"Jaw Worm","floor":7.0,"turns":3.0},{"damage":28,"enemies":"3 Sentries","floor":12,"turns":10},{"damage":0,"enemies":"Exordium Wildlife","floor":14,"turns":2},{"damage":15,"enemies":"Slime Boss","floor":16,"turns":5},{"damage":0,"enemies":"Chosen","floor":18,"turns":3},{"damage":13,"enemies":"2 Thieves","floor":19,"turns":3},{"damage":44,"enemies":"Book of Stabbing","floor":24,"turns":4}],"seed_played":"-1388786008700494671","potions_obtained":[{"floor":2.0,"key":"Fire Potion"},{"floor":7.0,"key":"Toxic Potion"},{"floor":14,"key":"Languid Potion"}],"is_trial":false,"path_per_floor":["M","M","$","?","?","E","M","?","T","?","T","E","R","M","R","B",null,"M","M","$","?","T","R","E"],"character_chosen":"THE_SILENT","items_purchased":["Blade Dance","Membership Card"],"campfire_rested":0,"item_purchase_floors":[3,20],"current_hp_per_floor":[59,59,59,59,59,59,59,52,52,52,52,24,24,24,24,9,52,52,39,39,39,39,39,0,0],"gold":53,"neow_bonus":"THREE_ENEMY_KILL","is_daily":false,"chose_seed":false,"campfire_upgraded":3,"win_rate":0.0,"timestamp":1610905497,"path_taken":["M","?","$","?","?","E","M","?","T","?","?","E","R","M","R","BOSS","M","M","$","?","?","R","E"],"items_purchased_type":["Card","Relic"],"build_version":"2020-12-22","purchased_purges":2,"victory":false,"max_hp_per_floor":[66,66,66,66,66,66,66,66,66,66,66,66,66,66,66,66,66,66,66,66,66,66,66,66,66],"relic_stats":{"Dream Catcher":0,"counters":[10,33],"Pandora\u0027s Box":["Bane","Footwork","Storm of Steel","Sucker Punch","ReplayTheSpireMod:Speed Training","Infinite Blades","Atom Bomb"],"Letter Opener":[15],"War Paint":["Hidden Blade","Survivor"],"Smiling Mask":0,"obtain_stats":[{"Dream Catcher":6,"NeowsBlessing":0,"Pandora\u0027s Box":17,"Letter Opener":12,"Membership Card":20,"War Paint":9,"Smiling Mask":11,"Ring of the Snake":0,"Meat on the Bone":22},{"Dream Catcher":3,"NeowsBlessing":0,"Pandora\u0027s Box":7,"Letter Opener":5,"Membership Card":9,"War Paint":4,"Smiling Mask":4,"Ring of the Snake":0,"Meat on the Bone":9},{"Dream Catcher":3,"NeowsBlessing":0,"Pandora\u0027s Box":23,"Letter Opener":16,"Membership Card":29,"War Paint":6,"Smiling Mask":6,"Ring of the Snake":0,"Meat on the Bone":29}],"Ring of the Snake":[20],"Meat on the Bone":0},"card_choices":[{"not_picked":["Dodge and Roll","Bane","Prepared"],"picked":"SKIP","floor":1.0},{"not_picked":["Poisoned Stab","PiercingWail"],"picked":"Quick Slash","floor":2.0},{"not_picked":["Glass Knife","Reflex"],"picked":"Hidden Blade","floor":6.0},{"not_picked":["Deflect","Flying Knee"],"picked":"Masterful Stab","floor":7.0},{"not_picked":["Outmaneuver","Slice"],"picked":"Glass Knife","floor":12},{"not_picked":["Acrobatics","Slice","Quick Slash"],"picked":"SKIP","floor":14},{"not_picked":["Atom Bomb","Grand Finale"],"picked":"Corpse Explosion","floor":16},{"not_picked":["Fluid Movement","Acrobatics"],"picked":"Deflect","floor":18},{"not_picked":["ReplayTheSpireMod:Tripwire","Acrobatics"],"picked":"Choke","floor":19}],"player_experience":576297,"relics_obtained":[{"floor":6.0,"key":"Dream Catcher"},{"floor":9.0,"key":"War Paint"},{"floor":11,"key":"Smiling Mask"},{"floor":12,"key":"Letter Opener"},{"floor":22,"key":"Meat on the Bone"}],"event_choices":[{"damage_healed":0.0,"max_hp_gain":0.0,"max_hp_loss":0.0,"gold_gain":0.0,"event_name":"Liars Game","player_choice":"Ignored","floor":4.0,"gold_loss":0.0,"damage_taken":0.0},{"cards_removed":["Strike_G"],"damage_healed":0.0,"max_hp_gain":0.0,"max_hp_loss":0.0,"gold_gain":0.0,"event_name":"Golden Wing","player_choice":"Card Removal","floor":8.0,"gold_loss":0.0,"damage_taken":7.0},{"damage_healed":0,"gold_gain":0,"player_choice":"Read","damage_taken":0,"max_hp_gain":0,"max_hp_loss":0,"event_name":"The Library","floor":21,"gold_loss":0,"cards_obtained":["Backflip"]}],"is_beta":false,"boss_relics":[{"not_picked":["Philosopher\u0027s Stone","Black Star"],"picked":"Pandora\u0027s Box"}],"items_purged_floors":[3,20],"is_endless":false,"potions_floor_spawned":[2,7,14],"killed_by":"Book of Stabbing","ascension_level":20}}