{"host":"5icjlaq41ghjcr7h","time":1610860838,"event":{"mods":["AchievementEnabler","BaseMod","Colored Map","Minty Spire (QoL Compilation)","SuperFastMode","everything is the same but u backflip on backflip"],"gold_per_floor":[119,119,130,144,157,157,168,168,217,217,217],"floor_reached":10,"language":"KOR","playtime":233,"items_purged":[],"score":69,"play_id":"d93ef71d-d329-40b8-8069-c58707cc5008","local_time":"20210117142038","is_ascension_mode":true,"campfire_choices":[{"data":"Zap","floor":6,"key":"SMITH"},{"data":"Turbo","floor":8,"key":"SMITH"}],"circlet_count":0,"master_deck":["Strike_B","Strike_B+1","Strike_B","Defend_B","Defend_B","Defend_B","Defend_B","Zap+1","Dualcast","Fusion+1","Ball Lightning+1","Turbo+1","Cold Snap","Barrage"],"relics":["Cracked Core","Whetstone"],"acts_visited":["Exordium"],"potions_floor_usage":[4,10],"damage_taken":[{"damage":5,"enemies":"Small Slimes","floor":1,"turns":3},{"damage":0,"enemies":"Cultist","floor":3,"turns":3},{"damage":2,"enemies":"Jaw Worm","floor":4,"turns":3},{"damage":32,"enemies":"Gremlin Gang","floor":5,"turns":5},{"damage":1,"enemies":"Looter","floor":7,"turns":2},{"damage":39,"enemies":"3 Sentries","floor":10,"turns":5}],"seed_played":"-3005940151957064250","potions_obtained":[{"floor":3,"key":"PowerPotion"},{"floor":7,"key":"PotionOfCapacity"}],"is_trial":false,"path_per_floor":["M","?","M","M","M","R","M","R","T","E"],"character_chosen":"DEFECT","items_purchased":[],"campfire_rested":0,"item_purchase_floors":[],"current_hp_per_floor":[70,70,70,68,36,36,35,35,35,0,0],"gold":217,"neow_bonus":"TRANSFORM_CARD","is_daily":false,"chose_seed":false,"campfire_upgraded":2,"win_rate":0.0,"timestamp":1610860838,"path_taken":["M","?","M","?","M","R","M","R","T","E"],"items_purchased_type":[],"build_version":"2020-12-22","purchased_purges":0,"victory":false,"max_hp_per_floor":[75,75,75,75,75,75,75,75,75,75,75],"card_choices":[{"not_picked":["Sweeping Beam","Barrage"],"picked":"Ball Lightning","floor":1},{"not_picked":["Streamline","Hologram","Heatsinks"],"picked":"SKIP","floor":3},{"not_picked":["Skim","Beam Cell"],"picked":"Turbo","floor":4},{"not_picked":["Scrape","Go for the Eyes"],"picked":"Cold Snap","floor":5},{"not_picked":["Gash","Leap"],"picked":"Barrage","floor":7}],"player_experience":136054,"relics_obtained":[{"floor":9,"key":"Whetstone"}],"event_choices":[{"damage_healed":0,"gold_gain":0,"player_choice":"Forge","damage_taken":0,"max_hp_gain":0,"max_hp_loss":0,"event_name":"Accursed Blacksmith","floor":2,"gold_loss":0,"cards_upgraded":["Fusion"]}],"is_beta":false,"boss_relics":[],"items_purged_floors":[],"is_endless":false,"potions_floor_spawned":[3,7],"killed_by":"3 Sentries","ascension_level":3}}