{"host":"xp5rvh2jwe2ejyfm","time":1610923252,"event":{"mods":["BaseMod","Hermit","Minty Spire (QoL Compilation)","Replay The Spire","StSLib","The Construct","The Cursed","The Disciple","The Hierophant","The Necromancer","The Runesmith"],"gold_per_floor":[112,112,132,147,147,107,107],"floor_reached":6,"language":"ENG","playtime":201,"items_purged":[],"score":38,"play_id":"dc6d8a97-9a84-4a66-8dcb-57cfcc7bd4bc","local_time":"20210117174052","is_ascension_mode":false,"campfire_choices":[],"circlet_count":0,"master_deck":["hierophant:Strike_Hierophant","hierophant:Strike_Hierophant","hierophant:Strike_Hierophant","hierophant:Strike_Hierophant","hierophant:Punish","hierophant:Defend_Hierophant","hierophant:Defend_Hierophant","hierophant:Defend_Hierophant","hierophant:Defend_Hierophant","hierophant:ChurchCoffers","hierophant:Racketeering","hierophant:HolyVerse","hierophant:Doubloon","hierophant:Charity","hierophant:MorningPrayer"],"relics":["hierophant:PropheticMaskRelic","NeowsBlessing"],"acts_visited":["Exordium"],"potions_floor_usage":[6],"damage_taken":[{"damage":0,"enemies":"Jaw Worm","floor":1,"turns":1},{"damage":0,"enemies":"Cultist","floor":3,"turns":1},{"damage":0,"enemies":"2 Louse","floor":4,"turns":1},{"damage":9,"enemies":"Blue Slaver","floor":5,"turns":3},{"damage":72,"enemies":"Gremlin Nob","floor":6,"turns":5}],"seed_played":"-8139691197001290947","potions_obtained":[{"floor":2,"key":"Reflective Coating"},{"floor":2,"key":"SteroidPotion"},{"floor":2,"key":"Energy Potion"}],"is_trial":false,"path_per_floor":["M","?","M","M","M","E"],"character_chosen":"HIEROPHANT","items_purchased":[],"campfire_rested":0,"item_purchase_floors":[],"current_hp_per_floor":[75,75,75,75,66,0,0],"gold":107,"neow_bonus":"THREE_ENEMY_KILL","is_daily":false,"chose_seed":false,"campfire_upgraded":0,"win_rate":0.0,"timestamp":1610923252,"path_taken":["M","?","?","M","M","E"],"items_purchased_type":[],"build_version":"2020-12-22","purchased_purges":0,"victory":false,"max_hp_per_floor":[75,75,75,75,75,75,75],"card_choices":[{"not_picked":["hierophant:Doubloon","hierophant:DisplayOfPower"],"picked":"hierophant:Racketeering","floor":1},{"not_picked":["hierophant:FlamingChariot","hierophant:ThreeLashes"],"picked":"hierophant:HolyVerse","floor":3},{"not_picked":["hierophant:Dazzle","hierophant:Alms"],"picked":"hierophant:Charity","floor":4},{"not_picked":["hierophant:HammerAndAnvil","hierophant:Encroach"],"picked":"hierophant:MorningPrayer","floor":5}],"player_experience":208212,"relics_obtained":[],"event_choices":[{"damage_healed":0,"gold_gain":0,"player_choice":"Got Potions","damage_taken":0,"max_hp_gain":0,"max_hp_loss":0,"event_name":"Lab","floor":2,"gold_loss":0}],"is_beta":false,"boss_relics":[],"items_purged_floors":[],"is_endless":false,"potions_floor_spawned":[3],"killed_by":"Gremlin Nob","ascension_level":0}}