{"host":"yqa5il53nhlo2jdd","time":1610864097,"event":{"mods":["AchievementEnabler","Arknights The Spire","BaseMod","BetterRewards","Minty Spire (QoL Compilation)","StSLib","[IsaacMod]ÒÔÈö¼âËþ"],"gold_per_floor":[110,185,199,199,270,270,308,308,379,379,379,404,424,459,459,579,579,593,285,285,285,306,306,324,362,362,380,380,380,380,380,380,511,511,527,590,408,469,469,469,508,360,360,391,409,425,59,139,139,139],"floor_reached":51,"language":"ZHS","playtime":4021,"items_purged":["ats:Strike V","ats:Strike S","ats:Defend","ats:Assault Order","ats:Armor Crushing Shot"],"score":1200,"play_id":"19044dcb-9494-483e-a1cf-dcddee00e03e","local_time":"20210117141457","is_ascension_mode":true,"campfire_choices":[{"data":"ats:Emotion Absorption","floor":6.0,"key":"SMITH"},{"floor":8.0,"key":"REST"},{"data":"ats:Mental Burst","floor":10.0,"key":"SMITH"},{"floor":15.0,"key":"REST"},{"data":"ats:Soul Absorption","floor":23.0,"key":"SMITH"},{"data":"ats:Burning Ground","floor":28,"key":"SMITH"},{"data":"ats:Demon Strength","floor":30,"key":"SMITH"},{"data":"ats:Very Hot Blade","floor":32,"key":"SMITH"},{"data":"ats:Flexible Camouflage","floor":40,"key":"SMITH"},{"data":"ats:Sunburst","floor":49,"key":"SMITH"}],"circlet_count":0,"master_deck":["ats:Strike C","ats:Defend+1","ats:Defend+1","ats:Emotion Absorption+1","ats:Mental Burst+1","ats:Sunburst+1","ats:Hammer On","ats:Very Hot Blade+1","ats:Burning Ground+1","ats:Soul Absorption+1","ats:Flexible Camouflage+1","ats:Demon Strength+1","ats:Chain Hook+1","ats:Wolf Pack"],"relics":["ats:Sanity","HushsDoor","GuppysTail","Oddly Smooth Stone","ats:Arts","Golden Idol","ats:Originium","Nunchaku","Art of War","ats:Omniscience","Membership Card","Ancient Tea Set","BookOfRevelations","TungstenRod","Toy Ornithopter","Busted Crown","GuppysHead","Mercury Hourglass","ats:Emergency Defibrillator","Strawberry","Bag of Marbles","The Courier","ats:Lavender","Boot","Bag of Preparation","Question Card","War Paint","DeadEye"],"acts_visited":["Exordium","TheCity","TheBeyond"],"potions_floor_usage":[25,33,50],"damage_taken":[{"damage":1.0,"enemies":"Jaw Worm","floor":1.0,"turns":3.0},{"damage":0.0,"enemies":"2 Louse","floor":3.0,"turns":2.0},{"damage":18.0,"enemies":"Lagavulin","floor":7.0,"turns":6.0},{"damage":0.0,"enemies":"Small Slimes","floor":12.0,"turns":2.0},{"damage":0.0,"enemies":"3 Louse","floor":13.0,"turns":2.0},{"damage":9.0,"enemies":"3 Sentries","floor":14.0,"turns":3.0},{"damage":28.0,"enemies":"The Guardian","floor":16.0,"turns":13.0},{"damage":0.0,"enemies":"Spheric Guardian","floor":18.0,"turns":4.0},{"damage":0.0,"enemies":"Shell Parasite","floor":22.0,"turns":2.0},{"damage":0,"enemies":"Centurion and Healer","floor":24,"turns":4},{"damage":0,"enemies":"Gremlin Leader","floor":25,"turns":4},{"damage":0,"enemies":"Sentry and Sphere","floor":27,"turns":5},{"damage":2,"enemies":"Automaton","floor":33,"turns":6},{"damage":9,"enemies":"3 Darklings","floor":35,"turns":4},{"damage":0,"enemies":"Mind Bloom Boss Battle","floor":36,"turns":7},{"damage":0,"enemies":"2 Orb Walkers","floor":38,"turns":3},{"damage":0,"enemies":"Giant Head","floor":41,"turns":4},{"damage":0,"enemies":"Reptomancer","floor":44,"turns":4},{"damage":0,"enemies":"Orb Walker","floor":45,"turns":2},{"damage":0,"enemies":"Maw","floor":46,"turns":4},{"damage":5,"enemies":"Awakened One","floor":50,"turns":7}],"seed_played":"2397673581236081630","potions_obtained":[{"floor":1.0,"key":"ColorlessPotion"},{"floor":3.0,"key":"Weak Potion"},{"floor":24,"key":"FairyPotion"},{"floor":25,"key":"PowerPotion"},{"floor":27,"key":"Explosive Potion"},{"floor":38,"key":"Ancient Potion"},{"floor":44,"key":"CultistPotion"}],"is_trial":false,"path_per_floor":["M","?","M","?","?","R","E","R","T","R","?","M","M","E","R","B",null,"M","$","?","?","M","R","M","E","T","M","R","?","R","?","R","B",null,"M","?","$","?","?","R","E","$","T","E","M","M","$","T","R","B",null],"character_chosen":"DOCTOR_CLASS","items_purchased":["Oddly Smooth Stone","ats:Mental Burst","ats:Sunburst","ats:Arts","Strength Potion","Membership Card","Ancient Tea Set","ats:Burning Ground","Mercury Hourglass","Bag of Marbles","Boot","Bag of Preparation","Question Card","War Paint"],"campfire_rested":2,"item_purchase_floors":[0,0,0,0,0,19,19,19,37,42,47,47,47,47],"current_hp_per_floor":[71,60,60,60,45,45,27,47,47,47,41,41,41,32,52,24,67,67,67,67,67,67,67,67,67,67,67,67,67,67,53,53,56,67,58,58,58,58,58,58,65,65,65,65,66,69,69,69,69,70],"gold":139,"neow_bonus":"","is_daily":false,"chose_seed":false,"campfire_upgraded":8,"win_rate":0.0,"timestamp":1610864097,"path_taken":["M","?","M","?","?","R","E","R","T","R","?","M","?","E","R","BOSS","M","$","?","?","?","R","M","E","T","M","R","?","R","?","R","BOSS","M","?","$","?","?","R","E","$","T","E","M","M","?","?","R","BOSS"],"items_purchased_type":["Relic","Card","Card","Relic","Potion","Relic","Relic","Card","Relic","Relic","Relic","Relic","Relic","Relic"],"build_version":"2020-12-22","purchased_purges":5,"victory":true,"max_hp_per_floor":[72,72,72,67,67,67,67,67,67,67,67,67,67,67,67,67,67,67,67,67,67,67,67,67,67,67,67,67,67,67,67,67,67,67,67,67,67,67,67,67,74,74,74,74,74,74,74,74,74,74],"card_choices":[{"not_picked":["ats:Ignite","ats:Revitalization"],"picked":"ats:Hammer On","floor":1.0},{"not_picked":["ats:Healing Drone","ats:Support Order","ats:Assault Order"],"picked":"SKIP","floor":3.0},{"not_picked":["ats:Shadow Assault","ats:Explosion Area Strengthen","ats:Rapid Magazine"],"picked":"SKIP","floor":7.0},{"not_picked":["ats:Directed Diagnosis","ats:Explosion Area Strengthen","ats:Revitalization"],"picked":"SKIP","floor":12.0},{"not_picked":["ats:Curse Doll","ats:Automatic Cover"],"picked":"ats:Very Hot Blade","floor":13.0},{"not_picked":["ats:Dogmatic Field","ats:Revitalization","ats:Cat Scratch"],"picked":"SKIP","floor":14.0},{"not_picked":["ats:Neurotoxin","ats:Poison Spread+1","ats:Cat Scratch+1"],"picked":"SKIP","floor":18.0},{"not_picked":["ats:Consecutive Shot Auto+1","ats:Charging Defense"],"picked":"ats:Demon Strength","floor":22.0},{"not_picked":["ats:Assault Order","ats:Spore Proliferation"],"picked":"ats:Chain Hook+1","floor":24},{"not_picked":["ats:Poison Spread","ats:Revitalization","ats:Shadow Assault"],"picked":"SKIP","floor":25},{"not_picked":["ats:Powerful Strike","ats:Flexible Camouflage","ats:Chain Hook+1"],"picked":"SKIP","floor":27},{"not_picked":["ats:Durian","ats:True Silver Slash"],"picked":"ats:Wolf Pack","floor":33},{"not_picked":["ats:Cat Scratch"],"picked":"SKIP","floor":35},{"not_picked":["ats:Shadow Raid+1"],"picked":"SKIP","floor":41},{"not_picked":["ats:Magnetic Hammer+1"],"picked":"SKIP","floor":44},{"not_picked":["ats:Revitalization+1"],"picked":"SKIP","floor":45},{"not_picked":["ats:Ignite"],"picked":"SKIP","floor":46}],"player_experience":666004,"relics_obtained":[{"floor":7.0,"key":"ats:Originium"},{"floor":7.0,"key":"Nunchaku"},{"floor":14.0,"key":"ats:Originium"},{"floor":14.0,"key":"Art of War"},{"floor":25,"key":"ats:Originium"},{"floor":25,"key":"BookOfRevelations"},{"floor":26,"key":"TungstenRod"},{"floor":36,"key":"GuppysHead"},{"floor":38,"key":"ats:Emergency Defibrillator"},{"floor":41,"key":"Strawberry"},{"floor":43,"key":"The Courier"},{"floor":44,"key":"ats:Lavender"},{"floor":48,"key":"DeadEye"}],"event_choices":[{"damage_healed":0.0,"max_hp_gain":0.0,"max_hp_loss":0.0,"gold_gain":75.0,"event_name":"World of Goop","player_choice":"Gather Gold","floor":2.0,"gold_loss":0.0,"damage_taken":11.0},{"damage_healed":0.0,"max_hp_gain":0.0,"max_hp_loss":5.0,"gold_gain":0.0,"event_name":"Golden Idol","player_choice":"Lose Max HP","floor":4.0,"gold_loss":0.0,"damage_taken":0.0,"relics_obtained":["Golden Idol"]},{"damage_healed":0.0,"max_hp_gain":0.0,"max_hp_loss":0.0,"gold_gain":0.0,"event_name":"Wheel of Change","player_choice":"Damaged","floor":11.0,"gold_loss":0.0,"damage_taken":6.0},{"damage_healed":0.0,"max_hp_gain":0.0,"max_hp_loss":0.0,"gold_gain":0.0,"event_name":"The Library","player_choice":"Read","floor":20.0,"gold_loss":0.0,"damage_taken":0.0,"cards_obtained":["ats:Soul Absorption"]},{"damage_healed":0.0,"max_hp_gain":0.0,"max_hp_loss":0.0,"gold_gain":0.0,"cards_transformed":["ats:Defend","ats:Strike G"],"event_name":"Drug Dealer","player_choice":"Became Test Subject","floor":21.0,"gold_loss":0.0,"damage_taken":0.0,"cards_obtained":["ats:Assault Order","ats:Flexible Camouflage"]},{"damage_healed":0,"gold_gain":0,"player_choice":"Ignored","damage_taken":0,"max_hp_gain":0,"max_hp_loss":0,"event_name":"Ghosts","floor":29,"gold_loss":0},{"damage_healed":0,"gold_gain":0,"player_choice":"Fight","damage_taken":0,"max_hp_gain":0,"max_hp_loss":0,"event_name":"MindBloom","floor":36,"gold_loss":0},{"damage_healed":0,"gold_gain":0,"player_choice":"Fight","damage_taken":0,"max_hp_gain":0,"max_hp_loss":0,"event_name":"Mysterious Sphere","floor":38,"gold_loss":0},{"damage_healed":0,"gold_gain":0,"player_choice":"Bought 0 Potions","damage_taken":0,"max_hp_gain":0,"max_hp_loss":0,"event_name":"The Woman in Blue","floor":39,"gold_loss":0}],"is_beta":false,"boss_relics":[{"not_picked":["Runic Pyramid","SacredBark"],"picked":"ats:Omniscience"},{"not_picked":[]},{"not_picked":["Runic Dome","ChampionBelt"],"picked":"Busted Crown"},{"not_picked":[]}],"items_purged_floors":[0,19,37,42,47],"is_endless":false,"potions_floor_spawned":[1,3,12,24,25,27,38,41,44,45],"ascension_level":1}}