{"host":"x3q4ieql2tr7v8o6","time":1610885971,"event":{"mods":["BaseMod","Bestiary","Better Altar","Better Match","Better Note","Better Sensory Stone","Better Skull","Better Third Choice","Colored Map","Colored Powertips","Curses Come First","Minty Spire (QoL Compilation)","StSLib"],"gold_per_floor":[116,134,145,145,145,155,188,200,212,243,273,46,66,66,66,140,140,156,1,14,14,64,64,97,97,97,97,97],"floor_reached":27,"language":"ENG","playtime":1058,"items_purged":[],"score":408,"play_id":"8853abcc-d3be-422c-99ef-dee2ae99eeec","local_time":"20210117121931","is_ascension_mode":true,"campfire_choices":[{"floor":8,"key":"REST"},{"data":"Noxious Fumes","floor":15,"key":"SMITH"},{"floor":23,"key":"REST"},{"floor":25,"key":"REST"}],"circlet_count":0,"master_deck":["AscendersBane","Survivor","Neutralize","Apotheosis+1","Blur","Dodge and Roll","Acrobatics+1","Underhanded Strike","Underhanded Strike","Terror","Noxious Fumes+1","Quick Slash","Sucker Punch","Adrenaline","Grand Finale","Malaise","Footwork","Crippling Poison","Concentrate","Riddle With Holes","Envenom","Dash","Wraith Form v2","Dodge and Roll","Catalyst","Outmaneuver","Writhe","Caltrops"],"relics":["Ring of the Snake","MawBank","Bag of Marbles","Lee\u0027s Waffle","Ornamental Fan","Pandora\u0027s Box","Snake Skull","The Courier","Gambling Chip","White Beast Statue"],"acts_visited":["Exordium","TheCity"],"potions_floor_usage":[7,7,24,27],"damage_taken":[{"damage":6,"enemies":"Cultist","floor":1,"turns":5},{"damage":1,"enemies":"Jaw Worm","floor":2,"turns":4},{"damage":0,"enemies":"Small Slimes","floor":3,"turns":5},{"damage":4,"enemies":"Exordium Thugs","floor":6,"turns":7},{"damage":26,"enemies":"Lagavulin","floor":7,"turns":12},{"damage":9,"enemies":"Gremlin Gang","floor":10,"turns":4},{"damage":0,"enemies":"Large Slime","floor":11,"turns":5},{"damage":0,"enemies":"Looter","floor":13,"turns":3},{"damage":15,"enemies":"Hexaghost","floor":16,"turns":10},{"damage":20,"enemies":"Shell Parasite","floor":18,"turns":7},{"damage":0,"enemies":"3 Byrds","floor":20,"turns":4},{"damage":17,"enemies":"Book of Stabbing","floor":24,"turns":6},{"damage":67,"enemies":"Gremlin Leader","floor":27,"turns":4}],"seed_played":"6053971395920517093","potions_obtained":[{"floor":2,"key":"Strength Potion"},{"floor":3,"key":"SkillPotion"},{"floor":13,"key":"BlessingOfTheForge"},{"floor":16,"key":"AttackPotion"}],"is_trial":false,"path_per_floor":["M","M","M","?","?","M","E","R","T","M","M","$","M","?","R","B",null,"M","$","M","?","?","R","E","R","T","E"],"character_chosen":"THE_SILENT","items_purchased":["Lee\u0027s Waffle","Noxious Fumes","Quick Slash","Snake Skull"],"campfire_rested":3,"item_purchase_floors":[12,12,12,19],"current_hp_per_floor":[53,52,52,52,52,48,22,40,40,31,31,67,67,67,67,52,63,43,43,43,43,43,63,46,66,66,0,0],"gold":97,"neow_bonus":"RANDOM_COLORLESS_2","is_daily":false,"chose_seed":true,"campfire_upgraded":1,"win_rate":0.0,"timestamp":1610885971,"path_taken":["M","M","?","?","?","?","E","R","T","M","?","$","M","?","R","BOSS","M","$","?","?","?","R","E","R","T","E"],"items_purchased_type":["Relic","Card","Card","Relic"],"build_version":"2020-12-22","purchased_purges":0,"victory":false,"max_hp_per_floor":[60,60,60,60,60,60,60,60,60,60,60,67,67,67,67,67,67,67,67,67,67,67,67,67,67,67,67,67],"card_choices":[{"not_picked":["Transmutation","Mayhem"],"picked":"Apotheosis","floor":0},{"not_picked":["PiercingWail","Backflip"],"picked":"Blur","floor":1},{"not_picked":["Infinite Blades","Slice"],"picked":"Dodge and Roll","floor":2},{"not_picked":["Finisher","Storm of Steel"],"picked":"Acrobatics","floor":3},{"not_picked":["Sucker Punch","Quick Slash"],"picked":"Underhanded Strike","floor":6},{"not_picked":["Choke","PiercingWail"],"picked":"Underhanded Strike","floor":7},{"not_picked":["Dagger Throw","Slice"],"picked":"Terror","floor":10},{"not_picked":["Slice","Underhanded Strike"],"picked":"Escape Plan","floor":11},{"not_picked":["PiercingWail","Escape Plan"],"picked":"Sucker Punch","floor":13},{"not_picked":["Phantasmal Killer","Corpse Explosion"],"picked":"Adrenaline","floor":16},{"not_picked":["Accuracy","Crippling Poison"],"picked":"Catalyst","floor":18},{"not_picked":["Deadly Poison","Calculated Gamble"],"picked":"Outmaneuver","floor":20},{"not_picked":["Backstab","Flying Knee"],"picked":"Caltrops","floor":24}],"player_experience":729100,"relics_obtained":[{"floor":7,"key":"MawBank"},{"floor":9,"key":"Bag of Marbles"},{"floor":24,"key":"Gambling Chip"},{"floor":26,"key":"White Beast Statue"}],"event_choices":[{"damage_healed":0,"gold_gain":0,"player_choice":"Grow","damage_taken":0,"max_hp_gain":0,"max_hp_loss":0,"event_name":"Living Wall","floor":4,"gold_loss":0,"cards_upgraded":["Apotheosis"]},{"damage_healed":0,"gold_gain":0,"player_choice":"Upgraded","damage_taken":0,"max_hp_gain":0,"max_hp_loss":0,"event_name":"Upgrade Shrine","floor":5,"gold_loss":0,"cards_upgraded":["Acrobatics"]},{"cards_removed":["Escape Plan"],"damage_healed":0,"gold_gain":0,"player_choice":"Gave Card","damage_taken":0,"relics_obtained":["Ornamental Fan"],"max_hp_gain":0,"max_hp_loss":0,"event_name":"WeMeetAgain","floor":14,"gold_loss":0},{"damage_healed":0,"gold_gain":0,"player_choice":"Opened","damage_taken":0,"relics_obtained":["The Courier"],"max_hp_gain":0,"max_hp_loss":0,"event_name":"The Mausoleum","floor":21,"gold_loss":0,"cards_obtained":["Writhe"]},{"damage_healed":0,"gold_gain":50,"player_choice":"Steal","damage_taken":0,"max_hp_gain":0,"max_hp_loss":0,"event_name":"betterThird:BetterNest","floor":22,"gold_loss":0}],"is_beta":false,"boss_relics":[{"not_picked":["Runic Pyramid","Velvet Choker"],"picked":"Pandora\u0027s Box"}],"items_purged_floors":[],"is_endless":false,"potions_floor_spawned":[2,3,13,16,18],"killed_by":"Gremlin Leader","ascension_level":15}}