{"host":"27tk4xseidcli2mr","time":1610886301,"event":{"mods":["2.2 Compatiblity","AchievementEnabler","Aspiration","BaseMod","Better Third Choice","Conspire","Custom Start","Hubris","Infinite Spire","Jorbs\u0027s Wanderer Trilogy","Minty Spire (QoL Compilation)","Replay The Spire","StSLib","SuperFastMode","[IsaacMod]????"],"gold_per_floor":[116,116,28,28,39,39,71,71,71,71,102,0,17,33,33,111,111,128,128,128,147,147,147,176,176,176,176,210,227,265,281,281,361,361,386,411,411,168,187,223,223,262,262,277,277,289,331,342,342,421,502,520,524,352,360,366,366,366,385,385,385,394,419,450,450,491,491,476,476],"floor_reached":68,"language":"ENG","playtime":3124,"items_purged":["Enlightenment","Decay","conspire:GhostlyStrike"],"score":2498,"play_id":"7a5f2a06-feb0-4ab2-8ef1-4918e1dba411","local_time":"20210117132501","is_ascension_mode":true,"campfire_choices":[{"data":"conspire:DoublingDagger","floor":6.0,"key":"SMITH"},{"floor":8.0,"key":"REST"},{"data":"Doppelganger","floor":10.0,"key":"SMITH"},{"floor":15.0,"key":"REST"},{"floor":23.0,"key":"REST"},{"floor":27.0,"key":"REST"},{"floor":32.0,"key":"REST"},{"floor":41.0,"key":"REST"},{"data":"conspire:Banana","floor":58,"key":"SMITH"},{"data":"Replay:Bag of Tricks","floor":60,"key":"SMITH"},{"data":"infinitespire:Oblivion","floor":67,"key":"SMITH"}],"circlet_count":0,"master_deck":["AscendersBane","conspire:GhostlyStrike","conspire:GhostlyStrike","conspire:GhostlyStrike","conspire:GhostlyStrike","conspire:GhostlyDefend","conspire:GhostlyDefend","conspire:GhostlyDefend","conspire:GhostlyDefend","conspire:GhostlyDefend","Survivor","Neutralize","conspire:DoublingDagger+1","Doppelganger+1","Slice","Quick Slash","Dodge and Roll","Blade Dance","Endless Agony","Adrenaline","Hidden Blade","Cloak And Dagger","Replay:Fractal Strike","Phantasmal Killer","Hidden Blade","ReplayTheSpireMod:From All Sides","infinitespire:Neurotoxin","Backflip","Footwork","Slice+1","Backstab","ReplayTheSpireMod:Shiv Toss","Replay:Bag of Tricks+1","infinitespire:Oblivion+1","infinitespire:TheBestDefense","conspire:Banana+1","ReplayTheSpireMod:Scrap Shanks","ReplayTheSpireMod:Speed Training","ReplayTheSpireMod:Scrap Shanks"],"relics":["Ring of the Snake","HushsDoor","NineVolt","MealTicket","Shuriken","Replay:Rubber Ducky","conspire:RunicOctahedron","aspiration:Stabinomicon","Basket Of Snakes","Regal Pillow","Akabeko","infinitespire:Midas Blood","hubris:TenFootPole","WristBlade","Omamori","aspiration:ArtOfWarUpgrade","Torii","Snack Pack","CeramicFish","Calling Bell","D4","Molten Egg 2","aspiration:Lifesprig","hubris:SphereOfDissonance","hubris:MobiusCoin","Quantum Egg","hubris:Metronome","Replay:Bandana","hubris:Towel","Toy Ornithopter"],"acts_visited":["Exordium","TheCity","TheBeyond","Exordium"],"potions_floor_usage":[51,66,68],"damage_taken":[{"damage":3.0,"enemies":"Cultist","floor":1.0,"turns":5.0},{"damage":7.0,"enemies":"Small Slimes","floor":5.0,"turns":5.0},{"damage":52.0,"enemies":"3 Sentries","floor":7.0,"turns":16.0},{"damage":11.0,"enemies":"Gremlin Nob","floor":11.0,"turns":3.0},{"damage":11.0,"enemies":"Jaw Worm","floor":13.0,"turns":5.0},{"damage":8.0,"enemies":"2 Fungi Beasts","floor":14.0,"turns":3.0},{"damage":22.0,"enemies":"The Guardian","floor":16.0,"turns":10.0},{"damage":22.0,"enemies":"Chosen","floor":18.0,"turns":4.0},{"damage":12.0,"enemies":"Shell Parasite","floor":21.0,"turns":3.0},{"damage":7.0,"enemies":"Gremlin Leader","floor":24.0,"turns":3.0},{"damage":13.0,"enemies":"Replay:Snechameleon","floor":28.0,"turns":3.0},{"damage":4.0,"enemies":"Snake Plant","floor":29.0,"turns":2.0},{"damage":20.0,"enemies":"Nightmare","floor":30.0,"turns":6.0},{"damage":6.0,"enemies":"Shelled Parasite and Fungi","floor":31.0,"turns":2.0},{"damage":12.0,"enemies":"Champ","floor":33.0,"turns":3.0},{"damage":23.0,"enemies":"3 Shapes","floor":35.0,"turns":4.0},{"damage":24.0,"enemies":"3 Darklings","floor":36.0,"turns":3.0},{"damage":0.0,"enemies":"Maw","floor":39.0,"turns":3.0},{"damage":9.0,"enemies":"Giant Head","floor":40.0,"turns":3.0},{"damage":15.0,"enemies":"Nemesis","floor":42.0,"turns":3.0},{"damage":1.0,"enemies":"Jaw Worm Horde","floor":44.0,"turns":2.0},{"damage":0.0,"enemies":"Transient","floor":46.0,"turns":4.0},{"damage":0.0,"enemies":"R_Hoarder","floor":47.0,"turns":3.0},{"damage":5.0,"enemies":"hubris:GrandSnecko","floor":50.0,"turns":3.0},{"damage":22,"enemies":"conspire:OrnateMirror","floor":51,"turns":6},{"damage":0,"enemies":"Cultist","floor":53,"turns":1},{"damage":0,"enemies":"Small Slimes","floor":55,"turns":2},{"damage":0,"enemies":"3 Sentries","floor":59,"turns":2},{"damage":0,"enemies":"Jaw Worm","floor":62,"turns":1},{"damage":0,"enemies":"Gremlin Nob","floor":63,"turns":1},{"damage":0,"enemies":"Looter","floor":64,"turns":1},{"damage":15,"enemies":"3 Sentries","floor":66,"turns":2},{"damage":97,"enemies":"Delirium","floor":68,"turns":6}],"seed_played":"-5090677985502830086","potions_obtained":[{"floor":1.0,"key":"Fire Potion"},{"floor":14.0,"key":"BlessingOfTheForge"},{"floor":18.0,"key":"FearPotion"},{"floor":29.0,"key":"DuplicationPotion"},{"floor":31.0,"key":"AttackPotion"},{"floor":33.0,"key":"Fire Potion"},{"floor":35.0,"key":"BlessingOfTheForge"},{"floor":40.0,"key":"AttackPotion"},{"floor":44.0,"key":"Adrenaline Potion"},{"floor":46.0,"key":"GamblersBrew"},{"floor":47.0,"key":"Fire Potion"},{"floor":51,"key":"SkillPotion"},{"floor":62,"key":"SteroidPotion"},{"floor":66,"key":"Swift Potion"}],"is_trial":false,"path_per_floor":["M","?","$","?","M","R","E","R","T","R","E","?","M","M","R","B",null,"M","?","?","M","AVR","R","E","?","T","R","E","M","NM","M","R","B",null,"M","M","?","$","M","E","R","E","T","M","R","M","E","?","R","B","B",null,"M","$","M","?","T","R","E","R","T","M","E","M","?","E","R","B"],"character_chosen":"THE_SILENT","items_purchased":["Doppelganger","Omamori","conspire:Banana","ReplayTheSpireMod:Scrap Shanks"],"campfire_rested":6,"item_purchase_floors":[3,38,52,54],"current_hp_per_floor":[56,56,66,71,64,64,12,33,33,33,22,28,17,9,32,10,60,38,38,17,5,5,28,21,21,21,59,46,42,22,16,54,42,68,45,21,21,36,36,27,65,50,50,57,57,77,77,68,68,74,64,72,74,75,76,69,69,69,77,77,77,78,78,78,78,67,67,0,0],"gold":476,"neow_bonus":"RANDOM_COMMON_RELIC","is_daily":false,"chose_seed":false,"campfire_upgraded":5,"win_rate":0.0,"timestamp":1610886301,"path_taken":["M","?","$","?","M","R","E","R","T","R","E","?","M","M","R","BOSS","M","?","?","M","AVR","R","E","?","T","R","E","M","NM","M","R","BOSS","M","?","?","$","M","E","R","E","T","M","R","M","E","?","R","BOSS","BOSS","M","$","M","?","?","R","E","R","T","M","E","M","?","E","R","BOSS"],"items_purchased_type":["Card","Relic","Card","Card"],"build_version":"2020-12-22","purchased_purges":3,"victory":false,"max_hp_per_floor":[66,66,66,71,71,71,71,71,71,71,71,77,77,77,77,77,77,77,77,77,77,77,77,77,77,77,77,77,77,77,77,77,77,77,77,77,77,77,77,77,77,77,77,77,77,77,77,77,77,77,77,75,75,75,76,76,76,76,78,78,78,78,78,78,78,78,78,80,80],"card_choices":[{"not_picked":["Choke","Dash"],"picked":"conspire:DoublingDagger","floor":1.0},{"not_picked":["conspire:PoisonWeapons","Catalyst"],"picked":"Slice","floor":5.0},{"not_picked":["hubris:Counter","Dash"],"picked":"Quick Slash","floor":7.0},{"not_picked":["Flying Knee","Atom Bomb"],"picked":"Dodge and Roll","floor":11.0},{"not_picked":["PiercingWail","Quick Slash"],"picked":"Blade Dance","floor":13.0},{"not_picked":["Sucker Punch","Choke"],"picked":"Endless Agony","floor":14.0},{"not_picked":["Phantasmal Killer","Night Terror"],"picked":"Adrenaline","floor":16.0},{"not_picked":["Underhanded Strike","Terror"],"picked":"Hidden Blade","floor":18.0},{"not_picked":["Dagger Throw","Blur"],"picked":"Cloak And Dagger","floor":21.0},{"not_picked":["Sucker Punch","hubris:SlightOfHand"],"picked":"Phantasmal Killer","floor":24.0},{"not_picked":["Outmaneuver","Distraction+1","Tools of the Trade"],"picked":"SKIP","floor":28.0},{"not_picked":["Reflex","Quick Slash"],"picked":"Hidden Blade","floor":29.0},{"not_picked":["Dagger Spray","Distraction","Bane"],"picked":"SKIP","floor":30.0},{"not_picked":["Blade Dance","Hidden Blade"],"picked":"ReplayTheSpireMod:From All Sides","floor":31.0},{"not_picked":["After Image","A Thousand Cuts"],"picked":"infinitespire:Neurotoxin","floor":33.0},{"not_picked":["Dagger Spray","Deadly Poison","Escape Plan"],"picked":"SKIP","floor":35.0},{"not_picked":["hubris:SlightOfHand","Acrobatics"],"picked":"Backflip","floor":36.0},{"not_picked":["Dash","Quick Slash","Underhanded Strike+1"],"picked":"SKIP","floor":39.0},{"not_picked":["conspire:DoublingDagger","Acrobatics"],"picked":"Footwork","floor":40.0},{"not_picked":["Quick Slash","ReplayTheSpireMod:Necrosis"],"picked":"Slice+1","floor":42.0},{"not_picked":["Crippling Poison","Sucker Punch"],"picked":"Backstab","floor":44.0},{"not_picked":["Heel Hook","Quick Slash"],"picked":"ReplayTheSpireMod:Shiv Toss","floor":46.0},{"not_picked":["Blade Dance+1","hubris:Counter+1"],"picked":"Replay:Bag of Tricks","floor":47.0},{"not_picked":["infinitespire:Execution","infinitespire:UltimateForm"],"picked":"infinitespire:Oblivion","floor":48.0},{"not_picked":["infinitespire:DeathsTouch","hubris:Rewind"],"picked":"infinitespire:TheBestDefense","floor":52},{"not_picked":["Outmaneuver","Backflip","Leg Sweep"],"picked":"SKIP","floor":53},{"not_picked":["Hidden Blade","Well Laid Plans"],"picked":"ReplayTheSpireMod:Speed Training","floor":55},{"not_picked":["Flying Knee+1","ReplayTheSpireMod:Speed Training","Outmaneuver"],"picked":"SKIP","floor":59},{"not_picked":["Eviscerate+1","Dagger Throw+1","hubris:SlightOfHand"],"picked":"SKIP","floor":62},{"not_picked":["Underhanded Strike+1","PiercingWail","Predator+1"],"picked":"SKIP","floor":63},{"not_picked":["Cloak And Dagger","Quick Slash+1"],"picked":"ReplayTheSpireMod:Scrap Shanks","floor":64},{"not_picked":["Deflect","Backflip","Blur"],"picked":"SKIP","floor":66}],"player_experience":1269262,"relics_obtained":[{"floor":7.0,"key":"Shuriken"},{"floor":11.0,"key":"Replay:Rubber Ducky"},{"floor":20.0,"key":"aspiration:Stabinomicon"},{"floor":24.0,"key":"Regal Pillow"},{"floor":26.0,"key":"Akabeko"},{"floor":28.0,"key":"infinitespire:Midas Blood"},{"floor":30.0,"key":"hubris:TenFootPole"},{"floor":40.0,"key":"Art of War"},{"floor":42.0,"key":"Torii"},{"floor":43.0,"key":"Snack Pack"},{"floor":47.0,"key":"CeramicFish"},{"floor":52,"key":"D4"},{"floor":52,"key":"Molten Egg 2"},{"floor":52,"key":"aspiration:Lifesprig"},{"floor":57,"key":"Quantum Egg"},{"floor":59,"key":"hubris:Metronome"},{"floor":63,"key":"Replay:Bandana"},{"floor":66,"key":"Toy Ornithopter"}],"event_choices":[{"damage_healed":0.0,"max_hp_gain":0.0,"max_hp_loss":0.0,"gold_gain":0.0,"event_name":"conspire:LoneGhost","player_choice":"Agree","floor":2.0,"gold_loss":0.0,"damage_taken":0.0},{"damage_healed":0.0,"max_hp_gain":5.0,"max_hp_loss":0.0,"gold_gain":0.0,"event_name":"Big Fish","player_choice":"Donut","floor":4.0,"gold_loss":0.0,"damage_taken":0.0},{"damage_healed":0.0,"max_hp_gain":0.0,"max_hp_loss":0.0,"gold_gain":0.0,"event_name":"betterThird:BetterSerpent","player_choice":"RENOUNCE","floor":12.0,"gold_loss":102.0,"damage_taken":102.0,"cards_obtained":["Enlightenment"]},{"damage_healed":0.0,"max_hp_gain":0.0,"max_hp_loss":0.0,"gold_gain":0.0,"event_name":"Cursed Tome","player_choice":"Obtained Book","floor":20.0,"gold_loss":0.0,"damage_taken":21.0},{"damage_healed":0.0,"max_hp_gain":0.0,"max_hp_loss":0.0,"gold_gain":0.0,"event_name":"Forgotten Altar","player_choice":"Smashed Altar","floor":25.0,"gold_loss":0.0,"damage_taken":0.0,"cards_obtained":["Decay"]},{"damage_healed":0,"gold_gain":1,"player_choice":"Relic Relic ","damage_taken":16,"max_hp_gain":0,"max_hp_loss":0,"event_name":"betterThird:BetterScrap","floor":56,"gold_loss":0,"cards_obtained":["Uppercut"]}],"is_beta":false,"boss_relics":[{"not_picked":["hubris:GrandSneckoEye","aspiration:IroncladSkillbook"],"picked":"conspire:RunicOctahedron"},{"not_picked":[]},{"not_picked":["Fusion Hammer","hubris:Backtick"],"picked":"WristBlade"},{"not_picked":[]},{"not_picked":["hubris:HollowSoul","aspiration:SecretTechniqueScroll"],"picked":"Calling Bell"},{"not_picked":[]}],"items_purged_floors":[22,38,54],"is_endless":true,"potions_floor_spawned":[1,14,18,29,31,33,35,40,44,46,47,51,62,63,66],"killed_by":"Delirium","ascension_level":20}}