{"host":"0tiuc76yumknr6qf","time":1610848380,"event":{"mods":["Aspiration","BaseMod","Bestiary","Colored Map","DeckTracker","Highlight Path","Minty Spire (QoL Compilation)","StSLib"],"gold_per_floor":[117,41,58,78,78,78,97,127,201,218,228,228,247,15,15,15,15],"floor_reached":16,"language":"ENG","playtime":459,"items_purged":[],"score":208,"play_id":"e4bef418-8f7b-4c18-9f39-9cd6384e9359","local_time":"20210116195300","is_ascension_mode":true,"campfire_choices":[{"data":"Flex","floor":6.0,"key":"SMITH"},{"data":"Hemokinesis","floor":12.0,"key":"SMITH"},{"data":"Blood for Blood","floor":15.0,"key":"SMITH"}],"circlet_count":0,"master_deck":["AscendersBane","Strike_R","Strike_R","Strike_R","Strike_R","Strike_R","Defend_R","Defend_R","Defend_R","Defend_R","Bash","Carnage","Hemokinesis+1","Flex+1","Blood for Blood+1","Flame Barrier","True Grit","Inflame","Corruption","Reaper"],"relics":["Burning Blood","aspiration:Nostalgia","Cracked Core","Bottled Flame","Kunai"],"acts_visited":["Exordium"],"potions_floor_usage":[16],"damage_taken":[{"damage":1.0,"enemies":"Cultist","floor":1.0,"turns":3.0},{"damage":0.0,"enemies":"Small Slimes","floor":3.0,"turns":3.0},{"damage":2.0,"enemies":"2 Louse","floor":4.0,"turns":2.0},{"damage":15.0,"enemies":"Blue Slaver","floor":7.0,"turns":2.0},{"damage":17.0,"enemies":"Lagavulin","floor":8.0,"turns":5.0},{"damage":16.0,"enemies":"Lots of Slimes","floor":10.0,"turns":4.0},{"damage":2.0,"enemies":"2 Fungi Beasts","floor":11.0,"turns":2.0},{"damage":6.0,"enemies":"Large Slime","floor":13.0,"turns":4.0},{"damage":49,"enemies":"The Guardian","floor":16,"turns":8}],"seed_played":"-5948251571398925889","potions_obtained":[{"floor":3.0,"key":"PowerPotion"},{"floor":4.0,"key":"Energy Potion"}],"is_trial":false,"path_per_floor":["M","$","M","M","$","R","M","E","T","M","M","R","M","$","R","B"],"character_chosen":"IRONCLAD","items_purchased":["Hemokinesis","Corruption","Reaper"],"campfire_rested":0,"item_purchase_floors":[2,14,14],"current_hp_per_floor":[73,73,75,75,75,75,66,55,55,45,49,49,49,49,49,0,0],"gold":15,"neow_bonus":"NOSTALGIA","is_daily":false,"chose_seed":false,"campfire_upgraded":3,"win_rate":0.0,"timestamp":1610848380,"path_taken":["M","?","M","?","?","R","M","E","T","M","M","R","M","$","R","BOSS"],"items_purchased_type":["Card","Card","Card"],"build_version":"2020-12-22","purchased_purges":0,"victory":false,"max_hp_per_floor":[75,75,75,75,75,75,75,75,75,75,75,75,75,75,75,75,75],"card_choices":[{"not_picked":["Havoc","Sever Soul"],"picked":"Carnage","floor":1.0},{"not_picked":["Hemokinesis","Twin Strike"],"picked":"Flex","floor":3.0},{"not_picked":["Headbutt","Twin Strike"],"picked":"Blood for Blood","floor":4.0},{"not_picked":["Headbutt","Twin Strike"],"picked":"Flame Barrier","floor":7.0},{"not_picked":["Sever Soul","Wild Strike"],"picked":"True Grit","floor":8.0},{"not_picked":["Ghostly Armor","Evolve"],"picked":"Inflame","floor":10.0},{"not_picked":["Flex","Headbutt","Thunderclap"],"picked":"SKIP","floor":11.0},{"not_picked":["Dropkick","Body Slam","Clothesline"],"picked":"SKIP","floor":13.0}],"player_experience":1893075,"relics_obtained":[{"floor":8.0,"key":"Bottled Flame"},{"floor":9.0,"key":"Kunai"}],"event_choices":[],"is_beta":false,"boss_relics":[],"items_purged_floors":[],"is_endless":false,"potions_floor_spawned":[3,4,7,11],"killed_by":"The Guardian","ascension_level":20}}