{"host":"i7jfea87xc8lz16p","time":1610898861,"event":{"mods":["AchievementEnabler","BaseMod","Colored Powertips","Minty Spire (QoL Compilation)","Relic Stats"],"gold_per_floor":[99,99,99,59,59,59,59,59,59,59,59,59,59,59,59,59,59,0,0,0,0,0,0,0,0,0,0,0],"floor_reached":27,"language":"ENG","playtime":1129,"items_purged":[],"score":506,"play_id":"bf72fee1-ee8b-47bb-a340-50944e368a76","local_time":"20210117165421","is_ascension_mode":true,"campfire_choices":[{"data":"Quick Slash","floor":6,"key":"SMITH"},{"data":"Neutralize","floor":13,"key":"SMITH"},{"floor":15,"key":"REST"},{"floor":24,"key":"REST"}],"circlet_count":0,"master_deck":["AscendersBane","Strike_G","Strike_G","Strike_G","Strike_G","Strike_G","Defend_G","Defend_G","Defend_G","Defend_G","Defend_G","Survivor","Neutralize+1","Predator","Quick Slash+1","PiercingWail","Backflip","Die Die Die+1","Malaise","Acrobatics","Sucker Punch+1","Dagger Spray+1","Die Die Die+1","Heel Hook+1","Leg Sweep"],"relics":["Ectoplasm","Molten Egg 2","Lizard Tail","Runic Pyramid","Pen Nib","Bag of Preparation","Sundial"],"acts_visited":["Exordium","TheCity"],"potions_floor_usage":[10,16,23,25],"damage_taken":[{"damage":0,"enemies":"Cultist","floor":1,"turns":4},{"damage":2,"enemies":"Jaw Worm","floor":2,"turns":3},{"damage":9,"enemies":"2 Louse","floor":3,"turns":3},{"damage":1,"enemies":"Looter","floor":4,"turns":3},{"damage":29,"enemies":"Lagavulin","floor":10,"turns":7},{"damage":2,"enemies":"3 Louse","floor":14,"turns":3},{"damage":16,"enemies":"The Guardian","floor":16,"turns":15},{"damage":14,"enemies":"2 Thieves","floor":18,"turns":4},{"damage":5,"enemies":"Shell Parasite","floor":19,"turns":9},{"damage":8,"enemies":"Cultist and Chosen","floor":20,"turns":9},{"damage":23,"enemies":"Shelled Parasite and Fungi","floor":22,"turns":6},{"damage":23,"enemies":"Slavers","floor":23,"turns":6},{"damage":35,"enemies":"Book of Stabbing","floor":25,"turns":7},{"damage":17,"enemies":"Gremlin Leader","floor":27,"turns":6}],"seed_played":"1026253799644390712","potions_obtained":[{"floor":2,"key":"Energy Potion"},{"floor":3,"key":"Regen Potion"},{"floor":10,"key":"DistilledChaos"},{"floor":23,"key":"Explosive Potion"}],"is_trial":false,"path_per_floor":["M","M","M","M","?","R","?","?","T","E","$","?","R","M","R","B",null,"M","M","M","?","M","E","R","E","T","E"],"character_chosen":"THE_SILENT","items_purchased":[],"campfire_rested":2,"item_purchase_floors":[],"current_hp_per_floor":[59,57,48,47,47,47,47,52,52,38,38,38,38,36,57,41,64,50,45,37,37,14,26,47,12,12,0,0],"gold":0,"neow_bonus":"BOSS_RELIC","is_daily":false,"chose_seed":false,"campfire_upgraded":2,"win_rate":0.0,"timestamp":1610898861,"path_taken":["M","M","?","M","?","R","?","?","T","E","$","?","R","M","R","BOSS","M","M","M","?","?","E","R","E","T","E"],"items_purchased_type":[],"build_version":"2020-12-22","purchased_purges":0,"victory":false,"max_hp_per_floor":[66,66,66,66,66,66,66,71,71,71,71,71,71,71,71,71,71,71,71,71,71,71,71,71,71,71,71,71],"relic_stats":{"Lizard Tail":35,"counters":[14,85],"Sundial":[0],"Ectoplasm":416,"Pen Nib":[2],"Bag of Preparation":[2],"obtain_stats":[{"Lizard Tail":10,"Sundial":26,"Molten Egg 2":9,"Ectoplasm":0,"Pen Nib":23,"Bag of Preparation":25,"Ring of the Snake":0,"Runic Pyramid":17},{"Lizard Tail":5,"Sundial":13,"Molten Egg 2":4,"Ectoplasm":0,"Pen Nib":12,"Bag of Preparation":13,"Ring of the Snake":0,"Runic Pyramid":7},{"Lizard Tail":20,"Sundial":79,"Molten Egg 2":13,"Ectoplasm":0,"Pen Nib":72,"Bag of Preparation":79,"Ring of the Snake":0,"Runic Pyramid":38}]},"card_choices":[{"not_picked":["Slice","Eviscerate"],"picked":"Predator","floor":1},{"not_picked":["Dodge and Roll","Outmaneuver"],"picked":"Quick Slash","floor":2},{"not_picked":["Catalyst","Eviscerate"],"picked":"PiercingWail","floor":3},{"not_picked":["Outmaneuver","Underhanded Strike"],"picked":"Backflip","floor":4},{"not_picked":["Bane+1","Accuracy","Choke+1"],"picked":"SKIP","floor":10},{"not_picked":["Acrobatics","Predator+1"],"picked":"Die Die Die+1","floor":14},{"not_picked":["Doppelganger","Tools of the Trade"],"picked":"Malaise","floor":16},{"not_picked":["Quick Slash+1","Poisoned Stab+1"],"picked":"Acrobatics","floor":18},{"not_picked":["Predator+1","Blade Dance"],"picked":"Sucker Punch+1","floor":19},{"not_picked":["Riddle With Holes+1","Leg Sweep"],"picked":"Dagger Spray+1","floor":20},{"not_picked":["Outmaneuver","Deflect","Choke+1"],"picked":"SKIP","floor":22},{"not_picked":["Blur","Sucker Punch+1"],"picked":"Heel Hook+1","floor":23},{"not_picked":["Acrobatics+1","Blade Dance"],"picked":"Leg Sweep","floor":25}],"player_experience":1788174,"relics_obtained":[{"floor":9,"key":"Molten Egg 2"},{"floor":10,"key":"Lizard Tail"},{"floor":23,"key":"Pen Nib"},{"floor":25,"key":"Bag of Preparation"},{"floor":26,"key":"Sundial"}],"event_choices":[{"damage_healed":0,"gold_gain":0,"player_choice":"Ignored","damage_taken":0,"max_hp_gain":0,"max_hp_loss":0,"event_name":"Shining Light","floor":5,"gold_loss":0},{"damage_healed":0,"gold_gain":0,"player_choice":"Ignored","damage_taken":0,"max_hp_gain":0,"max_hp_loss":0,"event_name":"Liars Game","floor":7,"gold_loss":0},{"damage_healed":0,"gold_gain":0,"player_choice":"Donut","damage_taken":0,"max_hp_gain":5,"max_hp_loss":0,"event_name":"Big Fish","floor":8,"gold_loss":0},{"damage_healed":0,"gold_gain":0,"player_choice":"Searched \u00270\u0027 times","damage_taken":0,"max_hp_gain":0,"max_hp_loss":0,"event_name":"Dead Adventurer","floor":12,"gold_loss":0},{"damage_healed":0,"gold_gain":0,"player_choice":"Copied","damage_taken":0,"max_hp_gain":0,"max_hp_loss":0,"event_name":"Duplicator","floor":21,"gold_loss":0,"cards_obtained":["Die Die Die"]}],"is_beta":false,"boss_relics":[{"not_picked":["Snecko Eye","Black Star"],"picked":"Runic Pyramid"}],"items_purged_floors":[],"is_endless":false,"potions_floor_spawned":[2,3,10,23],"killed_by":"Gremlin Leader","ascension_level":20}}