{"host":"dqv8oo4v229c1o2l","time":1610845409,"event":{"mods":["AchievementEnabler","BaseMod","Colored Map","Colored Powertips","Minty Spire (QoL Compilation)","Quick Restart","Rare Cards Sparkle","StSLib","Synergy Search"],"gold_per_floor":[110,122,135,148,98,127,127,127,152,8,26,26,43,43,43,145,145,158,176,176,176,91,124,42,69,69,69,89,115,115,127,127,127,127],"floor_reached":33,"language":"ENG","playtime":1779,"items_purged":[],"score":336,"play_id":"f11f0cb0-6f28-491f-9ff7-383dd32dcf0f","local_time":"20210116170329","is_ascension_mode":true,"campfire_choices":[{"floor":7,"key":"REST"},{"data":"Neutralize","floor":12,"key":"SMITH"},{"data":"Bane","floor":15,"key":"SMITH"},{"floor":27,"key":"DIG"},{"floor":30,"key":"DIG"},{"floor":32,"key":"DIG"}],"circlet_count":0,"master_deck":["Strike_G","Strike_G","Strike_G","Defend_G","Defend_G","Defend_G","Defend_G","Defend_G","Survivor","Neutralize+1","Poisoned Stab","Prepared","Poisoned Stab","Bane+1","Bane","Die Die Die","Footwork+1","Footwork","Noxious Fumes","Escape Plan","Blur"],"relics":["Ring of the Snake","NeowsBlessing","Centennial Puzzle","Sling","Coffee Dripper","Strawberry","MealTicket","Letter Opener","Shovel","Akabeko","Gremlin Horn","Blood Vial","Nunchaku"],"acts_visited":["Exordium","TheCity"],"potions_floor_usage":[],"damage_taken":[{"damage":0.0,"enemies":"Jaw Worm","floor":1.0,"turns":1.0},{"damage":0.0,"enemies":"Small Slimes","floor":2.0,"turns":1.0},{"damage":0.0,"enemies":"Cultist","floor":3.0,"turns":1.0},{"damage":8.0,"enemies":"2 Fungi Beasts","floor":4.0,"turns":4.0},{"damage":88,"enemies":"Gremlin Nob","floor":6,"turns":8},{"damage":1,"enemies":"Looter","floor":11,"turns":3},{"damage":0,"enemies":"Blue Slaver","floor":13,"turns":3},{"damage":20,"enemies":"Hexaghost","floor":16,"turns":9},{"damage":7,"enemies":"Chosen","floor":18,"turns":5},{"damage":7,"enemies":"2 Thieves","floor":19,"turns":4},{"damage":25,"enemies":"Slavers","floor":23,"turns":6},{"damage":15,"enemies":"Book of Stabbing","floor":25,"turns":6},{"damage":5,"enemies":"3 Cultists","floor":28,"turns":4},{"damage":29,"enemies":"Gremlin Leader","floor":29,"turns":5},{"damage":14,"enemies":"Snake Plant","floor":31,"turns":4},{"damage":7,"enemies":"Automaton","floor":33,"turns":4}],"seed_played":"4650082600849527765","potions_obtained":[{"floor":3.0,"key":"FairyPotion"},{"floor":6,"key":"LiquidBronze"},{"floor":11,"key":"PowerPotion"},{"floor":13,"key":"ColorlessPotion"}],"is_trial":false,"path_per_floor":["M","M","M","M","?","E","R","?","T","$","M","R","M","?","R","B",null,"M","M","?","?","?","E","$","E","T","R","M","E","R","M","R","B"],"character_chosen":"THE_SILENT","items_purchased":["Sling","Noxious Fumes"],"campfire_rested":1,"item_purchase_floors":[10,24],"current_hp_per_floor":[70,70,70,62,62,21,42,42,42,42,41,41,41,64,64,44,70,63,56,43,68,75,50,65,50,50,50,45,16,16,4,4,0,0],"gold":127,"neow_bonus":"THREE_ENEMY_KILL","is_daily":false,"chose_seed":false,"campfire_upgraded":2,"win_rate":0.0,"timestamp":1610845409,"path_taken":["M","M","M","M","?","E","R","?","T","$","?","R","M","?","R","BOSS","M","M","?","?","?","E","$","E","T","R","M","E","R","M","R","BOSS"],"items_purchased_type":["Relic","Card"],"build_version":"2020-12-22","purchased_purges":0,"victory":false,"max_hp_per_floor":[70,70,70,70,70,70,70,70,70,70,70,70,70,70,70,70,70,70,70,75,75,82,82,82,82,82,82,82,82,82,82,82,82,82],"card_choices":[{"not_picked":["Blade Dance","Concentrate"],"picked":"Poisoned Stab","floor":1.0},{"not_picked":["Flying Knee","Distraction","PiercingWail"],"picked":"SKIP","floor":2.0},{"not_picked":["Infinite Blades","Caltrops"],"picked":"Prepared","floor":3.0},{"not_picked":["Quick Slash","Well Laid Plans","Deadly Poison"],"picked":"SKIP","floor":4.0},{"not_picked":["PiercingWail","Backflip"],"picked":"Poisoned Stab","floor":6},{"not_picked":["Backflip","Quick Slash"],"picked":"Bane","floor":11},{"not_picked":["Underhanded Strike","Blur"],"picked":"Bane","floor":13},{"not_picked":["Storm of Steel","A Thousand Cuts"],"picked":"Die Die Die","floor":16},{"not_picked":["PiercingWail","Flechettes","Backflip"],"picked":"SKIP","floor":18},{"not_picked":["Dash","Calculated Gamble"],"picked":"Footwork+1","floor":19},{"not_picked":["Flying Knee+1","Calculated Gamble"],"picked":"Footwork","floor":23},{"not_picked":["Sucker Punch","Dash"],"picked":"Escape Plan","floor":25},{"not_picked":["Quick Slash","Riddle With Holes","Glass Knife"],"picked":"SKIP","floor":28},{"not_picked":["Choke","Dash","Deadly Poison"],"picked":"SKIP","floor":29},{"not_picked":["Dodge and Roll+1","Poisoned Stab"],"picked":"Blur","floor":31}],"player_experience":286592,"relics_obtained":[{"floor":6,"key":"Centennial Puzzle"},{"floor":23,"key":"MealTicket"},{"floor":25,"key":"Letter Opener"},{"floor":26,"key":"Shovel"},{"floor":27,"key":"Akabeko"},{"floor":29,"key":"Gremlin Horn"},{"floor":30,"key":"Blood Vial"},{"floor":32,"key":"Nunchaku"}],"event_choices":[{"cards_removed":["Strike_G"],"damage_healed":0.0,"max_hp_gain":0.0,"max_hp_loss":0.0,"gold_gain":0.0,"event_name":"The Cleric","player_choice":"Card Removal","floor":5.0,"gold_loss":50.0,"damage_taken":0.0},{"cards_removed":["Strike_G"],"damage_healed":0,"gold_gain":0,"player_choice":"Offered Basic","damage_taken":0,"max_hp_gain":0,"max_hp_loss":0,"event_name":"Bonfire Elementals","floor":8,"gold_loss":0},{"damage_healed":23,"gold_gain":0,"player_choice":"Banana","damage_taken":0,"max_hp_gain":0,"max_hp_loss":0,"event_name":"Big Fish","floor":14,"gold_loss":0},{"damage_healed":0,"gold_gain":0,"player_choice":"Shed Blood","damage_taken":18,"max_hp_gain":5,"max_hp_loss":0,"event_name":"Forgotten Altar","floor":20,"gold_loss":0},{"damage_healed":25,"gold_gain":0,"player_choice":"Heal","damage_taken":0,"max_hp_gain":0,"max_hp_loss":0,"event_name":"The Library","floor":21,"gold_loss":0},{"damage_healed":0,"gold_gain":0,"player_choice":"Obtained Relic","damage_taken":0,"relics_obtained":["Strawberry"],"max_hp_gain":0,"max_hp_loss":0,"event_name":"Addict","floor":22,"gold_loss":85}],"is_beta":false,"boss_relics":[{"not_picked":["SacredBark","Pandora\u0027s Box"],"picked":"Coffee Dripper"}],"items_purged_floors":[],"is_endless":false,"potions_floor_spawned":[3,6,11,13,18,19,28,31],"killed_by":"Automaton","ascension_level":2}}