{"host":"kda2p2afd6bvz6qo","time":1610842235,"event":{"mods":["BaseMod","Colored Map","Minty Spire (QoL Compilation)","Relic Stats"],"gold_per_floor":[114,114,114,127,143,143,143,218,271,287,320,320,347,29,29,103,103,116,116,116,135,35,35,66,66,135,135,135,155,155,180,180,257,257,271,271,1270,1289,1289,1289,360,390,402,434,471,494,93,105,105,105,105,105],"floor_reached":51,"language":"ENG","playtime":3570,"items_purged":["Strike_G","Strike_G","Normality","Strike_G"],"score":1423,"play_id":"8c2ee76c-149b-45ad-8fde-f20c09f68a6d","local_time":"20210117001035","is_ascension_mode":true,"campfire_choices":[{"data":"Predator","floor":6.0,"key":"SMITH"},{"floor":15.0,"key":"REST"},{"floor":23.0,"key":"REST"},{"floor":25.0,"key":"REST"},{"floor":27.0,"key":"REST"},{"floor":30.0,"key":"REST"},{"floor":32.0,"key":"REST"},{"data":"Normality","floor":40.0,"key":"PURGE"},{"floor":49.0,"key":"REST"}],"circlet_count":0,"master_deck":["AscendersBane","Strike_G+1","Defend_G","Defend_G","Defend_G","Defend_G+1","Survivor","Neutralize+1","Dagger Spray","Predator+1","Terror+1","Acrobatics","Footwork","Poisoned Stab","Noxious Fumes","Phantasmal Killer","CurseOfTheBell","Deadly Poison+1","Deflect","Blade Dance","Prepared","Wraith Form v2","Tactician+1","Panacea","Well Laid Plans","Apotheosis","Outmaneuver","Poisoned Stab","Predator","Calculated Gamble"],"relics":["Ring of the Snake","NeowsBlessing","Whetstone","Happy Flower","Centennial Puzzle","ClockworkSouvenir","Calling Bell","Nunchaku","InkBottle","Calipers","Kunai","Meat on the Bone","Peace Pipe","Busted Crown","Letter Opener","Ice Cream","Lee\u0027s Waffle","MawBank","Bag of Marbles","Smiling Mask","Oddly Smooth Stone"],"acts_visited":["Exordium","TheCity","TheBeyond"],"potions_floor_usage":[],"damage_taken":[{"damage":0.0,"enemies":"Jaw Worm","floor":1.0,"turns":1.0},{"damage":0.0,"enemies":"2 Louse","floor":4.0,"turns":1.0},{"damage":0.0,"enemies":"Cultist","floor":5.0,"turns":1.0},{"damage":0.0,"enemies":"2 Fungi Beasts","floor":10.0,"turns":3.0},{"damage":2.0,"enemies":"3 Sentries","floor":11.0,"turns":5.0},{"damage":30.0,"enemies":"Gremlin Nob","floor":13.0,"turns":4.0},{"damage":30.0,"enemies":"Slime Boss","floor":16.0,"turns":8.0},{"damage":22.0,"enemies":"2 Thieves","floor":18.0,"turns":4.0},{"damage":4.0,"enemies":"Chosen","floor":21.0,"turns":4.0},{"damage":24.0,"enemies":"Gremlin Leader","floor":24.0,"turns":6.0},{"damage":11.0,"enemies":"Centurion and Healer","floor":29.0,"turns":7.0},{"damage":30.0,"enemies":"Slavers","floor":31.0,"turns":7.0},{"damage":53.0,"enemies":"Collector","floor":33.0,"turns":7.0},{"damage":3.0,"enemies":"3 Shapes","floor":35.0,"turns":5.0},{"damage":9.0,"enemies":"Orb Walker","floor":38.0,"turns":5.0},{"damage":14.0,"enemies":"Reptomancer","floor":42.0,"turns":4.0},{"damage":6.0,"enemies":"Sphere and 2 Shapes","floor":44.0,"turns":5.0},{"damage":15.0,"enemies":"Nemesis","floor":45.0,"turns":5.0},{"damage":41.0,"enemies":"Jaw Worm Horde","floor":46.0,"turns":3.0},{"damage":8.0,"enemies":"3 Darklings","floor":48.0,"turns":3.0},{"damage":19,"enemies":"Donu and Deca","floor":50,"turns":10},{"damage":37,"enemies":"Time Eater","floor":51,"turns":4}],"seed_played":"-2291800954186112207","potions_obtained":[{"floor":5.0,"key":"SkillPotion"},{"floor":10.0,"key":"DistilledChaos"},{"floor":11.0,"key":"FairyPotion"},{"floor":12.0,"key":"EntropicBrew"},{"floor":21.0,"key":"EssenceOfSteel"},{"floor":24.0,"key":"Strength Potion"},{"floor":29.0,"key":"Energy Potion"},{"floor":33.0,"key":"FearPotion"},{"floor":38.0,"key":"Swift Potion"},{"floor":42.0,"key":"EntropicBrew"},{"floor":45.0,"key":"LiquidMemories"}],"is_trial":false,"path_per_floor":["M","?","?","M","M","R","?","?","T","M","E","?","E","$","R","B",null,"M","?","?","M","$","R","E","R","T","R","?","M","R","E","R","B",null,"M","?","?","M","T","R","$","E","T","M","E","M","$","M","R","B","B"],"character_chosen":"THE_SILENT","items_purchased":["ClockworkSouvenir","Noxious Fumes","Ice Cream","Well Laid Plans","Lee\u0027s Waffle","Apotheosis","Oddly Smooth Stone","SkillPotion","Calculated Gamble","SpeedPotion"],"campfire_rested":7,"item_purchase_floors":[14,14,41,41,41,41,47,47,47,47],"current_hp_per_floor":[59,52,52,52,52,52,32,21,21,21,19,19,19,19,38,8,52,30,12,12,8,8,29,5,26,26,47,47,36,57,39,60,19,58,55,50,50,41,41,41,78,64,64,58,43,14,14,18,41,34,0,0],"gold":105,"neow_bonus":"THREE_ENEMY_KILL","is_daily":false,"chose_seed":false,"campfire_upgraded":1,"win_rate":0.0,"timestamp":1610842235,"path_taken":["M","?","?","?","M","R","?","?","T","M","E","?","E","$","R","BOSS","M","?","?","M","$","R","E","R","T","R","?","M","R","E","R","BOSS","M","?","?","M","?","R","$","E","T","M","E","?","$","M","R","BOSS","BOSS"],"items_purchased_type":["Relic","Card","Relic","Card","Relic","Card","Relic","Potion","Card","Potion"],"build_version":"2020-12-22","purchased_purges":4,"victory":false,"max_hp_per_floor":[66,66,66,66,66,66,66,66,66,66,66,66,66,66,66,66,66,66,71,71,71,71,71,71,71,71,71,71,71,71,71,71,71,71,71,71,71,71,71,71,78,78,78,78,78,78,78,78,78,78,78,78],"relic_stats":{"Lee\u0027s Waffle":37,"Happy Flower":[30],"counters":[22,102],"Whetstone":["Strike_G","Neutralize"],"Letter Opener":[215],"MawBank":60,"Smiling Mask":100,"Peace Pipe":1,"Centennial Puzzle":[48],"Nunchaku":[19],"Busted Crown":18,"Kunai":[34],"obtain_stats":[{"Ice Cream":41,"Lee\u0027s Waffle":41,"Calipers":17,"NeowsBlessing":0,"Happy Flower":11,"Oddly Smooth Stone":47,"Whetstone":9,"Letter Opener":39,"MawBank":42,"Smiling Mask":45,"ClockworkSouvenir":14,"Calling Bell":17,"Peace Pipe":31,"Centennial Puzzle":13,"Nunchaku":17,"Busted Crown":34,"Bag of Marbles":43,"Kunai":24,"InkBottle":17,"Ring of the Snake":0,"Meat on the Bone":26},{"Ice Cream":15,"Lee\u0027s Waffle":15,"Calipers":7,"NeowsBlessing":0,"Happy Flower":5,"Oddly Smooth Stone":19,"Whetstone":3,"Letter Opener":15,"MawBank":16,"Smiling Mask":18,"ClockworkSouvenir":6,"Calling Bell":7,"Peace Pipe":12,"Centennial Puzzle":6,"Nunchaku":7,"Busted Crown":13,"Bag of Marbles":16,"Kunai":10,"InkBottle":7,"Ring of the Snake":0,"Meat on the Bone":10},{"Ice Cream":68,"Lee\u0027s Waffle":68,"Calipers":23,"NeowsBlessing":0,"Happy Flower":11,"Oddly Smooth Stone":85,"Whetstone":3,"Letter Opener":68,"MawBank":72,"Smiling Mask":82,"ClockworkSouvenir":15,"Calling Bell":23,"Peace Pipe":51,"Centennial Puzzle":15,"Nunchaku":23,"Busted Crown":58,"Bag of Marbles":72,"Kunai":37,"InkBottle":23,"Ring of the Snake":0,"Meat on the Bone":37}],"InkBottle":[43],"Ring of the Snake":[44],"Meat on the Bone":60},"card_choices":[{"not_picked":["Dodge and Roll","Escape Plan"],"picked":"Dagger Spray","floor":1.0},{"not_picked":["Reflex","Deflect"],"picked":"Predator","floor":4.0},{"not_picked":["Infinite Blades","Backflip"],"picked":"Terror","floor":5.0},{"not_picked":["Dodge and Roll","Underhanded Strike"],"picked":"Acrobatics","floor":10.0},{"not_picked":["Acrobatics","Well Laid Plans"],"picked":"Footwork","floor":11.0},{"not_picked":["Setup","Well Laid Plans"],"picked":"Poisoned Stab","floor":13.0},{"not_picked":["Bullet Time","A Thousand Cuts"],"picked":"Phantasmal Killer","floor":16.0},{"not_picked":["Slice","Acrobatics"],"picked":"Deadly Poison+1","floor":18.0},{"not_picked":["Skewer","Acrobatics"],"picked":"Deflect","floor":21.0},{"not_picked":["Well Laid Plans","Choke"],"picked":"Blade Dance","floor":24.0},{"not_picked":["Terror","Acrobatics","Sucker Punch"],"picked":"SKIP","floor":29.0},{"not_picked":["Sucker Punch","Reflex"],"picked":"Prepared","floor":31.0},{"not_picked":["Night Terror","Burst"],"picked":"Wraith Form v2","floor":33.0},{"not_picked":[],"picked":"Tactician+1","floor":35.0},{"not_picked":[],"picked":"Panacea","floor":36.0},{"not_picked":["Bane"],"picked":"SKIP","floor":38.0},{"not_picked":[],"picked":"Outmaneuver","floor":42.0},{"not_picked":[],"picked":"Poisoned Stab","floor":44.0},{"not_picked":["Masterful Stab"],"picked":"SKIP","floor":45.0},{"not_picked":[],"picked":"Predator","floor":46.0},{"not_picked":["Underhanded Strike"],"picked":"SKIP","floor":48.0}],"player_experience":134645,"relics_obtained":[{"floor":9.0,"key":"Whetstone"},{"floor":11.0,"key":"Happy Flower"},{"floor":13.0,"key":"Centennial Puzzle"},{"floor":17.0,"key":"Nunchaku"},{"floor":17.0,"key":"InkBottle"},{"floor":17.0,"key":"Calipers"},{"floor":24.0,"key":"Kunai"},{"floor":26.0,"key":"Meat on the Bone"},{"floor":31.0,"key":"Peace Pipe"},{"floor":39.0,"key":"Letter Opener"},{"floor":42.0,"key":"MawBank"},{"floor":43.0,"key":"Bag of Marbles"},{"floor":45.0,"key":"Smiling Mask"}],"event_choices":[{"cards_removed":["Strike_G"],"damage_healed":0.0,"max_hp_gain":0.0,"max_hp_loss":0.0,"gold_gain":0.0,"event_name":"Golden Wing","player_choice":"Card Removal","floor":2.0,"gold_loss":0.0,"damage_taken":7.0},{"cards_removed":["Defend_G"],"damage_healed":0.0,"max_hp_gain":0.0,"max_hp_loss":0.0,"gold_gain":0.0,"event_name":"Purifier","player_choice":"Purged","floor":3.0,"gold_loss":0.0,"damage_taken":0.0},{"damage_healed":0.0,"max_hp_gain":0.0,"max_hp_loss":0.0,"gold_gain":0.0,"event_name":"Shining Light","player_choice":"Entered Light","floor":7.0,"gold_loss":0.0,"damage_taken":20.0,"cards_upgraded":["Defend_G","Terror"]},{"damage_healed":0.0,"max_hp_gain":0.0,"max_hp_loss":0.0,"gold_gain":75.0,"event_name":"World of Goop","player_choice":"Gather Gold","floor":8.0,"gold_loss":0.0,"damage_taken":11.0},{"damage_healed":0.0,"max_hp_gain":0.0,"max_hp_loss":0.0,"gold_gain":0.0,"event_name":"Lab","player_choice":"Got Potions","floor":12.0,"gold_loss":0.0,"damage_taken":0.0},{"damage_healed":0.0,"max_hp_gain":5.0,"max_hp_loss":0.0,"gold_gain":0.0,"event_name":"Forgotten Altar","player_choice":"Shed Blood","floor":19.0,"gold_loss":0.0,"damage_taken":23.0},{"damage_healed":0.0,"max_hp_gain":0.0,"max_hp_loss":0.0,"gold_gain":0.0,"event_name":"Cursed Tome","player_choice":"Ignored","floor":20.0,"gold_loss":0.0,"damage_taken":0.0},{"damage_healed":0.0,"max_hp_gain":0.0,"max_hp_loss":0.0,"gold_gain":0.0,"event_name":"The Mausoleum","player_choice":"Ignored","floor":28.0,"gold_loss":0.0,"damage_taken":0.0},{"damage_healed":0.0,"max_hp_gain":0.0,"max_hp_loss":0.0,"gold_gain":0.0,"event_name":"SensoryStone","player_choice":"Memory 2","floor":36.0,"gold_loss":0.0,"damage_taken":5.0},{"damage_healed":0.0,"max_hp_gain":0.0,"max_hp_loss":0.0,"gold_gain":999.0,"event_name":"MindBloom","player_choice":"Gold","floor":37.0,"gold_loss":0.0,"damage_taken":0.0,"cards_obtained":["Normality","Normality"]}],"is_beta":false,"boss_relics":[{"not_picked":["Fusion Hammer","Runic Dome"],"picked":"Calling Bell"},{"not_picked":["Velvet Choker","HoveringKite"],"picked":"Busted Crown"}],"items_purged_floors":[14,22,41,47],"is_endless":false,"potions_floor_spawned":[5,10,11,21,24,29,33,38,42,45],"killed_by":"Time Eater","ascension_level":20}}