{"host":"3ikutf0nfngyhvfs","time":1610924145,"event":{"mods":["AchievementEnabler","BaseMod","Downfall","Hermit","Minty Spire (QoL Compilation)","StSLib","The Construct","The Cursed","The Disciple","The Hierophant","The Poker Player","The Runesmith"],"gold_per_floor":[112,112,123,48,48,48,68,99,122,163,182,221,244,262,262,387,387,405,139,153,166,181,181,181],"floor_reached":23,"language":"ENG","playtime":3053,"items_purged":["Runesmith:Strike_RS"],"score":205,"play_id":"ea5a07d1-1784-4949-80cf-c5b8ff505f89","local_time":"20210117165545","is_ascension_mode":false,"campfire_choices":[{"data":"Runesmith:GrandSlam","floor":6,"key":"SMITH"},{"floor":15,"key":"REST"}],"circlet_count":0,"master_deck":["Runesmith:Strike_RS","Runesmith:Strike_RS","Runesmith:Strike_RS","Runesmith:Defend_RS","Runesmith:Defend_RS","Runesmith:Defend_RS","Runesmith:CraftFirestone","Runesmith:Fortify+1","Runesmith:Augment","Runesmith:Grindstone","Runesmith:GrandSlam+1","Runesmith:CraftMagma","Runesmith:CraftIncendium","Runesmith:FieryHammer","Runesmith:NegativeSpace","Runesmith:PerfectChisel","Runesmith:DoubleUp","Runesmith:DuctTape","Runesmith:NanitesCloud","Runesmith:Firestorm","Runesmith:RunicBlueprint+1","Runesmith:PoweredAnvil"],"relics":["Runesmith:BrokenRuby","Golden Idol","Odd Mushroom","White Beast Statue","Question Card","SlaversCollar","Runesmith:MiniCore"],"acts_visited":["Exordium","TheCity"],"potions_floor_usage":[7,12,13,16,16,18,18,21,22,22,23],"damage_taken":[{"damage":0,"enemies":"Cultist","floor":1,"turns":4},{"damage":0,"enemies":"2 Louse","floor":3,"turns":3},{"damage":0,"enemies":"Jaw Worm","floor":7,"turns":5},{"damage":7,"enemies":"The Mushroom Lair","floor":8,"turns":5},{"damage":2,"enemies":"Lagavulin","floor":10,"turns":7},{"damage":0,"enemies":"Lots of Slimes","floor":11,"turns":1},{"damage":29,"enemies":"Gremlin Nob","floor":12,"turns":5},{"damage":0,"enemies":"Red Slaver","floor":13,"turns":4},{"damage":0,"enemies":"Looter","floor":14,"turns":3},{"damage":9,"enemies":"The Guardian","floor":16,"turns":9},{"damage":11,"enemies":"Shell Parasite","floor":18,"turns":8},{"damage":20,"enemies":"Spheric Guardian","floor":20,"turns":6},{"damage":0,"enemies":"Snecko","floor":21,"turns":6},{"damage":18,"enemies":"Centurion and Healer","floor":22,"turns":7},{"damage":23,"enemies":"Slavers","floor":23,"turns":1}],"seed_played":"-2050247918199939504","potions_obtained":[{"floor":1,"key":"Weak Potion"},{"floor":8,"key":"sneckomod:MuddlingPotion"},{"floor":10,"key":"Fire Potion"},{"floor":11,"key":"sneckomod:MuddlingPotion"},{"floor":12,"key":"LiquidMemories"},{"floor":13,"key":"Ancient Potion"},{"floor":14,"key":"Swift Potion"},{"floor":16,"key":"ColorlessPotion"},{"floor":18,"key":"Energy Potion"},{"floor":20,"key":"SkillPotion"},{"floor":21,"key":"AttackPotion"},{"floor":22,"key":"EssenceOfSteel"}],"is_trial":false,"path_per_floor":["M","?","M","$","?","R","M","?","T","E","M","E","M","M","R","B",null,"M","$","M","M","M","E"],"character_chosen":"RUNESMITH_CLASS","items_purchased":["Runesmith:GrandSlam","Runesmith:Firestorm","Runesmith:MiniCore"],"campfire_rested":1,"item_purchase_floors":[4,19,19],"current_hp_per_floor":[70,63,63,63,46,46,46,39,39,37,37,8,8,8,29,20,70,59,59,39,39,21,0,0],"gold":181,"neow_bonus":"UPGRADE_CARD","is_daily":false,"chose_seed":false,"campfire_upgraded":1,"win_rate":0.0,"timestamp":1610924145,"path_taken":["M","?","M","$","?","R","M","?","T","E","?","E","M","M","R","BOSS","M","?","?","M","M","E"],"items_purchased_type":["Card","Card","Relic"],"build_version":"2020-12-22","purchased_purges":1,"victory":false,"max_hp_per_floor":[70,70,70,70,70,70,70,70,70,70,70,70,70,70,70,70,70,70,70,70,70,70,70,70],"card_choices":[{"not_picked":["Runesmith:Repurpose","Runesmith:BackupBattery"],"picked":"Runesmith:Augment","floor":1},{"not_picked":["Runesmith:CraftObretio","Runesmith:HeatedChisel"],"picked":"Runesmith:Grindstone","floor":3},{"not_picked":["Runesmith:EnergizedChisel","Runesmith:UnstableHammer"],"picked":"Runesmith:CraftMagma","floor":7},{"not_picked":["Runesmith:ChiselStab","Runesmith:CraftProtectio"],"picked":"Runesmith:CraftIncendium","floor":8},{"not_picked":["Runesmith:HammerThrow","Runesmith:HeatedChisel"],"picked":"Runesmith:FieryHammer","floor":10},{"not_picked":["Runesmith:ShiftingStrike","Runesmith:CraftMagma"],"picked":"Runesmith:NegativeSpace","floor":11},{"not_picked":["Runesmith:Supernova","Runesmith:Repurpose"],"picked":"Runesmith:PerfectChisel","floor":12},{"not_picked":["Runesmith:CraftProtectio","Runesmith:Repurpose","Runesmith:Grindstone"],"picked":"Runesmith:DoubleUp","floor":13},{"not_picked":["Runesmith:StaticCage","Runesmith:Overpower","Runesmith:CraftMagma","Runesmith:HeatedChisel"],"picked":"SKIP","floor":14},{"not_picked":["Runesmith:FissionHammer","Runesmith:Supernova","Runesmith:Duplicate"],"picked":"Runesmith:DuctTape","floor":16},{"not_picked":["Runesmith:HammerThrow","Runesmith:StaticCage","Runesmith:RuneHurl"],"picked":"Runesmith:NanitesCloud","floor":18},{"not_picked":["Runesmith:FieryHammer","Runesmith:HeatExchange+1","Runesmith:ChargedHammer"],"picked":"Runesmith:RunicBlueprint+1","floor":20},{"not_picked":["Runesmith:CraftProtectio","Runesmith:ChiselStab","Runesmith:ChargedHammer","Runesmith:RunicBlueprint"],"picked":"SKIP","floor":21},{"not_picked":["Runesmith:ChiselStab","Runesmith:Grindstone","Runesmith:HeatedChisel"],"picked":"Runesmith:PoweredAnvil","floor":22}],"player_experience":466515,"relics_obtained":[{"floor":8,"key":"Odd Mushroom"},{"floor":10,"key":"White Beast Statue"},{"floor":12,"key":"Question Card"}],"event_choices":[{"cards_removed":["Runesmith:Defend_RS"],"damage_healed":0,"gold_gain":0,"player_choice":"Card Removal","damage_taken":7,"max_hp_gain":0,"max_hp_loss":0,"event_name":"Golden Wing","floor":2,"gold_loss":0},{"damage_healed":0,"gold_gain":0,"player_choice":"Take Damage","damage_taken":17,"relics_obtained":["Golden Idol"],"max_hp_gain":0,"max_hp_loss":0,"event_name":"Golden Idol","floor":5,"gold_loss":0},{"damage_healed":0,"gold_gain":0,"player_choice":"Fought Mushrooms","damage_taken":0,"max_hp_gain":0,"max_hp_loss":0,"event_name":"Mushrooms","floor":8,"gold_loss":0}],"is_beta":false,"boss_relics":[{"not_picked":["Astrolabe","Tiny House"],"picked":"SlaversCollar"}],"items_purged_floors":[19],"is_endless":false,"potions_floor_spawned":[1,8,10,11,12,13,14,16,18,20,21,22],"killed_by":"Slavers","ascension_level":0}}