{"host":"ccw6t0i2dpm5wyxf","time":1610875720,"event":{"mods":["BaseMod","Colored Map","Minty Spire (QoL Compilation)","Permanent Neow"],"gold_per_floor":[112,112,112,131,31,74,87,87,87,123,44,219,235,251,251,371,371,387,7,7,7,27,56,72,72,72,85,99,99,37,53,53,53,53],"floor_reached":33,"language":"ENG","playtime":1202,"items_purged":["Injury","Strike_G"],"score":305,"play_id":"775f587b-eb2a-4edd-ad59-c0185588f485","local_time":"20210117032840","is_ascension_mode":true,"campfire_choices":[{"data":"Phantasmal Killer","floor":8,"key":"SMITH"},{"data":"Crippling Poison","floor":15,"key":"SMITH"},{"data":"Deflect","floor":25,"key":"SMITH"},{"data":"Backflip","floor":29,"key":"SMITH"},{"data":"Blade Dance","floor":32,"key":"SMITH"}],"circlet_count":0,"master_deck":["Strike_G","Strike_G","Strike_G","Strike_G","Defend_G","Defend_G","Defend_G","Defend_G","Defend_G","Survivor","Neutralize","Dash","Poisoned Stab","Acrobatics","Phantasmal Killer+1","Choke","Poisoned Stab","Crippling Poison+1","Doubt","Deadly Poison","Deflect+1","Corpse Explosion","Infinite Blades+1","Infinite Blades","Cloak And Dagger","Dash","Infinite Blades+1","Cloak And Dagger","Bouncing Flask","Backflip+1","PiercingWail","PiercingWail","Escape Plan+1","Blade Dance+1"],"relics":["Coffee Dripper","Bloody Idol","HornCleat","Smiling Mask","Pear","FossilizedHelix","Velvet Choker","Boot","MealTicket","Oddly Smooth Stone","Prayer Wheel"],"acts_visited":["Exordium","TheCity"],"potions_floor_usage":[6,6,28,33],"damage_taken":[{"damage":0,"enemies":"Small Slimes","floor":1,"turns":4},{"damage":8,"enemies":"Jaw Worm","floor":4,"turns":4},{"damage":11,"enemies":"Lagavulin","floor":6,"turns":6},{"damage":0,"enemies":"2 Louse","floor":7,"turns":2},{"damage":1,"enemies":"3 Sentries","floor":10,"turns":6},{"damage":0,"enemies":"Lots of Slimes","floor":13,"turns":4},{"damage":15,"enemies":"Gremlin Gang","floor":14,"turns":3},{"damage":21,"enemies":"Slime Boss","floor":16,"turns":10},{"damage":0,"enemies":"2 Thieves","floor":18,"turns":3},{"damage":4,"enemies":"Shell Parasite","floor":22,"turns":4},{"damage":49,"enemies":"Gremlin Leader","floor":23,"turns":7},{"damage":14,"enemies":"Shelled Parasite and Fungi","floor":24,"turns":4},{"damage":16,"enemies":"Sentry and Sphere","floor":27,"turns":6},{"damage":6,"enemies":"Snake Plant","floor":28,"turns":3},{"damage":5,"enemies":"Centurion and Healer","floor":31,"turns":5},{"damage":36,"enemies":"Automaton","floor":33,"turns":6}],"seed_played":"4466887426786598997","potions_obtained":[{"floor":1,"key":"Strength Potion"},{"floor":4,"key":"LiquidMemories"},{"floor":27,"key":"Swift Potion"},{"floor":31,"key":"LiquidBronze"}],"is_trial":false,"path_per_floor":["M","?","?","M","$","E","M","R","T","E","$","?","M","M","R","B",null,"M","$","?","?","M","E","M","R","T","M","M","R","?","M","R","B"],"character_chosen":"THE_SILENT","items_purchased":["Acrobatics","Crippling Poison","Boot","Infinite Blades","Cloak And Dagger","Dash"],"campfire_rested":0,"item_purchase_floors":[5,11,19,19,19,19],"current_hp_per_floor":[70,70,52,44,44,33,33,33,43,42,42,42,42,27,27,6,80,80,80,80,80,80,36,27,27,27,16,15,15,15,15,15,0,0],"gold":53,"neow_bonus":"BOSS_RELIC","is_daily":false,"chose_seed":false,"campfire_upgraded":5,"win_rate":0.0,"timestamp":1610875720,"path_taken":["M","?","?","M","?","E","M","R","T","E","$","?","M","M","R","BOSS","M","$","?","?","?","E","M","R","T","?","M","R","?","?","R","BOSS"],"items_purchased_type":["Card","Card","Relic","Card","Card","Card"],"build_version":"2020-12-22","purchased_purges":2,"victory":false,"max_hp_per_floor":[70,70,70,70,70,70,70,70,80,80,80,80,80,80,80,80,80,80,80,80,80,80,80,80,80,80,80,80,80,80,80,80,80,80],"card_choices":[{"not_picked":["Choke","Deflect"],"picked":"Dash","floor":1},{"not_picked":["Accuracy","Slice"],"picked":"Poisoned Stab","floor":4},{"not_picked":["Deadly Poison","Setup"],"picked":"Phantasmal Killer","floor":6},{"not_picked":["Expertise","Eviscerate"],"picked":"Choke","floor":7},{"not_picked":["Caltrops","Dodge and Roll"],"picked":"Poisoned Stab","floor":10},{"not_picked":["Outmaneuver","Deflect"],"picked":"Deadly Poison","floor":13},{"not_picked":["Deadly Poison","Poisoned Stab"],"picked":"Deflect","floor":14},{"not_picked":["Night Terror","Doppelganger"],"picked":"Corpse Explosion","floor":16},{"not_picked":["Flying Knee","Distraction"],"picked":"Infinite Blades+1","floor":18},{"not_picked":["Deflect+1","Expertise"],"picked":"Cloak And Dagger","floor":22},{"not_picked":["Storm of Steel","Dodge and Roll"],"picked":"Bouncing Flask","floor":23},{"not_picked":["Masterful Stab","Infinite Blades"],"picked":"Backflip","floor":24},{"not_picked":["Dagger Spray","Quick Slash"],"picked":"PiercingWail","floor":27},{"not_picked":["Dagger Throw","Sucker Punch"],"picked":"PiercingWail","floor":28},{"not_picked":["Riddle With Holes","Well Laid Plans+1"],"picked":"Escape Plan+1","floor":31},{"not_picked":["Infinite Blades","Dagger Spray"],"picked":"Blade Dance","floor":31}],"player_experience":261160,"relics_obtained":[{"floor":6,"key":"Smiling Mask"},{"floor":9,"key":"Pear"},{"floor":10,"key":"FossilizedHelix"},{"floor":23,"key":"MealTicket"},{"floor":26,"key":"Oddly Smooth Stone"}],"event_choices":[{"damage_healed":0,"gold_gain":0,"player_choice":"Take Wound","damage_taken":0,"relics_obtained":["Golden Idol"],"max_hp_gain":0,"max_hp_loss":0,"event_name":"Golden Idol","floor":2,"gold_loss":0,"cards_obtained":["Injury"]},{"damage_healed":0,"gold_gain":0,"player_choice":"Success","damage_taken":18,"relics_obtained":["HornCleat"],"max_hp_gain":0,"max_hp_loss":0,"event_name":"Scrap Ooze","floor":3,"gold_loss":0},{"damage_healed":0,"gold_gain":175,"player_choice":"AGREE","damage_taken":0,"max_hp_gain":0,"max_hp_loss":0,"event_name":"Liars Game","floor":12,"gold_loss":0,"cards_obtained":["Doubt"]},{"damage_healed":0,"gold_gain":0,"player_choice":"Gave Idol","damage_taken":0,"relics_obtained":["Bloody Idol"],"max_hp_gain":0,"max_hp_loss":0,"event_name":"Forgotten Altar","floor":20,"relics_lost":["Golden Idol"],"gold_loss":0},{"damage_healed":0,"gold_gain":0,"player_choice":"Copied","damage_taken":0,"max_hp_gain":0,"max_hp_loss":0,"event_name":"Duplicator","floor":21,"gold_loss":0,"cards_obtained":["Infinite Blades"]},{"damage_healed":0,"gold_gain":0,"player_choice":"Paid Gold","damage_taken":0,"relics_obtained":["Prayer Wheel"],"max_hp_gain":0,"max_hp_loss":0,"event_name":"WeMeetAgain","floor":30,"gold_loss":62}],"is_beta":false,"boss_relics":[{"not_picked":["Runic Pyramid","WristBlade"],"picked":"Velvet Choker"}],"items_purged_floors":[5,19],"is_endless":false,"potions_floor_spawned":[1,4,27,31],"killed_by":"Automaton","ascension_level":2}}