{"host":"nnxvcju6x1qybncj","time":1610924279,"event":{"mods":["BaseMod","Displayed Cursed Tome","Downfall","Evolution","Jorbs\u0027s Wanderer Trilogy","Minty Spire (QoL Compilation)","Quick Restart","StSLib"],"gold_per_floor":[117,17,17,37,37,37,70,70,70,70,94,94,110,110,110,206,206,230,253,2,2,18,58,58,94,94,110,110,110,110,31,31,126,126,139,89,104,104,437,437,470,470,470,470,500,500,71,90,90,90],"floor_reached":51,"language":"ENG","playtime":2355,"items_purged":[],"score":1382,"play_id":"ff5ff749-b60d-4b3e-b08e-cbf4297c2954","local_time":"20210117235759","is_ascension_mode":true,"campfire_choices":[{"data":"Seeing Red","floor":6.0,"key":"SMITH"},{"data":"True Grit","floor":8.0,"key":"SMITH"},{"data":"True Grit","floor":12.0,"key":"SMITH"},{"data":"True Grit","floor":15.0,"key":"SMITH"},{"floor":24.0,"key":"REST"},{"floor":28.0,"key":"REST"},{"data":"Corruption","floor":30.0,"key":"SMITH"},{"floor":32.0,"key":"REST"},{"floor":40.0,"key":"REST"},{"floor":44.0,"key":"REST"},{"floor":46.0,"key":"REST"},{"floor":49.0,"key":"REST"}],"circlet_count":0,"master_deck":["AscendersBane","Pommel Strike","Pommel Strike","Pommel Strike+1","Pommel Strike","Pommel Strike","True Grit+1","True Grit+1","Defend_R","Defend_R","Bash+1","Rage","Metallicize","True Grit+1","Seeing Red+1","Spot Weakness","Metallicize","Metallicize","Corruption+1","Rage","Sentinel","Panache","Shrug It Off","Dark Embrace","Whirlwind","Demon Form","Burning Pact","Clothesline","Iron Wave","Evolve+1","Perfected Strike+1","Demon Form+1","Heavy Blade+1","Iron Wave+1","Heavy Blade+1","Anger+1","Sentinel+1","Warcry","Twin Strike+1","Disarm","Pummel+1","Bloodletting","Fire Breathing+1","Havoc","Pummel+1","Iron Wave+1"],"relics":["Burning Blood","EVO:Axolotl","Dream Catcher","Ornamental Fan","Pantograph","Matryoshka","Mark of Pain","Letter Opener","Mummified Hand","Centennial Puzzle","Orichalcum","Frozen Egg 2","Molten Egg 2","Fusion Hammer","Art of War","Kunai","Whetstone","Chemical X"],"acts_visited":["Exordium","TheCity","TheBeyond"],"potions_floor_usage":[50,50],"damage_taken":[{"damage":0.0,"enemies":"Small Slimes","floor":1.0,"turns":3.0},{"damage":0.0,"enemies":"2 Louse","floor":4.0,"turns":2.0},{"damage":11.0,"enemies":"Gremlin Nob","floor":7.0,"turns":4.0},{"damage":0.0,"enemies":"Jaw Worm","floor":11.0,"turns":3.0},{"damage":7.0,"enemies":"Gremlin Gang","floor":13.0,"turns":6.0},{"damage":30.0,"enemies":"Slime Boss","floor":16.0,"turns":11.0},{"damage":0.0,"enemies":"Chosen","floor":18.0,"turns":7.0},{"damage":10.0,"enemies":"Spheric Guardian","floor":19.0,"turns":6.0},{"damage":18.0,"enemies":"Snake Plant","floor":22.0,"turns":5.0},{"damage":38.0,"enemies":"Slavers","floor":23.0,"turns":8.0},{"damage":20.0,"enemies":"Book of Stabbing","floor":25.0,"turns":5.0},{"damage":14.0,"enemies":"Shelled Parasite and Fungi","floor":27.0,"turns":6.0},{"damage":11.0,"enemies":"Champ","floor":33.0,"turns":7.0},{"damage":5.0,"enemies":"Orb Walker","floor":35.0,"turns":3.0},{"damage":0.0,"enemies":"3 Shapes","floor":37.0,"turns":7.0},{"damage":19.0,"enemies":"Reptomancer","floor":41.0,"turns":7.0},{"damage":14.0,"enemies":"Nemesis","floor":45.0,"turns":5.0},{"damage":16.0,"enemies":"Spire Growth","floor":48.0,"turns":5.0},{"damage":50,"enemies":"Time Eater","floor":50,"turns":7}],"seed_played":"-7070025515318606211","potions_obtained":[{"floor":4.0,"key":"AttackPotion"},{"floor":16.0,"key":"hexamod:SoulburnPotion"},{"floor":18.0,"key":"SteroidPotion"},{"floor":22.0,"key":"Regen Potion"},{"floor":23.0,"key":"PowerPotion"},{"floor":33.0,"key":"Weak Potion"},{"floor":35.0,"key":"AttackPotion"},{"floor":41.0,"key":"bronze:BurnAndBuffPotion"},{"floor":45.0,"key":"LiquidMemories"}],"is_trial":false,"path_per_floor":["M","$","?","M","?","R","E","R","T","$","M","R","M","T","R","B",null,"M","M","$","?","M","E","R","E","T","M","R","T","R","$","R","B",null,"M","$","M","?","?","R","E","?","T","R","E","R","$","M","R","B",null],"character_chosen":"IRONCLAD","items_purchased":["Metallicize","True Grit","Panache","Shrug It Off","Evolve+1","Iron Wave+1","Pummel+1","Bloodletting","Fire Breathing+1","Havoc","Chemical X"],"campfire_rested":7,"item_purchase_floors":[2,2,20,20,31,36,47,47,47,47,47],"current_hp_per_floor":[74,74,74,75,68,68,63,63,63,63,68,68,67,67,67,44,62,68,64,64,64,52,35,55,41,41,33,53,53,53,53,68,63,67,68,68,68,68,68,68,55,55,55,68,60,68,68,58,68,24],"gold":90,"neow_bonus":"RANDOM_COMMON_RELIC","is_daily":false,"chose_seed":false,"campfire_upgraded":5,"win_rate":0.0,"timestamp":1610924279,"path_taken":["M","$","?","M","?","R","E","R","T","$","M","R","M","?","R","BOSS","M","?","?","?","M","E","R","E","T","M","R","?","R","$","R","BOSS","M","?","M","?","?","R","E","?","T","R","E","R","$","M","R","BOSS"],"items_purchased_type":["Card","Card","Card","Card","Card","Card","Card","Card","Card","Card","Relic"],"build_version":"2020-12-22","purchased_purges":0,"victory":true,"max_hp_per_floor":[75,75,75,75,68,68,68,68,68,68,68,68,68,68,68,68,68,68,68,68,68,68,68,68,68,68,68,68,68,68,68,68,68,68,68,68,68,68,68,68,68,68,68,68,68,68,68,68,68,68],"card_choices":[{"not_picked":["Clothesline","True Grit"],"picked":"Rage","floor":1.0},{"not_picked":["Heavy Blade","Body Slam"],"picked":"Seeing Red","floor":4.0},{"not_picked":["Blood for Blood","Clothesline"],"picked":"Spot Weakness","floor":7.0},{"not_picked":["Thunderclap","Shockwave"],"picked":"Metallicize","floor":11.0},{"not_picked":["Hemokinesis","Disarm"],"picked":"Metallicize","floor":13.0},{"not_picked":["Fiend Fire","Immolate"],"picked":"Corruption","floor":16.0},{"not_picked":["Clash","True Grit"],"picked":"Rage","floor":18.0},{"not_picked":["Inflame","Wild Strike"],"picked":"Sentinel","floor":19.0},{"not_picked":["Power Through","Cleave"],"picked":"Whirlwind","floor":22.0},{"not_picked":["Rampage+1","Uppercut"],"picked":"Demon Form","floor":23.0},{"not_picked":["Headbutt","Flex"],"picked":"Burning Pact","floor":24.0},{"not_picked":["Body Slam","Iron Wave+1"],"picked":"Clothesline","floor":25.0},{"not_picked":["Searing Blow","Havoc","Dropkick"],"picked":"SKIP","floor":27.0},{"not_picked":["Headbutt","True Grit"],"picked":"Iron Wave","floor":28.0},{"not_picked":["Whirlwind+1","Warcry"],"picked":"Perfected Strike+1","floor":32.0},{"not_picked":["Brutality+1","Bludgeon+1"],"picked":"Demon Form+1","floor":33.0},{"not_picked":["Dropkick+1","Battle Trance"],"picked":"Heavy Blade+1","floor":35.0},{"not_picked":["Rampage+1","Clothesline+1"],"picked":"Heavy Blade+1","floor":37.0},{"not_picked":["Cleave+1","Thunderclap+1"],"picked":"Anger+1","floor":40.0},{"not_picked":["Fiend Fire+1","Warcry"],"picked":"Sentinel+1","floor":41.0},{"not_picked":["Clothesline+1","Rampage+1"],"picked":"Warcry","floor":44.0},{"not_picked":["Shrug It Off+1","Cleave+1"],"picked":"Twin Strike+1","floor":45.0},{"not_picked":["Cleave+1","Evolve+1"],"picked":"Disarm","floor":46.0},{"not_picked":["True Grit","Thunderclap+1"],"picked":"Pummel+1","floor":48.0},{"not_picked":["Twin Strike+1","Pommel Strike+1"],"picked":"Iron Wave+1","floor":49.0}],"player_experience":686422,"relics_obtained":[{"floor":7.0,"key":"Ornamental Fan"},{"floor":9.0,"key":"Pantograph"},{"floor":14.0,"key":"Matryoshka"},{"floor":23.0,"key":"Letter Opener"},{"floor":25.0,"key":"Mummified Hand"},{"floor":26.0,"key":"Centennial Puzzle"},{"floor":26.0,"key":"Orichalcum"},{"floor":29.0,"key":"Frozen Egg 2"},{"floor":29.0,"key":"Molten Egg 2"},{"floor":41.0,"key":"Art of War"},{"floor":43.0,"key":"Kunai"},{"floor":45.0,"key":"Whetstone"}],"event_choices":[{"damage_healed":0.0,"max_hp_gain":0.0,"max_hp_loss":0.0,"gold_gain":0.0,"event_name":"Liars Game","player_choice":"Ignored","floor":3.0,"gold_loss":0.0,"damage_taken":0.0},{"damage_healed":0.0,"max_hp_gain":0.0,"max_hp_loss":7.0,"gold_gain":0.0,"event_name":"Golden Idol","player_choice":"Lose Max HP","floor":5.0,"gold_loss":0.0,"damage_taken":0.0,"relics_obtained":["Golden Idol"]},{"damage_healed":0.0,"max_hp_gain":0.0,"max_hp_loss":0.0,"gold_gain":0.0,"event_name":"The Library","player_choice":"Read","floor":21.0,"gold_loss":0.0,"damage_taken":0.0,"cards_obtained":["Dark Embrace"]},{"damage_healed":0.0,"max_hp_gain":0.0,"max_hp_loss":0.0,"gold_gain":0.0,"event_name":"Mysterious Sphere","player_choice":"Ignored","floor":38.0,"gold_loss":0.0,"damage_taken":0.0},{"damage_healed":0.0,"max_hp_gain":0.0,"max_hp_loss":0.0,"gold_gain":333.0,"event_name":"The Moai Head","player_choice":"Gave Idol","floor":39.0,"relics_lost":["Golden Idol"],"gold_loss":0.0,"damage_taken":0.0},{"damage_healed":0.0,"max_hp_gain":0.0,"max_hp_loss":0.0,"gold_gain":0.0,"event_name":"Tomb of Lord Red Mask","player_choice":"Ignored","floor":42.0,"gold_loss":0.0,"damage_taken":0.0}],"is_beta":false,"boss_relics":[{"not_picked":["Philosopher\u0027s Stone","Black Blood"],"picked":"Mark of Pain"},{"not_picked":["Runic Cube","bronze:MakeshiftBattery"],"picked":"Fusion Hammer"}],"items_purged_floors":[],"is_endless":false,"potions_floor_spawned":[4,16,18,22,23,33,35,41,45,48],"ascension_level":16}}