{"host":"57p7dt3z3srco180","time":1610923325,"event":{"mods":["AchievementEnabler","Aspiration","BaseMod","BetterRewards","Colored Map","Colored Powertips","Dark Map","GifTheSpireLib","Hubris","Infinite Spire","Marisa????????","Mimic Mod","Minty Spire (QoL Compilation)","Remilia??????","Replay The Spire","Shop Mod","StSLib","Synergy Search"],"gold_per_floor":[133,133,133,143,143,168,180,196,244,244,269,284,294,294,294,396,396,411,411,411,421,421,421],"floor_reached":22,"language":"ENG","playtime":940,"items_purged":["Normality"],"score":225,"play_id":"7c5f7040-d89a-4619-9711-0d7674a7d784","local_time":"20210117144205","is_ascension_mode":true,"campfire_choices":[{"floor":15,"key":"REST"}],"circlet_count":0,"master_deck":["Strike_G","Strike_G","Strike_G","Strike_G","Strike_G","Defend_G","Defend_G","Defend_G","Defend_G","Defend_G","Survivor","Neutralize","Poisoned Stab","Slice","Deflect","Deflect","Accuracy","Prepared","hubris:SlightOfHand","Footwork","Poisoned Stab","Dagger Spray","Parasite","Outmaneuver","Terror","Dagger Spray","infinitespire:NeuralNetwork","A Thousand Cuts","Crippling Poison+1","Heel Hook+1"],"relics":["Ring of the Snake","Bronze Scales","StrikeDummy","Toolbox","The Specimen","hubris:Towel","hubris:OldNail","Vajra","infinitespire:BottledMercury","Ring of Chaos","Byrd Skull"],"acts_visited":["Exordium","TheCity"],"potions_floor_usage":[6,11,13,16],"damage_taken":[{"damage":0,"enemies":"2 Louse","floor":1,"turns":2},{"damage":0,"enemies":"Small Slimes","floor":4,"turns":2},{"damage":19,"enemies":"Gremlin Nob","floor":6,"turns":4},{"damage":0,"enemies":"Jaw Worm","floor":7,"turns":2},{"damage":0,"enemies":"Red Slaver","floor":8,"turns":2},{"damage":16,"enemies":"3 Sentries","floor":11,"turns":3},{"damage":6,"enemies":"3 Louse","floor":12,"turns":2},{"damage":5,"enemies":"Large Slime","floor":13,"turns":5},{"damage":21,"enemies":"Slime Boss","floor":16,"turns":8},{"damage":16,"enemies":"Chosen","floor":18,"turns":5},{"damage":42,"enemies":"Spheric Guardian","floor":21,"turns":6},{"damage":18,"enemies":"Snecko","floor":22,"turns":2}],"seed_played":"111198330046057997","potions_obtained":[{"floor":1,"key":"Swift Potion"},{"floor":4,"key":"Adrenaline Potion"},{"floor":7,"key":"DuplicationPotion"},{"floor":8,"key":"Strength Potion"},{"floor":21,"key":"Venom Potion"}],"is_trial":false,"path_per_floor":["M","?","?","M","?","E","M","M","T","?","E","M","M","?","R","B",null,"M","?","AVR","M","M"],"character_chosen":"THE_SILENT","items_purchased":["Bronze Scales","StrikeDummy","Toolbox","Poisoned Stab","Slice","Deflect"],"campfire_rested":1,"item_purchase_floors":[0,0,0,0,0,0],"current_hp_per_floor":[70,70,70,70,70,51,51,51,51,68,52,46,41,24,45,24,70,54,54,54,12,0,0],"gold":421,"neow_bonus":"","is_daily":false,"chose_seed":false,"campfire_upgraded":0,"win_rate":0.0,"timestamp":1610923325,"path_taken":["M","?","?","M","?","E","?","M","T","?","E","M","M","?","R","BOSS","M","?","AVR","M","M"],"items_purchased_type":["Relic","Relic","Relic","Card","Card","Card"],"build_version":"2020-12-22","purchased_purges":1,"victory":false,"max_hp_per_floor":[70,70,70,70,70,70,70,70,70,70,70,70,70,70,70,70,70,70,70,70,70,70,70],"card_choices":[{"not_picked":["hubris:SlightOfHand","Finisher"],"picked":"Accuracy","floor":1},{"not_picked":["Quick Slash","Well Laid Plans"],"picked":"Prepared","floor":4},{"not_picked":["Hidden Blade","Dodge and Roll"],"picked":"Footwork","floor":6},{"not_picked":["Underhanded Strike","Deflect"],"picked":"Poisoned Stab","floor":7},{"not_picked":["Well Laid Plans","Dodge and Roll"],"picked":"Dagger Spray","floor":8},{"not_picked":["Poison Darts","ReplayTheSpireMod:Necrosis"],"picked":"Outmaneuver","floor":11},{"not_picked":["Prepared","Sucker Punch"],"picked":"Terror","floor":12},{"not_picked":["Endless Agony","Slice"],"picked":"Dagger Spray","floor":13},{"not_picked":["hubris:Rewind","infinitespire:TheBestDefense"],"picked":"infinitespire:NeuralNetwork","floor":14},{"not_picked":["ReplayTheSpireMod:From All Sides","Tools of the Trade"],"picked":"A Thousand Cuts","floor":16},{"not_picked":["Quick Slash","PiercingWail"],"picked":"Crippling Poison+1","floor":18},{"not_picked":["Prepared","Outmaneuver"],"picked":"Heel Hook+1","floor":21}],"player_experience":313561,"relics_obtained":[{"floor":6,"key":"hubris:OldNail"},{"floor":9,"key":"Vajra"},{"floor":11,"key":"infinitespire:BottledMercury"}],"event_choices":[{"damage_healed":0,"gold_gain":0,"player_choice":"1 cards matched","damage_taken":0,"max_hp_gain":0,"max_hp_loss":0,"event_name":"Match and Keep!","floor":5,"gold_loss":0,"cards_obtained":["hubris:SlightOfHand"]},{"damage_healed":17,"gold_gain":0,"player_choice":"Healed and dodged fight","damage_taken":0,"max_hp_gain":0,"max_hp_loss":0,"event_name":"Mushrooms","floor":10,"gold_loss":0,"cards_obtained":["Parasite"]}],"is_beta":false,"boss_relics":[{"not_picked":["hubris:Backtick","hubris:Stopwatch"],"picked":"Ring of Chaos"}],"items_purged_floors":[20],"is_endless":false,"potions_floor_spawned":[1,4,7,8,21],"killed_by":"Snecko","ascension_level":3}}