{"host":"h3c6rtdc4153hgw2","time":1610914547,"event":{"mods":["AchievementEnabler","Aspiration","BaseMod","Beaked The Cultist","Colored Map","Colored Powertips","Hermit","Hubris","Marisa????????","Minty Spire (QoL Compilation)","Permanent Neow","Quick Restart","StSLib","The Construct","The Cursed","The Hierophant","The Necromancer"],"gold_per_floor":[144,189,189,130,175,265,355,400,400,445,490,535,535,35,35,335,335,380,380,230,230,80,179,179,179,179,233,148,148,247,26,26,335,335,389,115,115,169,219,219,273,372,372,372,426,66,225,69,69,69],"floor_reached":51,"language":"ENG","playtime":5778,"items_purged":[],"score":971,"play_id":"2e846f17-2cdd-44e6-9477-fcb52203a705","local_time":"20210117201547","daily_mods":["SealedDeck","Hoarder","Midas"],"is_ascension_mode":false,"campfire_choices":[{"floor":15,"key":"REST"},{"floor":24,"key":"REST"},{"floor":25,"key":"REST"},{"floor":32,"key":"REST"},{"floor":40,"key":"REST"},{"floor":49,"key":"REST"}],"circlet_count":0,"master_deck":["Leap","Leap","Leap","Coolheaded","Coolheaded","Coolheaded","Cold Snap","Cold Snap","Cold Snap","Conserve Battery","Conserve Battery","Conserve Battery","Go for the Eyes","Go for the Eyes","Go for the Eyes","Streamline","Streamline","Streamline","Streamline","Streamline","Streamline","Streamline","Streamline","Streamline","Loop","Loop","Loop","Go for the Eyes","Go for the Eyes","Go for the Eyes","Hello World","Hello World","Hello World","Coolheaded","Coolheaded","Coolheaded","Conserve Battery","Conserve Battery","Conserve Battery","Beam Cell","Beam Cell","Beam Cell","FTL","FTL","FTL","Conserve Battery","Conserve Battery","Conserve Battery","Machine Learning","Machine Learning","Machine Learning","Doom and Gloom","Doom and Gloom","Doom and Gloom","Go for the Eyes","Go for the Eyes","Go for the Eyes","Electrodynamics+1","Electrodynamics+1","Electrodynamics+1","Glacier+1","Glacier+1","Glacier+1","NonDirectionalLaser","NonDirectionalLaser","NonDirectionalLaser","construct:HyperBeam","construct:HyperBeam","construct:HyperBeam","construct:PowerUp+1","construct:PowerUp+1","construct:PowerUp+1","Defragment+1","Defragment+1","Defragment+1","TheCursedMod:OutForBlood+1","TheCursedMod:OutForBlood+1","TheCursedMod:OutForBlood+1","Necrotic_Claws","Necrotic_Claws","Necrotic_Claws","Capacitor+1","Capacitor+1","Capacitor+1","Bone_Armor+1","Bone_Armor+1","Bone_Armor+1","Life_Drain","Life_Drain","Life_Drain","Gash+1","Gash+1","Gash+1","Shade_Step+1","Shade_Step+1","Shade_Step+1","Storm+1","Storm+1","Storm+1","Violence+1","Violence+1","Violence+1","Chrysalis+1","Chrysalis+1","Chrysalis+1"],"relics":["Cracked Core","Mercury Hourglass","WingedGreaves","Omamori","hubris:SphereOfDissonance","Frozen Egg 2","ClockworkSouvenir","hubris:Backtick","Toxic Egg 2","Runic Capacitor","PrismaticShard","CeramicFish","Blue Candle","construct:FoamFinger","Akabeko","aspiration:SeaSaltIceCream","aspiration:Nostalgia","PureWater","InkBottle","Cauldron","Black Star","hubris:DisguiseKit","Bronze Scales","Orichalcum","aspiration:ChemicalBlood","hubris:CrystalStatue","hubris:RGBLights","hubris:Icosahedron","Calipers","Mango"],"acts_visited":["Exordium","TheCity","TheBeyond"],"potions_floor_usage":[16,23,50,50,50,50],"damage_taken":[{"damage":0,"enemies":"2 Louse","floor":1,"turns":2},{"damage":0,"enemies":"Cultist","floor":2,"turns":3},{"damage":3,"enemies":"Small Slimes","floor":5,"turns":2},{"damage":14,"enemies":"3 Sentries","floor":6,"turns":6},{"damage":7,"enemies":"Lagavulin","floor":7,"turns":6},{"damage":0,"enemies":"Looter","floor":8,"turns":2},{"damage":0,"enemies":"2 Fungi Beasts","floor":10,"turns":3},{"damage":0,"enemies":"Large Slime","floor":11,"turns":5},{"damage":0,"enemies":"Lots of Slimes","floor":12,"turns":1},{"damage":0,"enemies":"Slime Boss","floor":16,"turns":7},{"damage":9,"enemies":"Spheric Guardian","floor":18,"turns":4},{"damage":33,"enemies":"Slavers","floor":23,"turns":5},{"damage":3,"enemies":"Chosen","floor":27,"turns":5},{"damage":4,"enemies":"Gremlin Leader","floor":30,"turns":6},{"damage":17,"enemies":"Champ","floor":33,"turns":19},{"damage":28,"enemies":"3 Shapes","floor":35,"turns":4},{"damage":20,"enemies":"3 Darklings","floor":38,"turns":5},{"damage":16,"enemies":"Writhing Mass","floor":41,"turns":3},{"damage":47,"enemies":"Giant Head","floor":42,"turns":10},{"damage":21,"enemies":"Jaw Worm Horde","floor":45,"turns":3},{"damage":0,"enemies":"Mind Bloom Boss Battle","floor":47,"turns":3},{"damage":82,"enemies":"Time Eater","floor":50,"turns":8}],"seed_played":"7372172642885907109","potions_obtained":[{"floor":6,"key":"DistilledChaos"},{"floor":7,"key":"SkillPotion"},{"floor":8,"key":"Block Potion"},{"floor":23,"key":"SmokeBomb"},{"floor":31,"key":"FairyPotion"},{"floor":31,"key":"FairyPotion"},{"floor":42,"key":"SpeedPotion"},{"floor":45,"key":"FearPotion"},{"floor":45,"key":"Fire Potion"}],"is_trial":false,"path_per_floor":["M","M","?","?","M","E","E","M","T","M","M","M","R","$","R","B",null,"M","?","$","?","$","E","R","R","T","M","?","T","E","$","R","B",null,"M","$","T","M","T","R","M","E","T","?","M","$","?","$","R","B",null],"character_chosen":"DEFECT","items_purchased":["Frozen Egg 2","ClockworkSouvenir","FairyPotion","Runic Capacitor","CeramicFish","Defragment+1","Cauldron","Capacitor+1","hubris:DisguiseKit","Calipers","Storm+1","Chrysalis+1"],"campfire_rested":6,"item_purchase_floors":[14,14,14,20,22,31,31,36,36,46,46,48],"current_hp_per_floor":[75,75,75,75,72,58,51,51,51,51,51,51,51,51,73,73,75,66,52,52,44,44,11,35,59,59,56,56,56,52,52,76,59,80,52,52,52,32,32,56,40,18,18,18,3,3,23,23,51,5],"gold":69,"neow_bonus":"","is_daily":true,"chose_seed":false,"campfire_upgraded":0,"win_rate":0.0,"timestamp":1610914547,"path_taken":["M","M","?","?","?","E","E","M","T","M","M","M","R","$","R","BOSS","M","?","$","?","$","E","R","R","T","M","?","?","E","?","R","BOSS","M","$","?","M","?","R","M","E","T","?","M","?","?","?","R","BOSS"],"items_purchased_type":["Relic","Relic","Potion","Relic","Relic","Card","Relic","Card","Relic","Relic","Card","Card"],"build_version":"2020-12-22","purchased_purges":0,"victory":true,"max_hp_per_floor":[75,75,75,75,75,75,75,75,75,75,75,75,75,75,75,75,75,75,80,80,80,80,80,80,80,80,80,80,80,80,80,80,80,80,80,80,80,80,80,80,80,80,80,80,80,80,94,94,94,94],"card_choices":[{"not_picked":["Redo","Coolheaded"],"picked":"Hello World","floor":1},{"not_picked":["Stack","FTL"],"picked":"Coolheaded","floor":2},{"not_picked":["All For One","Streamline"],"picked":"Conserve Battery","floor":5},{"not_picked":["Barrage","Glacier"],"picked":"Beam Cell","floor":6},{"not_picked":["Ball Lightning","hubris:Ukulele"],"picked":"FTL","floor":7},{"not_picked":["Rainbow","Steam"],"picked":"Conserve Battery","floor":8},{"not_picked":["Rebound","Recycle"],"picked":"Machine Learning","floor":10},{"not_picked":["hubris:Ukulele","Turbo"],"picked":"Doom and Gloom","floor":11},{"not_picked":["Rebound","Cold Snap"],"picked":"Go for the Eyes","floor":12},{"not_picked":["Seek","Reboot"],"picked":"Electrodynamics+1","floor":16},{"not_picked":["Coolheaded+1","Gash"],"picked":"Glacier+1","floor":18},{"not_picked":["Blood_Shield+1","construct:Disrupt+1"],"picked":"NonDirectionalLaser","floor":23},{"not_picked":["hermit:Desperado","Impatience+1"],"picked":"construct:HyperBeam","floor":27},{"not_picked":["construct:Enhance+1","Doppelganger+1"],"picked":"construct:PowerUp+1","floor":30},{"not_picked":["beaked:FullHouse+1","Devotion+1"],"picked":"TheCursedMod:OutForBlood+1","floor":33},{"not_picked":["BowlingBash","construct:Reinforce+1"],"picked":"Necrotic_Claws","floor":35},{"not_picked":["hermit:Coalescence+1","GravityBeat+1","Outmaneuver+1"],"picked":"Bone_Armor","floor":38},{"not_picked":["Exploit","Iron Wave","Blood_Is_Power+1"],"picked":"Life_Drain","floor":41},{"not_picked":["Anger+1","Fusion+1","Negative_Energy_Sphere"],"picked":"Gash+1","floor":42},{"not_picked":["TheCursedMod:CursedAmulet+1","hermit:Combo+1","Consume_Illness"],"picked":"Shade_Step+1","floor":45},{"not_picked":["Protect+1","Death_March_Dance+1","Blood_Curse"],"picked":"Violence+1","floor":47}],"player_experience":128648,"relics_obtained":[{"floor":6,"key":"WingedGreaves"},{"floor":7,"key":"Omamori"},{"floor":9,"key":"hubris:SphereOfDissonance"},{"floor":21,"key":"PrismaticShard"},{"floor":23,"key":"Blue Candle"},{"floor":26,"key":"construct:FoamFinger"},{"floor":29,"key":"aspiration:SeaSaltIceCream"},{"floor":30,"key":"InkBottle"},{"floor":37,"key":"Bronze Scales"},{"floor":39,"key":"Orichalcum"},{"floor":42,"key":"aspiration:ChemicalBlood"},{"floor":42,"key":"hubris:CrystalStatue"},{"floor":43,"key":"hubris:RGBLights"},{"floor":47,"key":"Mango"}],"event_choices":[{"damage_healed":0,"gold_gain":0,"player_choice":"Paid Gold","damage_taken":0,"relics_obtained":["Mercury Hourglass"],"max_hp_gain":0,"max_hp_loss":0,"event_name":"WeMeetAgain","floor":4,"gold_loss":59},{"damage_healed":0,"gold_gain":0,"player_choice":"Shed Blood","damage_taken":19,"max_hp_gain":5,"max_hp_loss":0,"event_name":"Forgotten Altar","floor":19,"gold_loss":0},{"damage_healed":0,"gold_gain":0,"player_choice":"Obtained Relic","damage_taken":0,"relics_obtained":["Akabeko"],"max_hp_gain":0,"max_hp_loss":0,"event_name":"Addict","floor":28,"gold_loss":85},{"damage_healed":0,"gold_gain":0,"player_choice":"Fight","damage_taken":0,"max_hp_gain":0,"max_hp_loss":0,"event_name":"MindBloom","floor":47,"gold_loss":0}],"is_beta":false,"boss_relics":[{"not_picked":["Cursed Key","aspiration:SecretTechniqueScroll"],"picked":"hubris:Backtick"},{"not_picked":["Runic Dome","Runic Pyramid"],"picked":"Black Star"}],"items_purged_floors":[],"is_endless":false,"potions_floor_spawned":[6,7,8,23,35,42,45],"ascension_level":0}}