{"host":"oztwkdn1ogbv4ny9","time":1610862278,"event":{"mods":["AchievementEnabler","BaseMod","Colored Map","Hermit","Minty Spire (QoL Compilation)","Replay The Spire","StSLib","SuperFastMode","The Construct","The Cursed","The Disciple","The Hierophant","The Necromancer","The Servant 0.9.4"],"gold_per_floor":[114,114,129,129,54,82,82,98,98,130,130,155,167,181,181,284,284,284,284],"floor_reached":18,"language":"ENG","playtime":543,"items_purged":["Defend_S"],"score":205,"play_id":"5a6bf978-982c-4d9c-9441-16593be61100","local_time":"20210117004438","is_ascension_mode":false,"campfire_choices":[{"data":"ShatteredReality","floor":7,"key":"SMITH"},{"floor":15,"key":"REST"}],"circlet_count":0,"master_deck":["Strike_S","Strike_S","Strike_S","Strike_S","Defend_S","Defend_S+1","KidneyShot","Exchange+1","BottledTime","BottledTime","ShatteredReality+1","Replace","Rearm","ShatteredReality","Deny","CurseOfTheBell"],"relics":["Uniform","NeowsBlessing","Replay:Kaleidoscope","Bronze Scales","Replay:Bottled Flurry","Chameleon Ring","Sundial","Calling Bell","Ancient Tea Set","Onion Ring","Calipers"],"acts_visited":["Exordium","TheCity"],"potions_floor_usage":[12,12,16],"damage_taken":[{"damage":0,"enemies":"2 Louse","floor":1,"turns":1},{"damage":0,"enemies":"Small Slimes","floor":3,"turns":1},{"damage":0,"enemies":"Gremlin Nob","floor":6,"turns":1},{"damage":1,"enemies":"Jaw Worm","floor":8,"turns":4},{"damage":18,"enemies":"3 Sentries","floor":10,"turns":6},{"damage":4,"enemies":"Gremlin Nob","floor":12,"turns":3},{"damage":0,"enemies":"Red Slaver","floor":13,"turns":3},{"damage":2,"enemies":"Blue Slaver","floor":14,"turns":3},{"damage":16,"enemies":"Hexaghost","floor":16,"turns":8},{"damage":0,"enemies":"2 Thieves","floor":18,"turns":1}],"seed_played":"-1667984519270346753","potions_obtained":[{"floor":1,"key":"Languid Potion"},{"floor":10,"key":"Strength Potion"},{"floor":13,"key":"LiquidBronze"},{"floor":14,"key":"Energy Potion"}],"is_trial":false,"path_per_floor":["M","?","M","?","$","E","R","M","T","E","?","E","M","M","R","B",null,"M"],"character_chosen":"THE_SERVANT","items_purchased":[],"campfire_rested":1,"item_purchase_floors":[],"current_hp_per_floor":[65,53,53,40,40,40,40,39,39,21,14,10,10,8,27,11,65,65,65],"gold":284,"neow_bonus":"THREE_ENEMY_KILL","is_daily":false,"chose_seed":false,"campfire_upgraded":1,"win_rate":0.0,"timestamp":1610862278,"path_taken":["M","?","M","?","$","E","R","M","T","E","?","E","?","M","R","BOSS","M"],"items_purchased_type":[],"build_version":"2020-12-22","purchased_purges":1,"victory":false,"max_hp_per_floor":[65,65,65,65,65,65,65,65,65,65,65,65,65,65,65,65,65,65,65],"card_choices":[{"not_picked":["Shuttle","Moonlight"],"picked":"BottledTime","floor":1},{"not_picked":["DoubleEdge","Replace"],"picked":"BottledTime","floor":3},{"not_picked":["Revamp","Ricochet"],"picked":"ShatteredReality","floor":6},{"not_picked":["TimeWarp","WasteNot"],"picked":"Replace","floor":8},{"not_picked":["KillingDoll","Alleviate","FastForward"],"picked":"SKIP","floor":10},{"not_picked":["Ricochet","FastForward"],"picked":"Rearm","floor":12},{"not_picked":["Shuttle","Snipe","WasteNot"],"picked":"SKIP","floor":13},{"not_picked":["Potential","Moonlight"],"picked":"ShatteredReality","floor":14},{"not_picked":["Initiator","LightFlow"],"picked":"Deny","floor":16}],"player_experience":221809,"relics_obtained":[{"floor":6,"key":"Bronze Scales"},{"floor":9,"key":"Replay:Bottled Flurry"},{"floor":10,"key":"Chameleon Ring"},{"floor":12,"key":"Sundial"},{"floor":17,"key":"Ancient Tea Set"},{"floor":17,"key":"Onion Ring"},{"floor":17,"key":"Calipers"}],"event_choices":[{"damage_healed":0,"gold_gain":0,"player_choice":"Success","damage_taken":12,"relics_obtained":["Replay:Kaleidoscope"],"max_hp_gain":0,"max_hp_loss":0,"event_name":"Scrap Ooze","floor":2,"gold_loss":0},{"damage_healed":0,"gold_gain":0,"player_choice":"Entered Light","damage_taken":13,"max_hp_gain":0,"max_hp_loss":0,"event_name":"Shining Light","floor":4,"gold_loss":0,"cards_upgraded":["Exchange","Defend_S"]},{"cards_removed":["Defend_S"],"damage_healed":0,"gold_gain":0,"player_choice":"Card Removal","damage_taken":7,"max_hp_gain":0,"max_hp_loss":0,"event_name":"Golden Wing","floor":11,"gold_loss":0}],"is_beta":false,"boss_relics":[{"not_picked":["ChewingGum","Snecko Eye"],"picked":"Calling Bell"}],"items_purged_floors":[5],"is_endless":false,"potions_floor_spawned":[1,10,13,14],"killed_by":"2 Thieves","ascension_level":0}}