{"host":"61xbmbtf5zrn7rzc","time":1610869158,"event":{"mods":["BaseMod","Challenge The Spire","Hubris","Infinite Spire","Minty Spire (QoL Compilation)","Replay The Spire","StSLib","SuperFastMode"],"gold_per_floor":[118,118,118,43,43,68,81,81,81,81,81,111,111,122,122,225,225,241,241,261,281,297,297,76,105,130,130,143,143,172,291,291,389,389,406,152,152,171,188,188,220,220,266,266,298,298,328,341,341,341],"floor_reached":51,"language":"ENG","playtime":2512,"items_purged":["Normality","Strike_B"],"score":799,"play_id":"0fdde609-ce22-4f22-a1d2-12cee425ba4a","local_time":"20210117023918","is_ascension_mode":true,"campfire_choices":[{"data":"Dualcast","floor":8,"key":"SMITH"},{"data":"infinitespire:Collect","floor":13,"key":"SMITH"},{"data":"Ball Lightning","floor":15,"key":"SMITH"},{"data":"Blizzard","floor":23,"key":"SMITH"},{"data":"Time Bomb","floor":27,"key":"SMITH"},{"data":"Defend_B","floor":32,"key":"SMITH"},{"data":"Creative AI","floor":40,"key":"SMITH"},{"data":"Defend_B","floor":42,"key":"SMITH"},{"data":"Coolheaded","floor":49,"key":"SMITH"}],"circlet_count":0,"master_deck":["Strike_B+1","Strike_B+1","Defend_B+1","Defend_B","Defend_B","Defend_B+1","Zap+1","Dualcast+1","Blizzard+1","Ball Lightning+1","Cold Snap","infinitespire:Collect+1","Core Surge","Cold Snap","Crystallizer+1","Glacier","Coolheaded+1","Time Bomb+1","Creative AI+1","Leap+1","FTL+1"],"relics":["Cracked Core","NeowsBlessing","ReplayTheSpireMod:Ring of Addiction","Ring of Peace","Potion Belt","Chameleon Ring","ReplayTheSpireMod:TigerMarble","Eternal Feather","Garlic","Simple Rune","infinitespire:Cupcake","Pear","infinitespire:Freezer","Enchiridion","hubris:MobiusCoin","Painkiller Herb","Symbiotic Virus","hubris:Towel","Blue Candle","hubris:BallOfYels","Nuclear Battery","hubris:SoftwareUpdate","Peace Pipe","Regal Pillow"],"acts_visited":["Exordium","TheCity","TheBeyond"],"potions_floor_usage":[12,16,20,25,25,31,33,41,41,41,47,48,50],"damage_taken":[{"damage":0,"enemies":"Small Slimes","floor":1,"turns":1},{"damage":0,"enemies":"Lagavulin","floor":6,"turns":1},{"damage":0,"enemies":"Jaw Worm","floor":7,"turns":1},{"damage":7,"enemies":"3 Sentries","floor":12,"turns":5},{"damage":0,"enemies":"2 Louse","floor":14,"turns":3},{"damage":12,"enemies":"The Guardian","floor":16,"turns":7},{"damage":0,"enemies":"Shell Parasite","floor":18,"turns":3},{"damage":0,"enemies":"Spheric Guardian","floor":20,"turns":3},{"damage":0,"enemies":"Snake Plant","floor":21,"turns":4},{"damage":0,"enemies":"Shelled Parasite and Fungi","floor":22,"turns":5},{"damage":0,"enemies":"Slavers","floor":25,"turns":6},{"damage":0,"enemies":"Chosen and Byrds","floor":28,"turns":6},{"damage":0,"enemies":"Book of Stabbing","floor":30,"turns":5},{"damage":0,"enemies":"Centurion and Healer","floor":31,"turns":5},{"damage":41,"enemies":"Champ","floor":33,"turns":13},{"damage":4,"enemies":"3 Darklings","floor":35,"turns":5},{"damage":8,"enemies":"3 Shapes","floor":38,"turns":4},{"damage":20,"enemies":"Sphere and 2 Shapes","floor":39,"turns":5},{"damage":45,"enemies":"Reptomancer","floor":41,"turns":8},{"damage":19,"enemies":"Giant Head","floor":45,"turns":12},{"damage":0,"enemies":"Reptomancer","floor":47,"turns":7},{"damage":0,"enemies":"4 Shapes","floor":48,"turns":5},{"damage":8,"enemies":"Replay:Hell Engine","floor":50,"turns":14}],"seed_played":"2725458025811420147","potions_obtained":[{"floor":3,"key":"Strength Potion"},{"floor":3,"key":"LiquidMemories"},{"floor":3,"key":"Block Potion"},{"floor":6,"key":"Ancient Potion"},{"floor":14,"key":"Regen Potion"},{"floor":20,"key":"EssenceOfSteel"},{"floor":22,"key":"Swift Potion"},{"floor":28,"key":"Weak Potion"},{"floor":30,"key":"Strength Potion"},{"floor":39,"key":"LiquidMemories"},{"floor":45,"key":"Energy Potion"},{"floor":46,"key":"Milkshake"},{"floor":46,"key":"LiquidMemories"}],"is_trial":false,"path_per_floor":["M","?","?","$","?","E","M","R","T","?","T","E","R","M","R","B",null,"M","T","M","M","M","R","$","E","T","R","M","?","E","M","R","B",null,"?","T","?","?","?","T","E","T","T","AVR","E","T","E","?","T","B",null],"character_chosen":"DEFECT","items_purchased":["Glacier","Coolheaded","Symbiotic Virus"],"campfire_rested":0,"item_purchase_floors":[24,24,36],"current_hp_per_floor":[75,75,75,75,68,68,68,68,68,51,51,44,50,50,56,44,69,69,79,77,77,77,77,75,75,75,75,75,57,57,57,66,25,73,69,69,69,61,41,53,36,48,48,48,29,41,41,41,53,45],"gold":341,"neow_bonus":"THREE_ENEMY_KILL","is_daily":false,"chose_seed":false,"campfire_upgraded":9,"win_rate":0.0,"timestamp":1610869158,"path_taken":["M","?","?","?","?","E","M","R","T","?","?","E","R","M","R","BOSS","M","?","M","?","?","R","$","E","T","R","M","?","E","M","R","BOSS","?","T","?","?","?","T","E","T","T","AVR","E","T","E","?","T","BOSS"],"items_purchased_type":["Card","Card","Relic"],"build_version":"2020-12-22","purchased_purges":2,"victory":true,"max_hp_per_floor":[75,75,75,75,75,75,73,73,73,71,71,71,71,71,71,69,69,69,79,77,77,77,77,75,75,75,75,75,73,73,73,73,73,73,73,73,71,71,71,69,69,69,69,69,67,67,67,67,67,67],"card_choices":[{"not_picked":["Coolheaded","Panic Button"],"picked":"Blizzard","floor":1},{"not_picked":["Reinforced Body","ReplayTheSpireMod:Fabricate Wheel"],"picked":"Ball Lightning","floor":6},{"not_picked":["Streamline","Gash"],"picked":"Cold Snap","floor":7},{"not_picked":["infinitespire:Execution","ReplayTheSpireMod:??????????????????????"],"picked":"infinitespire:Collect","floor":10},{"not_picked":["Beam Cell","Sweeping Beam","Skim"],"picked":"SKIP","floor":12},{"not_picked":["FIFO Queue","Stack","ReplaySolidLightProjector"],"picked":"SKIP","floor":14},{"not_picked":["All For One","Thunder Strike"],"picked":"Core Surge","floor":16},{"not_picked":["Streamline","Turbo","ReplaySolidLightProjector"],"picked":"SKIP","floor":18},{"not_picked":["Rebound","Redo","BasicCrystalCard"],"picked":"SKIP","floor":20},{"not_picked":["Turbo+1","Fusion+1"],"picked":"Cold Snap","floor":21},{"not_picked":["Ball Lightning","Compile Driver"],"picked":"Crystallizer+1","floor":22},{"not_picked":["Redo","All For One"],"picked":"Time Bomb","floor":25},{"not_picked":["Hologram","Redo","Compile Driver"],"picked":"SKIP","floor":28},{"not_picked":["Seek","Hologram","Storm"],"picked":"SKIP","floor":30},{"not_picked":["Cold Snap","ReplayTheSpireMod:Reroute Power+1","Stack+1"],"picked":"SKIP","floor":31},{"not_picked":["Cold Snap","ReplayTheSpireMod:Reroute Power+1","Stack+1"],"picked":"SKIP","floor":31},{"not_picked":["Thunder Strike","Hyperbeam"],"picked":"Creative AI","floor":33},{"not_picked":["Coolheaded","Beam Cell"],"picked":"Leap+1","floor":35},{"not_picked":["Rebound+1","Capacitor+1","Stack"],"picked":"SKIP","floor":38},{"not_picked":["BasicCrystalCard","Coolheaded","Compile Driver+1"],"picked":"SKIP","floor":39},{"not_picked":["Cold Snap","ReplayTheSpireMod:GoodbyeWorld","Hyperbeam"],"picked":"SKIP","floor":41},{"not_picked":["Scrape","Stack+1","Streamline+1"],"picked":"SKIP","floor":45},{"not_picked":["Coolheaded","Cold Snap"],"picked":"FTL+1","floor":47},{"not_picked":["Cold Snap","Go for the Eyes","Loop+1"],"picked":"SKIP","floor":48}],"player_experience":128263,"relics_obtained":[{"floor":3,"key":"ReplayTheSpireMod:Ring of Addiction"},{"floor":3,"key":"Ring of Peace"},{"floor":3,"key":"Potion Belt"},{"floor":3,"key":"Chameleon Ring"},{"floor":6,"key":"ReplayTheSpireMod:TigerMarble"},{"floor":9,"key":"Eternal Feather"},{"floor":11,"key":"Garlic"},{"floor":12,"key":"Simple Rune"},{"floor":19,"key":"Pear"},{"floor":25,"key":"infinitespire:Freezer"},{"floor":29,"key":"Enchiridion"},{"floor":30,"key":"hubris:MobiusCoin"},{"floor":41,"key":"Blue Candle"},{"floor":43,"key":"hubris:BallOfYels"},{"floor":45,"key":"Peace Pipe"},{"floor":47,"key":"Regal Pillow"}],"event_choices":[{"cards_removed":["Strike_B"],"damage_healed":0,"gold_gain":0,"player_choice":"Card Removal","damage_taken":7,"max_hp_gain":0,"max_hp_loss":0,"event_name":"Golden Wing","floor":5,"gold_loss":0},{"damage_healed":0,"gold_gain":0,"player_choice":"Obtained Book","damage_taken":16,"max_hp_gain":0,"max_hp_loss":0,"event_name":"Cursed Tome","floor":29,"gold_loss":0}],"is_beta":false,"boss_relics":[{"not_picked":["Coffee Dripper","hubris:HollowSoul"],"picked":"infinitespire:Cupcake"},{"not_picked":["Velvet Choker","Cursed Key"],"picked":"Painkiller Herb"}],"items_purged_floors":[4,24],"is_endless":false,"potions_floor_spawned":[6,14,20,22,28,30,39,45],"ascension_level":2}}