{"host":"08z5bj28eube4vug","time":1610842892,"event":{"mods":["2.2 Compatiblity","Abigail Mod","Act Like it!","BaseMod","Beaked The Cultist","Bestiary","Friendly Minions","Gensokyo","GungeonMod","Hallownest","Kiyohime????","Koishi","Lobotomy","Marisa????????","Minty Spire (QoL Compilation)","Prisma Mod","Remilia??????","Replay The Spire","StSLib","Td1madao Mod","The Alterego","The Bug Knight","The Jungle","The Sage","The Senshi","The Servant 0.9.4","Waifu the Spire","WarShipGirlsR/????R mod","Yuri Mod"],"gold_per_floor":[110,28,28,38,38,66,66,79,79,79,106,106,106,106,132,151,151,254,254,269,13,30,50,250,281,281,299,299,299,314,347,347,365,365,464,464,482,498,518,536,536,536,536,536],"floor_reached":43,"language":"ENG","playtime":3215,"items_purged":["Looming Evil"],"score":861,"play_id":"5a07eae3-4b81-4945-bdea-e0dfceffa3cb","local_time":"20210117032132","is_ascension_mode":true,"campfire_choices":[{"data":"Preparedness","floor":7,"key":"SMITH"},{"data":"Revenge","floor":10,"key":"SMITH"},{"data":"Floating Swing Kick","floor":12,"key":"SMITH"},{"floor":17,"key":"REST"},{"data":"alterego_mod:PainIsPleasure","floor":26,"key":"SMITH"},{"data":"Heavy Blade","floor":29,"key":"SMITH"},{"data":"yuri:BookBlue","floor":32,"key":"SMITH"},{"floor":34,"key":"DIG"},{"data":"Creative AI","floor":42,"key":"SMITH"}],"circlet_count":0,"master_deck":["Strike_C","Strike_C","Strike_C","Strike_C+1","Defend_C","Defend_C","Defend_C","Defend_C","Knight Kick+1","Chip","Floating Swing Kick+1","Fixing","Revenge+1","Preparedness+1","Energy Supply","Consecrate","A Thousand Cuts","AbeCurse","PrismaMod:ChloeCheapDefend+1","Hallownest:curseDreamersLament","Finesse","Heavy Blade+1","PrismaMod:MiyuCheapChannelVul","alterego_mod:PainIsPleasure+1","Defend System","yuri:BookBlue+1","alterego_mod:TrashNCrash+1","Creative AI+1","rmod:overbreakdown+1","Wraith"],"relics":["Replay:Fungal Core","PrismaticShard","Whetstone","White Beast Statue","sagemod:Red_Beast_Statue","DemoMod:WhiteGuonStone","Abe\u0027s Treasure","ReplayTheSpireMod:CursedCoin","Bottled Lightning","Singing Bowl","yuri:PortableGlitches","MealTicket","HollowMod:PaleOreRelic","Cursed Key"],"acts_visited":["Exordium","TheCity","TheBeyond"],"potions_floor_usage":[15,18,18,20,25,27,30,31,33,33,35,35,38,39,40,43,43],"damage_taken":[{"damage":5,"enemies":"Jaw Worm","floor":1,"turns":4},{"damage":5,"enemies":"2 Louse","floor":4,"turns":2},{"damage":12,"enemies":"Lagavulin","floor":6,"turns":7},{"damage":3,"enemies":"Cultist","floor":8,"turns":5},{"damage":0,"enemies":"HollowMod:MossKnight","floor":11,"turns":6},{"damage":16,"enemies":"Lagavulin","floor":15,"turns":5},{"damage":0,"enemies":"Blue Slaver","floor":16,"turns":1},{"damage":38,"enemies":"Slime Boss","floor":18,"turns":7},{"damage":0,"enemies":"Spheric Guardian","floor":20,"turns":4},{"damage":6,"enemies":"3 Byrds","floor":22,"turns":4},{"damage":1,"enemies":"Snecko","floor":23,"turns":4},{"damage":21,"enemies":"Gremlin Leader","floor":25,"turns":5},{"damage":4,"enemies":"Centurion and Healer","floor":27,"turns":6},{"damage":3,"enemies":"Sentry and Sphere","floor":30,"turns":5},{"damage":23,"enemies":"Book of Stabbing","floor":31,"turns":3},{"damage":16,"enemies":"Shelled Parasite and Fungi","floor":33,"turns":4},{"damage":15,"enemies":"Pondfish","floor":35,"turns":10},{"damage":2,"enemies":"3 Darklings","floor":37,"turns":6},{"damage":38,"enemies":"3 Shapes","floor":38,"turns":4},{"damage":18,"enemies":"3 Darklings","floor":39,"turns":4},{"damage":12,"enemies":"4 Shapes","floor":40,"turns":3},{"damage":58,"enemies":"Nemesis","floor":43,"turns":7}],"seed_played":"-9214970484107318093","potions_obtained":[{"floor":1,"key":"sagemod:Wine"},{"floor":6,"key":"PowerPotion"},{"floor":11,"key":"PowerPotion"},{"floor":15,"key":"Weak Potion"},{"floor":16,"key":"CultistPotion"},{"floor":18,"key":"Regen Potion"},{"floor":22,"key":"Toxic Potion"},{"floor":23,"key":"Regen Potion"},{"floor":25,"key":"Languid Potion"},{"floor":27,"key":"Regen Potion"},{"floor":30,"key":"SteroidPotion"},{"floor":31,"key":"Fire Potion"},{"floor":33,"key":"Languid Potion"},{"floor":35,"key":"EssenceOfSteel"},{"floor":37,"key":"Venom Potion"},{"floor":38,"key":"ColorlessPotion"},{"floor":39,"key":"SneckoOil"},{"floor":40,"key":"Milkshake"}],"is_trial":false,"path_per_floor":["M","$","?","M","?","E","R","M","T","R","E","R","PTL","PTL","E","M","R","B",null,"M","$","M","M","?","E","R","M","T","R","M","E","R","M","R","B",null,"M","M","M","M","?","R","E"],"character_chosen":"TD1MADAO_CLASS","items_purchased":["Fixing","Revenge","ReplayTheSpireMod:CursedCoin","Bottled Lightning","Finesse"],"campfire_rested":1,"item_purchase_floors":[2,2,21,21,21],"current_hp_per_floor":[58,58,58,53,53,41,41,38,38,38,38,38,38,38,22,22,43,5,54,62,62,56,55,55,49,49,63,63,63,72,49,49,33,33,18,59,69,40,49,39,39,39,0,0],"gold":536,"neow_bonus":"BOSS_RELIC","is_daily":false,"chose_seed":false,"campfire_upgraded":7,"win_rate":0.0,"timestamp":1610842892,"path_taken":["M","$","?","M","?","E","R","M","T","R","E","R","PTL","PTL","E","M","R","BOSS","M","$","M","M","?","E","R","M","T","R","M","E","R","M","R","BOSS","M","M","?","M","?","R","E"],"items_purchased_type":["Card","Card","Relic","Relic","Card"],"build_version":"2020-12-22","purchased_purges":1,"victory":false,"max_hp_per_floor":[70,70,70,70,70,70,70,70,70,70,70,70,70,70,70,70,70,70,70,70,70,70,70,70,70,70,72,72,72,72,72,72,72,72,72,72,74,76,76,78,78,78,78,78],"card_choices":[{"not_picked":["Black Shadow","White Contract"],"picked":"Floating Swing Kick","floor":1},{"not_picked":["Fire Up","Trader"],"picked":"Preparedness","floor":4},{"not_picked":["beaked:Evade","Bloodletting"],"picked":"Energy Supply","floor":6},{"not_picked":["HollowMod:DoubleDash","alterego_mod:SuperDuperMasochism"],"picked":"Consecrate","floor":8},{"not_picked":["Replay:Sssssssssstrike","sagemod:Accumulation","DemoMod:TeaPot"],"picked":"SKIP","floor":11},{"not_picked":["BombardNight","RedNightlessCastle","Backflip"],"picked":"SKIP","floor":15},{"not_picked":["AbbyMod:FarAwayFriend","OpenUniverse","HollowMod:NewLittleFool"],"picked":"SKIP","floor":16},{"not_picked":["PrismaMod:MiyuEvokeAllAttack","PrismaMod:ChloeDevil"],"picked":"A Thousand Cuts","floor":18},{"not_picked":["ThirdEye","Stack"],"picked":"PrismaMod:ChloeCheapDefend+1","floor":20},{"not_picked":["Koishi:ReflexRadar","SashWhip"],"picked":"Heavy Blade","floor":22},{"not_picked":["KiyohimeMod:AndSoTheShipConquers+1","PulseMagic"],"picked":"PrismaMod:MiyuCheapChannelVul","floor":23},{"not_picked":["Go for the Eyes","PrismaMod:MiyuUberAttack"],"picked":"alterego_mod:PainIsPleasure","floor":25},{"not_picked":["rmod:garrisonisland","alterego_mod:Crossover","Time Bomb"],"picked":"Singing Bowl","floor":27},{"not_picked":["Potential","Koishi:EmbryosDream"],"picked":"Defend System","floor":30},{"not_picked":["Meditate","AbbyMod:SilverKey+1"],"picked":"yuri:BookBlue","floor":31},{"not_picked":["BombardNight","DemoMod:AbyssalTentacle"],"picked":"alterego_mod:TrashNCrash+1","floor":33},{"not_picked":["sagemod:Prey","alterego_mod:Vow"],"picked":"Creative AI","floor":35},{"not_picked":["Loneliness+1","Machining","Koishi:Jaunt+1"],"picked":"Singing Bowl","floor":37},{"not_picked":["Wild Strike+1","DemoMod:BlackBlade","Ricochet+1"],"picked":"Singing Bowl","floor":38},{"not_picked":["Loneliness+1","HollowMod:CoiledNail"],"picked":"rmod:overbreakdown+1","floor":39},{"not_picked":["Doppelganger","beaked:TuckingFeathers+1","Havoc"],"picked":"Singing Bowl","floor":40}],"player_experience":801778,"relics_obtained":[{"floor":6,"key":"Whetstone"},{"floor":9,"key":"White Beast Statue"},{"floor":11,"key":"sagemod:Red_Beast_Statue"},{"floor":15,"key":"DemoMod:WhiteGuonStone"},{"floor":25,"key":"Singing Bowl"},{"floor":28,"key":"yuri:PortableGlitches"},{"floor":31,"key":"MealTicket"},{"floor":34,"key":"DemoMod:WeirdEgg"}],"event_choices":[{"damage_healed":0,"gold_gain":200,"player_choice":"Gold","damage_taken":0,"max_hp_gain":0,"max_hp_loss":0,"event_name":"Wheel of Change","floor":24,"gold_loss":0},{"damage_healed":0,"gold_gain":0,"player_choice":"Ignored","damage_taken":0,"max_hp_gain":0,"max_hp_loss":0,"event_name":"OrinTheCat","floor":41,"gold_loss":0}],"is_beta":false,"boss_relics":[{"not_picked":["Runic Dome","Snecko Eye"],"picked":"Abe\u0027s Treasure"},{"not_picked":["Philosopher\u0027s Stone","Replay:Bronze Core"],"picked":"Cursed Key"}],"items_purged_floors":[21],"is_endless":false,"potions_floor_spawned":[1,6,11,15,16,18,20,22,23,25,27,30,31,33,35,37,38,39,40],"killed_by":"Nemesis","ascension_level":7}}