{"host":"3jhxjeq8h3mqaq9s","time":1610857986,"event":{"mods":["BaseMod","Bestiary","Colored Map","Highlight Path","Minty Spire (QoL Compilation)","Rare Cards Sparkle","Relic Stats","StSLib","everything is the same but u backflip on backflip","slay the spire mod where everything is the same but ironclad has a cowboy hat"],"gold_per_floor":[211,113,131,79,94,127,137,137,437,465,476,496,513,529,529,629,629,639,639,639,395,495,515,544,558,584,602,633,633,643,658,658,760,760,770,770,770,789,808,837,837,837],"floor_reached":41,"language":"ENG","playtime":1913,"items_purged":["Defend_P","Strike_P+1"],"score":749,"play_id":"35c88fa3-99cf-4740-a85f-ba132b6e5a4a","local_time":"20210116233306","is_ascension_mode":true,"campfire_choices":[{"data":"Eruption","floor":8.0,"key":"SMITH"},{"data":"Vigilance","floor":15.0,"key":"SMITH"},{"floor":29.0,"key":"REST"},{"floor":32.0,"key":"RECALL"}],"circlet_count":0,"master_deck":["Strike_P+1","Strike_P+1","Strike_P+1","Defend_P+1","Defend_P+1","Defend_P+1","Eruption+1","Vigilance+1","ThirdEye","BowlingBash","Fasting2","LikeWater","LikeWater","Tantrum","Ragnarok","SashWhip","Conclude","Protect","BowlingBash","Scrawl","Wallop","FearNoEvil","Meditate","Perseverance","ThirdEye+1","CutThroughFate"],"relics":["PureWater","Pocketwatch","Old Coin","Incense Burner","Fusion Hammer","MutagenicStrength","Damaru","Sundial","Snecko Eye","Unceasing Top"],"acts_visited":["Exordium","TheCity","TheBeyond"],"potions_floor_usage":[],"damage_taken":[{"damage":0.0,"enemies":"Cultist","floor":1.0,"turns":2.0},{"damage":3.0,"enemies":"Jaw Worm","floor":3.0,"turns":5.0},{"damage":1.0,"enemies":"Small Slimes","floor":5.0,"turns":8.0},{"damage":22.0,"enemies":"Gremlin Nob","floor":6.0,"turns":4.0},{"damage":4.0,"enemies":"Red Slaver","floor":7.0,"turns":5.0},{"damage":0.0,"enemies":"3 Sentries","floor":10.0,"turns":6.0},{"damage":9.0,"enemies":"Exordium Thugs","floor":11.0,"turns":3.0},{"damage":0.0,"enemies":"2 Fungi Beasts","floor":12.0,"turns":3.0},{"damage":0.0,"enemies":"3 Louse","floor":13.0,"turns":1.0},{"damage":0.0,"enemies":"Large Slime","floor":14.0,"turns":2.0},{"damage":0.0,"enemies":"Slime Boss","floor":16.0,"turns":5.0},{"damage":0.0,"enemies":"3 Byrds","floor":18.0,"turns":3.0},{"damage":0.0,"enemies":"2 Thieves","floor":23.0,"turns":2.0},{"damage":0.0,"enemies":"Gremlin Leader","floor":24.0,"turns":2.0},{"damage":0.0,"enemies":"Centurion and Healer","floor":25.0,"turns":4.0},{"damage":0.0,"enemies":"Snecko","floor":27.0,"turns":3.0},{"damage":12.0,"enemies":"Slavers","floor":28.0,"turns":4.0},{"damage":3.0,"enemies":"Snake Plant","floor":30.0,"turns":4.0},{"damage":2.0,"enemies":"Cultist and Chosen","floor":31.0,"turns":4.0},{"damage":5.0,"enemies":"Champ","floor":33.0,"turns":10.0},{"damage":20.0,"enemies":"3 Darklings","floor":35.0,"turns":4.0},{"damage":5.0,"enemies":"3 Shapes","floor":38.0,"turns":5.0},{"damage":0.0,"enemies":"Sphere and 2 Shapes","floor":39.0,"turns":2.0},{"damage":11.0,"enemies":"Nemesis","floor":40.0,"turns":5.0},{"damage":35,"enemies":"Writhing Mass","floor":41,"turns":5}],"seed_played":"1725814050591670120","potions_obtained":[{"floor":1.0,"key":"SteroidPotion"},{"floor":3.0,"key":"ColorlessPotion"},{"floor":11.0,"key":"Ancient Potion"},{"floor":14.0,"key":"Block Potion"},{"floor":28.0,"key":"AttackPotion"},{"floor":30.0,"key":"Fire Potion"},{"floor":31.0,"key":"Weak Potion"},{"floor":38.0,"key":"SpeedPotion"},{"floor":40.0,"key":"Ancient Potion"}],"is_trial":false,"path_per_floor":["M","$","M","$","M","E","M","R","T","E","M","M","M","M","R","B",null,"M","?","?","$","?","M","E","M","T","M","E","R","M","M","R","B",null,"M","?","?","M","M","E","M"],"character_chosen":"WATCHER","items_purchased":["BowlingBash","Explosive Potion","FearNoEvil","LiquidMemories"],"campfire_rested":1,"item_purchase_floors":[2,4,21,21],"current_hp_per_floor":[72,72,69,69,68,46,42,42,42,42,33,33,33,33,33,33,62,62,62,62,62,62,62,62,62,62,62,50,71,68,66,66,61,69,49,49,49,44,44,33,0,0],"gold":837,"neow_bonus":"HUNDRED_GOLD","is_daily":false,"chose_seed":false,"campfire_upgraded":2,"win_rate":0.0,"timestamp":1610857986,"path_taken":["M","?","M","$","M","E","M","R","T","E","M","?","?","M","R","BOSS","M","?","?","$","?","?","E","M","T","M","E","R","M","M","R","BOSS","M","?","?","M","M","E","M"],"items_purchased_type":["Card","Potion","Card","Potion"],"build_version":"2020-12-22","purchased_purges":2,"victory":false,"max_hp_per_floor":[72,72,72,72,72,72,72,72,72,72,72,72,72,72,72,72,72,72,72,72,72,72,72,72,72,72,72,72,72,72,72,72,72,72,72,68,68,68,68,68,68,68],"relic_stats":{"counters":[25,101],"Sundial":[6],"Snecko Eye":[34,47,47,53],"obtain_stats":[{"Sundial":28,"MutagenicStrength":20,"Damaru":24,"Snecko Eye":34,"Fusion Hammer":17,"Incense Burner":10,"PureWater":0,"Unceasing Top":40,"Pocketwatch":6,"Old Coin":9},{"Sundial":17,"MutagenicStrength":12,"Damaru":14,"Snecko Eye":20,"Fusion Hammer":11,"Incense Burner":6,"PureWater":0,"Unceasing Top":24,"Pocketwatch":4,"Old Coin":5},{"Sundial":62,"MutagenicStrength":47,"Damaru":51,"Snecko Eye":80,"Fusion Hammer":44,"Incense Burner":30,"PureWater":0,"Unceasing Top":96,"Pocketwatch":19,"Old Coin":24}],"Unceasing Top":[0],"Pocketwatch":[104]},"card_choices":[{"not_picked":["LikeWater","Prostrate"],"picked":"ThirdEye","floor":1.0},{"not_picked":["ClearTheMind","Vengeance"],"picked":"Fasting2","floor":3.0},{"not_picked":["Prostrate","Consecrate"],"picked":"LikeWater","floor":5.0},{"not_picked":["PathToVictory","Sanctity"],"picked":"LikeWater","floor":6.0},{"not_picked":["PathToVictory","FlurryOfBlows"],"picked":"Tantrum","floor":7.0},{"not_picked":["PathToVictory","EmptyFist"],"picked":"Ragnarok","floor":10.0},{"not_picked":["WheelKick","Pray"],"picked":"SashWhip","floor":11.0},{"not_picked":["InnerPeace","Prostrate"],"picked":"Conclude","floor":12.0},{"not_picked":["Pray","Evaluate"],"picked":"Protect","floor":13.0},{"not_picked":["Consecrate","FollowUp"],"picked":"BowlingBash","floor":14.0},{"not_picked":["Devotion","MasterReality"],"picked":"Scrawl","floor":16.0},{"not_picked":["Crescendo","ThirdEye+1"],"picked":"Wallop","floor":18.0},{"not_picked":["Study","Consecrate+1","Collect"],"picked":"SKIP","floor":23.0},{"not_picked":["Perseverance","ForeignInfluence"],"picked":"Meditate","floor":24.0},{"not_picked":["DeceiveReality","EmptyFist","Halt"],"picked":"SKIP","floor":25.0},{"not_picked":["EmptyFist+1","SandsOfTime"],"picked":"Perseverance","floor":27.0},{"not_picked":["Study","ForeignInfluence"],"picked":"ThirdEye+1","floor":28.0},{"not_picked":["SignatureMove","FollowUp+1","Protect"],"picked":"SKIP","floor":30.0},{"not_picked":["Conclude","Protect","Ragnarok"],"picked":"SKIP","floor":31.0},{"not_picked":["FlurryOfBlows","EmptyFist+1"],"picked":"CutThroughFate","floor":35.0},{"not_picked":["Fasting2+1","BowlingBash","FollowUp"],"picked":"SKIP","floor":38.0},{"not_picked":["DeceiveReality","BowlingBash+1","CarveReality"],"picked":"SKIP","floor":39.0},{"not_picked":["Establishment","CrushJoints+1","Halt"],"picked":"SKIP","floor":40.0}],"player_experience":2459802,"relics_obtained":[{"floor":6.0,"key":"Pocketwatch"},{"floor":9.0,"key":"Old Coin"},{"floor":10.0,"key":"Incense Burner"},{"floor":24.0,"key":"Damaru"},{"floor":28.0,"key":"Sundial"},{"floor":40.0,"key":"Unceasing Top"}],"event_choices":[{"damage_healed":0.0,"max_hp_gain":0.0,"max_hp_loss":0.0,"gold_gain":0.0,"event_name":"Back to Basics","player_choice":"Simplicity","floor":19.0,"gold_loss":0.0,"damage_taken":0.0,"cards_upgraded":["Strike_P","Strike_P","Strike_P","Strike_P","Defend_P","Defend_P","Defend_P"]},{"damage_healed":0.0,"max_hp_gain":0.0,"max_hp_loss":0.0,"gold_gain":0.0,"event_name":"Drug Dealer","player_choice":"Inject Mutagens","floor":20.0,"gold_loss":0.0,"damage_taken":0.0,"relics_obtained":["MutagenicStrength"]},{"damage_healed":0.0,"max_hp_gain":0.0,"max_hp_loss":0.0,"gold_gain":100.0,"event_name":"Golden Shrine","player_choice":"Pray","floor":22.0,"gold_loss":0.0,"damage_taken":0.0},{"damage_healed":0.0,"max_hp_gain":0.0,"max_hp_loss":4.0,"gold_gain":0.0,"event_name":"Winding Halls","player_choice":"Max HP","floor":36.0,"gold_loss":0.0,"damage_taken":0.0},{"damage_healed":0.0,"max_hp_gain":0.0,"max_hp_loss":0.0,"gold_gain":0.0,"event_name":"Tomb of Lord Red Mask","player_choice":"Ignored","floor":37.0,"gold_loss":0.0,"damage_taken":0.0}],"is_beta":false,"boss_relics":[{"not_picked":["Pandora\u0027s Box","Coffee Dripper"],"picked":"Fusion Hammer"},{"not_picked":["Calling Bell","SacredBark"],"picked":"Snecko Eye"}],"items_purged_floors":[2,21],"is_endless":false,"potions_floor_spawned":[1,3,5,11,12,14,16,23,28,30,31,38,40],"killed_by":"Writhing Mass","ascension_level":5}}