{"host":"tl3n8idhzo2mohle","time":1610854720,"event":{"mods":["BaseMod","Colored Powertips","Downfall","Minty Spire (QoL Compilation)","StSLib"],"gold_per_floor":[99,112,122,122,139,49,49,66,66,80,98,127,127,140,157,252,252,52,66,83,102,87,97,97,327,227,253,253,97,97,97,115,217,217,217,232,232,252,252,265,265,265,291,40,40,40,40],"floor_reached":48,"language":"ZHS","playtime":2086,"items_purged":["champ:Defend","champ:Defend"],"score":1177,"play_id":"936a08e5-2fc2-4ade-a9d9-3fde6096b322","local_time":"20210117113840","is_ascension_mode":false,"campfire_choices":[{"floor":1.0,"key":"RECALL"},{"data":"champ:TornadoPunch","floor":9.0,"key":"SMITH"},{"data":"champ:PerfectedStrike","floor":18.0,"key":"SMITH"},{"data":"champ:TornadoPunch","floor":26.0,"key":"SMITH"},{"data":"champ:Defend","floor":30.0,"key":"PURGE"},{"data":"champ:Defend","floor":35.0,"key":"PURGE"},{"data":"expansioncontent:StudyTheSpire","floor":45,"key":"SMITH"}],"circlet_count":0,"master_deck":["champ:Strike","champ:Strike","champ:Strike","champ:Strike","champ:Execute","champ:TornadoPunch+1","champ:TornadoPunch","champ:Execute","champ:CrownThrow","champ:CrownThrow","champ:PerfectedStrike+1","champ:CheapShot","champ:TornadoPunch","champ:TornadoPunch+1","champ:CheapShot","Slimebound:CheckThePlaybook","champ:TornadoPunch","champ:CrownThrow","champ:PerfectedStrike","expansioncontent:StudyTheSpire+1"],"relics":["champ:ChampionCrown","Meat on the Bone","Empty Cage","downfall:HeartBlessingRed","downfall:HeartBlessingGreen","Bottled Flame","downfall:HeartBlessingBlue","Peace Pipe","HandDrill","SacredBark","downfall:TeleportStone","Bottled Lightning"],"acts_visited":["Exordium","TheCity","TheBeyond","TheEnding"],"potions_floor_usage":[46],"damage_taken":[{"damage":21.0,"enemies":"Jaw Worm","floor":2.0,"turns":5.0},{"damage":11.0,"enemies":"Cultist","floor":3.0,"turns":3.0},{"damage":7.0,"enemies":"2 Louse","floor":5.0,"turns":3.0},{"damage":40.0,"enemies":"downfall:FleeingMerchant","floor":6.0,"turns":6.0},{"damage":29.0,"enemies":"Gremlin Gang","floor":8.0,"turns":4.0},{"damage":23.0,"enemies":"Red Slaver","floor":10.0,"turns":4.0},{"damage":19.0,"enemies":"2 Fungi Beasts","floor":11.0,"turns":4.0},{"damage":20.0,"enemies":"Gremlin Nob","floor":12.0,"turns":4.0},{"damage":10.0,"enemies":"Blue Slaver","floor":14.0,"turns":4.0},{"damage":20.0,"enemies":"Large Slime","floor":15.0,"turns":4.0},{"damage":37.0,"enemies":"WA_ARCHETYPE_RETAIN","floor":16.0,"turns":6.0},{"damage":20.0,"enemies":"3 Byrds","floor":19.0,"turns":4.0},{"damage":14.0,"enemies":"Chosen","floor":20.0,"turns":5.0},{"damage":10.0,"enemies":"Centurion and Healer","floor":21.0,"turns":5.0},{"damage":40.0,"enemies":"downfall:FleeingMerchant","floor":22.0,"turns":7.0},{"damage":52.0,"enemies":"Snake Plant","floor":23.0,"turns":5.0},{"damage":10.0,"enemies":"downfall:FleeingMerchant","floor":25.0,"turns":3.0},{"damage":42.0,"enemies":"Gremlin Leader","floor":27.0,"turns":5.0},{"damage":12.0,"enemies":"Shelled Parasite and Fungi","floor":32.0,"turns":3.0},{"damage":61.0,"enemies":"SI_MIRROR_ARCHETYPE","floor":33.0,"turns":6.0},{"damage":32.0,"enemies":"3 Darklings","floor":36.0,"turns":4.0},{"damage":20.0,"enemies":"Orb Walker","floor":38.0,"turns":4.0},{"damage":28.0,"enemies":"4 Shapes","floor":40.0,"turns":4.0},{"damage":78.0,"enemies":"DF_ARCHETYPE_ORBS","floor":41.0,"turns":5.0},{"damage":125,"enemies":"downfall:CharBossMerchant","floor":43,"turns":8},{"damage":191,"enemies":"downfall:NeowBoss","floor":46,"turns":11},{"damage":192,"enemies":"downfall:NeowBossFinal","floor":47,"turns":10}],"seed_played":"5847995719395628559","potions_obtained":[{"floor":2.0,"key":"Dexterity Potion"},{"floor":8.0,"key":"champ:OpenerPotion"},{"floor":14.0,"key":"Fire Potion"},{"floor":16.0,"key":"CultistPotion"},{"floor":40.0,"key":"champ:CounterPotion"}],"is_trial":false,"path_per_floor":["R","M","M","?","M","$","T","M","R","M","M","E","?","M","M","B",null,"R","M","M","M","$","M","T","$","R","E","?","$","R","?","M","B",null,"R","M","?","M","?","M","B",null,"E","$","R","B","B",null],"character_chosen":"THE_CHAMP","items_purchased":["HandDrill","expansioncontent:StudyTheSpire","DistilledChaos"],"campfire_rested":0,"item_purchase_floors":[29,44,44],"current_hp_per_floor":[99,99,99,99,99,99,99,99,99,99,99,99,99,99,99,99,99,99,99,99,99,99,99,99,99,109,109,114,114,114,114,114,114,114,114,114,114,114,114,114,114,114,114,114,114,114,114],"gold":40,"neow_bonus":"TEN_PERCENT_HP_BONUS","is_daily":false,"chose_seed":false,"campfire_upgraded":4,"win_rate":0.0,"timestamp":1610854720,"path_taken":["R","M","M","?","M","$","T","M","R","?","M","E","?","M","M","BOSS","R","M","?","M","$","M","T","?","R","E","?","$","R","?","M","BOSS","R","M","?","M","?","M","BOSS","E","$","R","BOSS","BOSS"],"items_purchased_type":["Relic","Card","Potion"],"build_version":"2020-12-22","purchased_purges":2,"victory":true,"max_hp_per_floor":[99,99,99,99,99,99,99,99,99,99,99,99,99,99,99,99,99,99,99,99,99,99,99,99,99,109,109,114,114,114,114,114,114,114,114,114,114,114,114,114,114,114,114,114,114,114,114],"card_choices":[{"not_picked":["champ:FocusedDefense","champ:FlashCut"],"picked":"champ:TornadoPunch","floor":2.0},{"not_picked":["champ:BladeFlurry","champ:FancyFootwork"],"picked":"champ:TornadoPunch","floor":3.0},{"not_picked":["champ:RisingSlash","champ:CalledShot"],"picked":"champ:MurderStrike","floor":5.0},{"not_picked":["champ:GutPunch","champ:BerserkersShout"],"picked":"champ:CrownThrow","floor":6.0},{"not_picked":["champ:BringItOn","champ:RapidStrikes"],"picked":"champ:CrownThrow","floor":8.0},{"not_picked":["champ:Parry","champ:BringItOn","champ:IronFortress"],"picked":"SKIP","floor":10.0},{"not_picked":["champ:EnGarde","champ:FaceSlap"],"picked":"champ:PerfectedStrike","floor":11.0},{"not_picked":["champ:SkillfulDodge","champ:HeavySlash"],"picked":"champ:CheapShot","floor":12.0},{"not_picked":["champ:PreemptiveStrike","champ:Endure"],"picked":"champ:TornadoPunch","floor":14.0},{"not_picked":["champ:Haymaker","champ:GutPunch","champ:BerserkersShout"],"picked":"SKIP","floor":15.0},{"not_picked":["champ:StanceDance","champ:PreciseThrust","champ:EnGarde"],"picked":"SKIP","floor":19.0},{"not_picked":["champ:Parry","champ:Backstep","champ:EnGarde"],"picked":"SKIP","floor":20.0},{"not_picked":["champ:FocusedBerserking+1","champ:Parry"],"picked":"champ:TornadoPunch","floor":21.0},{"not_picked":["champ:HeartStrike","champ:GutPunch","champ:DefensiveShout"],"picked":"SKIP","floor":22.0},{"not_picked":["champ:BringItOn","champ:FlashCut","champ:DefensiveShout"],"picked":"SKIP","floor":23.0},{"not_picked":["champ:BerserkersShout+1","champ:PreemptiveStrike"],"picked":"champ:CheapShot","floor":25.0},{"not_picked":["champ:EndlessRage","champ:BladeFlurry","champ:BringItOn+1"],"picked":"SKIP","floor":27.0},{"not_picked":["champ:Shatter+1","champ:EnragedBash","champ:Endure"],"picked":"SKIP","floor":32.0},{"not_picked":["champ:Shatter+1","champ:DefensiveShout"],"picked":"champ:TornadoPunch","floor":36.0},{"not_picked":["champ:BerserkersShout","champ:EnGarde+1"],"picked":"champ:CrownThrow","floor":38.0},{"not_picked":["champ:FlashCut+1","champ:FocusedDefense+1","champ:DefensiveShout"],"picked":"SKIP","floor":40.0},{"not_picked":["champ:BringItOn+1","champ:Encircle+1"],"picked":"champ:PerfectedStrike","floor":43}],"player_experience":40753,"relics_obtained":[{"floor":12.0,"key":"Meat on the Bone"},{"floor":24.0,"key":"Bottled Flame"},{"floor":27.0,"key":"Peace Pipe"},{"floor":43,"key":"Bottled Lightning"}],"event_choices":[],"is_beta":false,"boss_relics":[{"not_picked":["Calling Bell","Cursed Key"],"picked":"Empty Cage"},{"not_picked":["Coffee Dripper","Velvet Choker"],"picked":"SacredBark"}],"items_purged_floors":[6,25],"is_endless":false,"potions_floor_spawned":[2,8,14,16,19,23,27,33,40],"ascension_level":0}}