{"host":"y3h3n3f7seyagppx","time":1610860511,"event":{"mods":["AlwaysNeverKeys","BaseMod","Better Vampires","Colored Powertips","DeckTracker","Emptier Cage","Minty Spire (QoL Compilation)","Permanent Neow","Quick Restart","Rare Cards Sparkle","Relic Sorter","Relic Stats","StSLib","Transform Curses"],"gold_per_floor":[117,132,143,156,168,168,202,167,167,201,221,246,246,274,274,348,348,360,386,397,422,435,469,469,484,561,596,613,641,655,674,674,747,747,763,440,740,750,482,516,516,546,598,632,646,676,705,453,453,453,453,453,453,117,148,148],"floor_reached":57,"language":"ENG","playtime":10828,"items_purged":["Masterful Stab+1","Dagger Spray+1"],"score":3199,"play_id":"7973c443-0868-4f43-a891-089779693d7f","local_time":"20210117001511","is_ascension_mode":true,"campfire_choices":[{"data":"Wraith Form v2","floor":6.0,"key":"SMITH"},{"data":"Deadly Poison","floor":13.0,"key":"SMITH"},{"data":"Masterful Stab","floor":15.0,"key":"SMITH"},{"data":"Footwork","floor":24,"key":"SMITH"},{"data":"Neutralize","floor":32,"key":"SMITH"},{"data":"Catalyst","floor":41,"key":"SMITH"},{"data":"Night Terror","floor":49,"key":"SMITH"},{"data":"Catalyst","floor":53,"key":"SMITH"}],"circlet_count":0,"master_deck":["AscendersBane","Survivor","Neutralize+1","Leg Sweep","Wraith Form v2+1","Deadly Poison+1","Terror","Backflip","Dagger Throw+1","Venomology","Skewer+1","Die Die Die+1","Footwork+1","Poisoned Stab+1","PiercingWail+1","Escape Plan+1","Footwork","After Image","Catalyst+1","Noxious Fumes","Dark Shackles","Blur+1","Night Terror+1","Calculated Gamble+1","After Image","Catalyst+1","Deadly Poison+1","PiercingWail+1"],"relics":["Velvet Choker","Tiny Chest","Molten Egg 2","Shuriken","Odd Mushroom","Bottled Lightning","Strawberry","Runic Pyramid","Red Mask","Bag of Marbles","Unceasing Top","Pantograph","Snake Skull","Happy Flower","Pandora\u0027s Box","Toolbox","Chemical X","StrikeDummy","Bronze Scales","Lantern","Dream Catcher","MawBank","Orrery","Vajra","Lee\u0027s Waffle","Mercury Hourglass"],"acts_visited":["Exordium","TheCity","TheBeyond","TheEnding"],"potions_floor_usage":[19,20,22,23,25,27,27,30,33,35,35,38,56,56],"damage_taken":[{"damage":0.0,"enemies":"2 Louse","floor":1.0,"turns":3.0},{"damage":2.0,"enemies":"Jaw Worm","floor":2.0,"turns":4.0},{"damage":0.0,"enemies":"Small Slimes","floor":3.0,"turns":3.0},{"damage":9.0,"enemies":"Red Slaver","floor":4.0,"turns":4.0},{"damage":0.0,"enemies":"Looter","floor":5.0,"turns":2.0},{"damage":1.0,"enemies":"Gremlin Nob","floor":7.0,"turns":4.0},{"damage":1.0,"enemies":"Lagavulin","floor":10.0,"turns":7.0},{"damage":9.0,"enemies":"The Mushroom Lair","floor":11.0,"turns":5.0},{"damage":0.0,"enemies":"Gremlin Nob","floor":12.0,"turns":4.0},{"damage":2.0,"enemies":"Lagavulin","floor":14.0,"turns":5.0},{"damage":19.0,"enemies":"The Guardian","floor":16.0,"turns":9.0},{"damage":11.0,"enemies":"3 Byrds","floor":18.0,"turns":7.0},{"damage":0,"enemies":"Masked Bandits","floor":19,"turns":2},{"damage":2,"enemies":"Shell Parasite","floor":20,"turns":4},{"damage":0,"enemies":"Cultist and Chosen","floor":22,"turns":5},{"damage":3,"enemies":"Book of Stabbing","floor":23,"turns":6},{"damage":2,"enemies":"Centurion and Healer","floor":25,"turns":6},{"damage":27,"enemies":"Slavers","floor":27,"turns":8},{"damage":2,"enemies":"Sentry and Sphere","floor":28,"turns":5},{"damage":0,"enemies":"Gremlin Leader","floor":29,"turns":5},{"damage":3,"enemies":"Shelled Parasite and Fungi","floor":30,"turns":5},{"damage":0,"enemies":"Snecko","floor":31,"turns":3},{"damage":17,"enemies":"Collector","floor":33,"turns":10},{"damage":4,"enemies":"3 Darklings","floor":35,"turns":5},{"damage":0,"enemies":"3 Shapes","floor":38,"turns":5},{"damage":0,"enemies":"Reptomancer","floor":40,"turns":5},{"damage":0,"enemies":"Nemesis","floor":42,"turns":5},{"damage":6,"enemies":"Reptomancer","floor":44,"turns":6},{"damage":0,"enemies":"Writhing Mass","floor":45,"turns":4},{"damage":0,"enemies":"Nemesis","floor":46,"turns":5},{"damage":0,"enemies":"4 Shapes","floor":47,"turns":6},{"damage":5,"enemies":"Time Eater","floor":50,"turns":6},{"damage":26,"enemies":"Awakened One","floor":51,"turns":18},{"damage":3,"enemies":"Shield and Spear","floor":55,"turns":5},{"damage":7,"enemies":"The Heart","floor":56,"turns":9}],"seed_played":"-3576801281212504138","potions_obtained":[{"floor":1.0,"key":"PowerPotion"},{"floor":3.0,"key":"Poison Potion"},{"floor":5.0,"key":"Poison Potion"},{"floor":7.0,"key":"AttackPotion"},{"floor":10.0,"key":"ColorlessPotion"},{"floor":20,"key":"FearPotion"},{"floor":25,"key":"SteroidPotion"},{"floor":33,"key":"ColorlessPotion"},{"floor":38,"key":"SpeedPotion"},{"floor":40,"key":"GamblersBrew"},{"floor":47,"key":"GhostInAJar"}],"is_trial":false,"path_per_floor":["M","M","M","M","M","R","E","?","T","E","?","E","R","E","R","B",null,"M","?","M","T","M","E","R","M","T","E","M","E","M","M","R","B",null,"M","$","?","M","$","E","R","E","T","E","M","E","M","$","R","B","B",null,"R","$","E","B",null],"character_chosen":"THE_SILENT","items_purchased":["Toolbox","Noxious Fumes","Dark Shackles","Chemical X","Orrery","Vajra","Lee\u0027s Waffle"],"campfire_rested":0,"item_purchase_floors":[36,36,39,39,48,54,54],"current_hp_per_floor":[59,57,57,48,48,48,47,63,63,62,53,53,53,58,58,39,65,54,54,52,52,52,49,49,47,47,20,18,18,15,15,15,23,61,57,57,57,57,57,57,57,57,57,51,51,51,51,51,51,68,47,67,67,80,77,73],"gold":148,"neow_bonus":"BOSS_RELIC","is_daily":false,"chose_seed":false,"campfire_upgraded":8,"win_rate":0.0,"timestamp":1610860511,"path_taken":["M","M","M","M","M","R","E","?","T","E","?","E","R","E","R","BOSS","M","?","M","?","M","E","R","M","T","E","M","E","?","M","R","BOSS","M","$","?","M","?","E","R","E","T","E","M","E","M","$","R","BOSS","BOSS","R","$","E","BOSS"],"items_purchased_type":["Relic","Card","Card","Relic","Relic","Relic","Relic"],"build_version":"2020-12-22","purchased_purges":2,"victory":true,"max_hp_per_floor":[66,66,66,66,66,66,66,66,66,66,66,66,66,73,73,73,73,73,73,73,73,73,73,73,73,73,73,73,73,73,73,73,73,73,73,73,73,73,73,73,73,73,73,73,73,73,73,73,73,73,73,73,73,80,80,80],"relic_stats":{"Lee\u0027s Waffle":13,"Happy Flower":[32],"counters":[35,195],"Snake Skull":[121],"MawBank":24,"Mercury Hourglass":[27],"Dream Catcher":0,"Shuriken":[24],"Pantograph":55,"Bronze Scales":[328],"Tiny Chest":1,"Pandora\u0027s Box":["Dagger Spray","Catalyst","Infinite Blades","Backstab","Doppelganger","Tactician","Setup","PiercingWail","Masterful Stab","Skewer"],"Chemical X":[15],"obtain_stats":[{"Lantern":43,"Vajra":54,"Snake Skull":27,"Dream Catcher":44,"Strawberry":14,"Pantograph":26,"Toolbox":36,"Tiny Chest":7,"Red Mask":19,"Chemical X":39,"Ring of the Snake":0,"Runic Pyramid":17,"Lee\u0027s Waffle":54,"Happy Flower":29,"Velvet Choker":0,"Odd Mushroom":11,"MawBank":46,"Mercury Hourglass":55,"Shuriken":10,"Bronze Scales":42,"Orrery":48,"Molten Egg 2":9,"Pandora\u0027s Box":34,"Bag of Marbles":21,"Bottled Lightning":12,"StrikeDummy":40,"Unceasing Top":23},{"Lantern":27,"Vajra":33,"Snake Skull":18,"Dream Catcher":28,"Strawberry":10,"Pantograph":17,"Toolbox":24,"Tiny Chest":6,"Red Mask":13,"Chemical X":25,"Ring of the Snake":0,"Runic Pyramid":11,"Lee\u0027s Waffle":33,"Happy Flower":20,"Velvet Choker":0,"Odd Mushroom":8,"MawBank":30,"Mercury Hourglass":34,"Shuriken":7,"Bronze Scales":27,"Orrery":31,"Molten Egg 2":6,"Pandora\u0027s Box":23,"Bag of Marbles":14,"Bottled Lightning":9,"StrikeDummy":26,"Unceasing Top":16},{"Lantern":136,"Vajra":181,"Snake Skull":88,"Dream Catcher":142,"Strawberry":41,"Pantograph":80,"Toolbox":121,"Tiny Chest":20,"Red Mask":59,"Chemical X":126,"Ring of the Snake":0,"Runic Pyramid":50,"Lee\u0027s Waffle":181,"Happy Flower":98,"Velvet Choker":0,"Odd Mushroom":32,"MawBank":151,"Mercury Hourglass":186,"Shuriken":27,"Bronze Scales":136,"Orrery":157,"Molten Egg 2":20,"Pandora\u0027s Box":116,"Bag of Marbles":63,"Bottled Lightning":36,"StrikeDummy":131,"Unceasing Top":74}],"Unceasing Top":[0]},"card_choices":[{"not_picked":["Blade Dance","Deflect"],"picked":"Masterful Stab","floor":1.0},{"not_picked":["Backflip","Bane"],"picked":"Leg Sweep","floor":2.0},{"not_picked":["Backflip","Noxious Fumes"],"picked":"Wraith Form v2","floor":3.0},{"not_picked":["Endless Agony","Deflect"],"picked":"Deadly Poison","floor":4.0},{"not_picked":["Dagger Spray","Sucker Punch"],"picked":"Terror","floor":5.0},{"not_picked":["Choke","Outmaneuver","Endless Agony"],"picked":"SKIP","floor":7.0},{"not_picked":["Acrobatics","Tactician"],"picked":"Backflip","floor":10.0},{"not_picked":["Riddle With Holes+1","Calculated Gamble"],"picked":"Dagger Throw+1","floor":11.0},{"not_picked":["Accuracy","Infinite Blades"],"picked":"Venomology","floor":12.0},{"not_picked":["Dodge and Roll","Concentrate"],"picked":"Skewer+1","floor":14.0},{"not_picked":["Tools of the Trade","Bullet Time"],"picked":"Die Die Die+1","floor":16.0},{"not_picked":["Blur","Blade Dance"],"picked":"Footwork","floor":18},{"not_picked":["Prepared","Well Laid Plans"],"picked":"Poisoned Stab+1","floor":19},{"not_picked":["Accuracy","Dodge and Roll","Prepared"],"picked":"SKIP","floor":20},{"not_picked":["Tactician","Riddle With Holes+1","Backflip"],"picked":"SKIP","floor":22},{"not_picked":["Blade Dance","Backflip+1"],"picked":"PiercingWail+1","floor":23},{"not_picked":["PiercingWail","Dagger Throw+1","Endless Agony+1"],"picked":"SKIP","floor":25},{"not_picked":["PiercingWail","Dagger Throw+1","Endless Agony+1"],"picked":"SKIP","floor":25},{"not_picked":["Deadly Poison","Tactician"],"picked":"Dagger Spray+1","floor":27},{"not_picked":["Deadly Poison","Outmaneuver","Phantasmal Killer"],"picked":"SKIP","floor":28},{"not_picked":["Deadly Poison","Outmaneuver","Phantasmal Killer"],"picked":"SKIP","floor":28},{"not_picked":["Deadly Poison","Outmaneuver","Phantasmal Killer"],"picked":"SKIP","floor":28},{"not_picked":["Caltrops","Bane+1","Backstab+1"],"picked":"SKIP","floor":29},{"not_picked":["Caltrops","Bane+1","Backstab+1"],"picked":"SKIP","floor":29},{"not_picked":["Expertise","Underhanded Strike+1"],"picked":"Escape Plan+1","floor":30},{"not_picked":["Quick Slash+1","Backflip"],"picked":"Footwork","floor":31},{"not_picked":["Venomology","Unload+1"],"picked":"After Image","floor":33},{"not_picked":["Infinite Blades","Acrobatics"],"picked":"Catalyst","floor":35},{"not_picked":["Deflect","Terror","Choke+1"],"picked":"SKIP","floor":38},{"not_picked":["Deflect","Terror","Choke+1"],"picked":"SKIP","floor":38},{"not_picked":["Venomology","Quick Slash+1"],"picked":"Blur+1","floor":40},{"not_picked":["Prepared+1","Deadly Poison"],"picked":"Night Terror","floor":42},{"not_picked":["Deadly Poison","Dodge and Roll"],"picked":"Calculated Gamble+1","floor":44},{"not_picked":["Dagger Throw+1","Slice+1","Riddle With Holes+1"],"picked":"SKIP","floor":45},{"not_picked":["Calculated Gamble","Underhanded Strike+1","Dagger Spray+1"],"picked":"SKIP","floor":46},{"not_picked":["Calculated Gamble","Underhanded Strike+1","Dagger Spray+1"],"picked":"SKIP","floor":46},{"not_picked":["Caltrops+1","Backflip","Prepared"],"picked":"SKIP","floor":47},{"not_picked":["Slice+1","Infinite Blades"],"picked":"After Image","floor":48},{"not_picked":["Cloak And Dagger","Deflect"],"picked":"Catalyst","floor":48},{"not_picked":["Dash+1","Blade Dance"],"picked":"Deadly Poison+1","floor":48},{"not_picked":["Noxious Fumes","Prepared+1"],"picked":"PiercingWail+1","floor":48},{"not_picked":["Dagger Spray+1","Well Laid Plans","Infinite Blades"],"picked":"SKIP","floor":55}],"player_experience":21138232,"relics_obtained":[{"floor":7.0,"key":"Tiny Chest"},{"floor":9.0,"key":"Molten Egg 2"},{"floor":10.0,"key":"Shuriken"},{"floor":11.0,"key":"Odd Mushroom"},{"floor":12.0,"key":"Bottled Lightning"},{"floor":14.0,"key":"Strawberry"},{"floor":19,"key":"Red Mask"},{"floor":21,"key":"Bag of Marbles"},{"floor":23,"key":"Unceasing Top"},{"floor":26,"key":"Pantograph"},{"floor":27,"key":"Snake Skull"},{"floor":29,"key":"Happy Flower"},{"floor":40,"key":"StrikeDummy"},{"floor":42,"key":"Bronze Scales"},{"floor":43,"key":"Lantern"},{"floor":44,"key":"Dream Catcher"},{"floor":46,"key":"MawBank"},{"floor":55,"key":"Mercury Hourglass"}],"event_choices":[{"damage_healed":16.0,"max_hp_gain":0.0,"max_hp_loss":0.0,"gold_gain":0.0,"event_name":"The Cleric","player_choice":"Healed","floor":8.0,"gold_loss":35.0,"damage_taken":0.0},{"damage_healed":0.0,"max_hp_gain":0.0,"max_hp_loss":0.0,"gold_gain":0.0,"event_name":"Mushrooms","player_choice":"Fought Mushrooms","floor":11.0,"gold_loss":0.0,"damage_taken":0.0},{"damage_healed":0,"gold_gain":0,"player_choice":"Fought Bandits","damage_taken":0,"max_hp_gain":0,"max_hp_loss":0,"event_name":"Masked Bandits","floor":19,"gold_loss":0},{"damage_healed":0,"gold_gain":300,"player_choice":"Gold","damage_taken":0,"max_hp_gain":0,"max_hp_loss":0,"event_name":"Wheel of Change","floor":37,"gold_loss":0}],"is_beta":false,"boss_relics":[{"not_picked":["Sozu","Tiny House"],"picked":"Runic Pyramid"},{"not_picked":["WristBlade","Philosopher\u0027s Stone"],"picked":"Pandora\u0027s Box"}],"items_purged_floors":[36,48],"is_endless":false,"potions_floor_spawned":[1,3,5,7,10,18,20,23,25,28,29,33,38,40,46,47,55],"ascension_level":20}}