{"host":"c3lc60y5x60jlt1y","time":1610894205,"event":{"mods":["AchievementEnabler","BaseMod","Bestiary","Colored Map","Minty Spire (QoL Compilation)","Quick Restart","StSLib","ojb\u0027s Info Mod"],"gold_per_floor":[14,32,32,32,112,155,170,204,229,254,254,254],"floor_reached":11,"language":"ENG","playtime":709,"items_purged":[],"score":125,"play_id":"2619237d-cde6-4c9f-bb6c-8b57fcbaa79c","local_time":"20210117163645","is_ascension_mode":true,"campfire_choices":[],"circlet_count":0,"master_deck":["AscendersBane","Strike_B","Strike_B","Strike_B","Strike_B","Defend_B","Defend_B","Defend_B","Defend_B","Zap","Dualcast","Hologram","Loop","Chill","Sweeping Beam","FTL","Sunder"],"relics":["Cracked Core","Mango","Golden Idol","Bottled Lightning","Anchor","Orichalcum","Regal Pillow"],"acts_visited":["Exordium"],"potions_floor_usage":[8,11],"damage_taken":[{"damage":3,"enemies":"Jaw Worm","floor":1,"turns":4},{"damage":2,"enemies":"2 Louse","floor":2,"turns":3},{"damage":50,"enemies":"Gremlin Nob","floor":6,"turns":5},{"damage":0,"enemies":"Small Slimes","floor":7,"turns":3},{"damage":28,"enemies":"Lagavulin","floor":8,"turns":10},{"damage":2,"enemies":"3 Louse","floor":10,"turns":3},{"damage":5,"enemies":"3 Sentries","floor":11,"turns":2}],"seed_played":"541188976938345369","potions_obtained":[{"floor":7,"key":"SkillPotion"},{"floor":8,"key":"Weak Potion"},{"floor":10,"key":"EssenceOfSteel"}],"is_trial":false,"path_per_floor":["M","M","?","?","T","E","M","E","T","M","E"],"character_chosen":"DEFECT","items_purchased":[],"campfire_rested":0,"item_purchase_floors":[],"current_hp_per_floor":[79,77,77,82,82,32,32,4,4,2,0,0],"gold":254,"neow_bonus":"ONE_RARE_RELIC","is_daily":false,"chose_seed":false,"campfire_upgraded":0,"win_rate":0.0,"timestamp":1610894205,"path_taken":["M","M","?","?","?","E","M","E","T","M","E"],"items_purchased_type":[],"build_version":"2020-12-22","purchased_purges":0,"victory":false,"max_hp_per_floor":[89,89,82,87,87,87,87,87,87,87,87,87],"card_choices":[{"not_picked":["Sweeping Beam","Beam Cell"],"picked":"Hologram","floor":1},{"not_picked":["Ball Lightning","Chaos"],"picked":"Loop","floor":2},{"not_picked":["Cold Snap","Skim"],"picked":"Chill","floor":6},{"not_picked":["Hologram","Stack"],"picked":"Sweeping Beam","floor":7},{"not_picked":["Stack","Consume"],"picked":"FTL","floor":8},{"not_picked":["Darkness","BootSequence"],"picked":"Sunder","floor":10}],"player_experience":8145038,"relics_obtained":[{"floor":5,"key":"Bottled Lightning"},{"floor":6,"key":"Anchor"},{"floor":8,"key":"Orichalcum"},{"floor":9,"key":"Regal Pillow"}],"event_choices":[{"damage_healed":0,"gold_gain":0,"player_choice":"Lose Max HP","damage_taken":0,"relics_obtained":["Golden Idol"],"max_hp_gain":0,"max_hp_loss":7,"event_name":"Golden Idol","floor":3,"gold_loss":0},{"damage_healed":0,"gold_gain":0,"player_choice":"Donut","damage_taken":0,"max_hp_gain":5,"max_hp_loss":0,"event_name":"Big Fish","floor":4,"gold_loss":0}],"is_beta":false,"boss_relics":[],"items_purged_floors":[],"is_endless":false,"potions_floor_spawned":[7,8,10],"killed_by":"3 Sentries","ascension_level":10}}