{"host":"g8ufh7m4frdlkxwv","time":1610903064,"event":{"mods":["AchievementEnabler","BaseMod","Colored Map","Dark Map","Minty Spire (QoL Compilation)","Relic Stats","StSLib","ojb\u0027s Info Mod"],"gold_per_floor":[115,132,132,144,159,191,191,210,210,210,250,332,370,394,394,487,487,507,528,528,528,528,528,569,590,590,590,590],"floor_reached":27,"language":"ENG","playtime":1535,"items_purged":[],"score":506,"play_id":"60c5063c-3650-4623-85e4-41bd85283bbe","local_time":"20210117180424","is_ascension_mode":true,"campfire_choices":[{"data":"Crippling Poison","floor":7,"key":"SMITH"},{"data":"Storm of Steel","floor":15,"key":"SMITH"},{"data":"Ghostly","floor":23,"key":"SMITH"}],"circlet_count":0,"master_deck":["AscendersBane","Strike_G","Strike_G","Defend_G","Defend_G","Defend_G","Defend_G","Survivor","Neutralize","Adrenaline","Slice","Dagger Spray","Deadly Poison","Dagger Throw","Crippling Poison+1","Terror","Deflect","Storm of Steel+1","Reflex","Corpse Explosion","Ghostly+1","Ghostly","Ghostly","All Out Attack","Deflect","Footwork","Catalyst"],"relics":["Ring of the Snake","Pen Nib","White Beast Statue","Golden Idol","Juzu Bracelet","The Courier","HoveringKite","Nloth\u0027s Gift","Ancient Tea Set","Torii"],"acts_visited":["Exordium","TheCity"],"potions_floor_usage":[6,11,13,16,18,19,24,27,27],"damage_taken":[{"damage":1,"enemies":"Jaw Worm","floor":1,"turns":4},{"damage":0,"enemies":"Small Slimes","floor":2,"turns":2},{"damage":4,"enemies":"2 Louse","floor":4,"turns":2},{"damage":6,"enemies":"Lots of Slimes","floor":5,"turns":3},{"damage":12,"enemies":"Lagavulin","floor":6,"turns":6},{"damage":0,"enemies":"2 Fungi Beasts","floor":8,"turns":2},{"damage":7,"enemies":"3 Sentries","floor":11,"turns":7},{"damage":10,"enemies":"Lagavulin","floor":13,"turns":6},{"damage":4,"enemies":"Looter","floor":14,"turns":3},{"damage":13,"enemies":"Hexaghost","floor":16,"turns":8},{"damage":0,"enemies":"Chosen","floor":18,"turns":3},{"damage":0,"enemies":"Spheric Guardian","floor":19,"turns":3},{"damage":21,"enemies":"Book of Stabbing","floor":24,"turns":6},{"damage":3,"enemies":"Snake Plant","floor":25,"turns":4},{"damage":9,"enemies":"Gremlin Leader","floor":27,"turns":5}],"seed_played":"-4270862044831975847","potions_obtained":[{"floor":2,"key":"Energy Potion"},{"floor":5,"key":"ColorlessPotion"},{"floor":6,"key":"DuplicationPotion"},{"floor":11,"key":"AttackPotion"},{"floor":13,"key":"SmokeBomb"},{"floor":14,"key":"DistilledChaos"},{"floor":16,"key":"Swift Potion"},{"floor":18,"key":"EssenceOfSteel"},{"floor":19,"key":"GhostInAJar"},{"floor":24,"key":"Dexterity Potion"},{"floor":25,"key":"Fire Potion"}],"is_trial":false,"path_per_floor":["M","M","?","M","M","E","R","M","T","?","E","T","E","M","R","B",null,"M","M","?","?","?","R","E","M","T","E"],"character_chosen":"THE_SILENT","items_purchased":[],"campfire_rested":0,"item_purchase_floors":[],"current_hp_per_floor":[58,58,58,54,48,36,36,36,36,36,29,29,19,15,15,2,41,41,41,41,27,27,27,6,3,3,0,0],"gold":590,"neow_bonus":"TRANSFORM_TWO_CARDS","is_daily":false,"chose_seed":false,"campfire_upgraded":3,"win_rate":0.0,"timestamp":1610903064,"path_taken":["M","M","?","M","M","E","R","M","T","?","E","?","E","M","R","BOSS","M","M","?","?","?","R","E","M","T","E"],"items_purchased_type":[],"build_version":"2020-12-22","purchased_purges":0,"victory":false,"max_hp_per_floor":[60,60,60,60,60,60,60,60,60,54,54,54,54,54,54,54,54,54,54,54,27,27,27,27,27,27,27,27],"relic_stats":{"Torii":0,"counters":[15,64],"Golden Idol":60,"HoveringKite":[12],"Pen Nib":[9],"Juzu Bracelet":1,"Nloth\u0027s Gift":2,"obtain_stats":[{"Matryoshka":13,"Torii":26,"Golden Idol":10,"HoveringKite":17,"Pen Nib":6,"The Courier":12,"Juzu Bracelet":11,"Nloth\u0027s Gift":20,"Ancient Tea Set":24,"White Beast Statue":9,"Ring of the Snake":0},{"Matryoshka":8,"Torii":14,"Golden Idol":6,"HoveringKite":10,"Pen Nib":5,"The Courier":7,"Juzu Bracelet":7,"Nloth\u0027s Gift":12,"Ancient Tea Set":13,"White Beast Statue":6,"Ring of the Snake":0},{"Matryoshka":32,"Torii":59,"Golden Idol":19,"HoveringKite":43,"Pen Nib":17,"The Courier":26,"Juzu Bracelet":26,"Nloth\u0027s Gift":49,"Ancient Tea Set":55,"White Beast Statue":19,"Ring of the Snake":0}],"Ring of the Snake":[30]},"card_choices":[{"not_picked":["Choke","Dodge and Roll"],"picked":"Dagger Spray","floor":1},{"not_picked":["Underhanded Strike","Deflect"],"picked":"Deadly Poison","floor":2},{"not_picked":["Dagger Spray","Backflip"],"picked":"Dagger Throw","floor":4},{"not_picked":["Dodge and Roll","Cloak And Dagger"],"picked":"Crippling Poison","floor":5},{"not_picked":["Night Terror","Poisoned Stab"],"picked":"Terror","floor":6},{"not_picked":["Concentrate","Cloak And Dagger"],"picked":"Deflect","floor":8},{"not_picked":["Deflect","Sucker Punch","Flying Knee"],"picked":"SKIP","floor":11},{"not_picked":["Prepared","Dagger Throw"],"picked":"Storm of Steel","floor":13},{"not_picked":["Heel Hook","Concentrate"],"picked":"Reflex","floor":14},{"not_picked":["Storm of Steel","Envenom"],"picked":"Corpse Explosion","floor":16},{"not_picked":["Poisoned Stab","Slice","Blade Dance"],"picked":"SKIP","floor":18},{"not_picked":["Cloak And Dagger","Flying Knee","Dagger Throw"],"picked":"SKIP","floor":19},{"not_picked":["Doppelganger","Bullet Time"],"picked":"Footwork","floor":24},{"not_picked":["Prepared","Quick Slash"],"picked":"Catalyst","floor":25}],"player_experience":1035324,"relics_obtained":[{"floor":6,"key":"Pen Nib"},{"floor":9,"key":"White Beast Statue"},{"floor":11,"key":"Juzu Bracelet"},{"floor":12,"key":"The Courier"},{"floor":13,"key":"Matryoshka"},{"floor":24,"key":"Ancient Tea Set"},{"floor":26,"key":"Torii"}],"event_choices":[{"damage_healed":0,"gold_gain":0,"player_choice":"Ignored","damage_taken":0,"max_hp_gain":0,"max_hp_loss":0,"event_name":"Liars Game","floor":3,"gold_loss":0},{"damage_healed":0,"gold_gain":0,"player_choice":"Lose Max HP","damage_taken":0,"relics_obtained":["Golden Idol"],"max_hp_gain":0,"max_hp_loss":6,"event_name":"Golden Idol","floor":10,"gold_loss":0},{"damage_healed":0,"gold_gain":0,"player_choice":"Traded Relic","damage_taken":0,"relics_obtained":["Nloth\u0027s Gift"],"max_hp_gain":0,"max_hp_loss":0,"event_name":"N\u0027loth","floor":20,"relics_lost":["Matryoshka"],"gold_loss":0},{"damage_healed":0,"gold_gain":0,"player_choice":"Became a Ghost","damage_taken":0,"max_hp_gain":0,"max_hp_loss":27,"event_name":"Ghosts","floor":21,"gold_loss":0,"cards_obtained":["Ghostly","Ghostly","Ghostly"]},{"damage_healed":0,"gold_gain":0,"cards_transformed":["Strike_G","Strike_G"],"player_choice":"Became Test Subject","damage_taken":0,"max_hp_gain":0,"max_hp_loss":0,"event_name":"Drug Dealer","floor":22,"gold_loss":0,"cards_obtained":["All Out Attack","Deflect"]}],"is_beta":false,"boss_relics":[{"not_picked":["Busted Crown","Ectoplasm"],"picked":"HoveringKite"}],"items_purged_floors":[],"is_endless":false,"potions_floor_spawned":[2,5,6,11,13,14,16,18,19,24,25],"killed_by":"Gremlin Leader","ascension_level":20}}