{"host":"h5acbxt0wmjo1kpm","time":1610922724,"event":{"mods":["2.2 Compatiblity","Act Like it!","AlwaysNeverKeys","Aspiration","Bard","Bartender","BaseMod","Better Third Choice","Colored Map","Elementarium","Gensokyo","GifTheSpireLib","Hallownest","Marisa????????","Menagerie","Minty Spire (QoL Compilation)","Permanent Neow","Potionbrewer","Relic Filter","Replay The Spire","Robot Space Explorer","RumiaBox-????????","Shade Mod","Spicy Shops","StSLib","Strawberry Spire","The Blackbeard","The Dragon Tamer","The Gatherer","The Hayseed","The Problem Sleuth","The Servant 0.9.4","Wandering Minibosses","vexMod"],"gold_per_floor":[111,111,111,21,21,55,82,82,82,82,99,119,133,149,149,245,245,225,242,242,242,7,7,7,36,109,109,120,152,152,184,184,286,286,302,38,50,50,95,130,130,144,216,216,216,316,362,392,392,392,392,392,144,175,175],"floor_reached":56,"language":"ENG","playtime":3846,"items_purged":["Sickly"],"score":1353,"play_id":"6125baa9-c4df-44ac-abd5-cf50db1a1dce","local_time":"20210117143204","is_ascension_mode":true,"campfire_choices":[{"data":"Shade:SkeletonHug","floor":8.0,"key":"SMITH"},{"data":"Shade:AnimateDead","floor":10.0,"key":"SMITH"},{"floor":15.0,"key":"REST"},{"data":"Specialist","floor":23.0,"key":"SMITH"},{"data":"Shade:FreshBones","floor":30.0,"key":"SMITH"},{"floor":32.0,"key":"REST"},{"data":"Shade:Bonestorm","floor":41.0,"key":"SMITH"},{"data":"Shade:UnbarTheGrave","floor":44.0,"key":"SMITH"},{"floor":49.0,"key":"RECALL"},{"data":"Shade:Brains","floor":52.0,"key":"SMITH"}],"circlet_count":0,"master_deck":["Shade:Defend_Shade","Shade:Defend_Shade","Shade:Defend_Shade","Shade:AnimateDead+1","Shade:CarefulCut","Shade:Coordination","Shade:FleshOffering","Shade:Frenzy+1","Shade:SkeletonHug+1","Shade:Bite_Shade","Shade:AuraOfUnlife","Shade:Brains+1","Shade:GreaterAnimation+1","bard:Thunderwave","bard:Silence+1","Specialist+1","Shade:Bonestorm+1","Shade:FuneraryArmor+1","Shade:FreshBones+1","Shade:UnbarTheGrave+1","Shade:LastGasp","bard:FaerieFire+1","Shade:Bonestorm+1","Shade:Bonestorm+1","Shade:TouchOfTheGrave+1","bard:Flourish","bard:Blink+1","bard:InspiringSong","bard:HarmoniousVoice+1"],"relics":["Shade:YorickSkull","FossilizedHelix","Anchor","potionbrewer:BottledElixir","Choco_Feather","aspiration:BardSkillbook","vexMod:Spyglass","Centennial Puzzle","Chameleon Ring","potionbrewer:Torch","Toy Ornithopter","Philosopher\u0027s Stone","PreservedInsect","ReplayTheSpireMod:CursedCoin","ClockworkSouvenir","theSleuth:Tectrixcalibur","Pondfish Scales","Bottled Lightning","CatCart","strawberrySpire:CharschorBlot","SecretRecord"],"acts_visited":["Hallownest:Greenpath","TheCity","TheBeyond","TheEnding"],"potions_floor_usage":[54,55,55],"damage_taken":[{"damage":0.0,"enemies":"Hallownest:2_MossCreeps","floor":1.0,"turns":6.0},{"damage":15.0,"enemies":"Hallownest:eliteMossKnight","floor":6.0,"turns":13.0},{"damage":0.0,"enemies":"Hallownest:monsterHuskGuard","floor":12.0,"turns":4.0},{"damage":0.0,"enemies":"Hallownest:monsterHuskWarrior","floor":13.0,"turns":2.0},{"damage":0.0,"enemies":"Hallownest:monsterAspidMother","floor":14.0,"turns":3.0},{"damage":12.0,"enemies":"Hallownest:BossFalseKnight","floor":16.0,"turns":10.0},{"damage":2.0,"enemies":"2 Thieves","floor":18.0,"turns":4.0},{"damage":0.0,"enemies":"Spheric Guardian","floor":19.0,"turns":4.0},{"damage":17.0,"enemies":"Gremlin Leader","floor":25.0,"turns":8.0},{"damage":0.0,"enemies":"Chosen and Byrds","floor":28.0,"turns":5.0},{"damage":16.0,"enemies":"strawberrySpire:AncientClocktower","floor":29.0,"turns":6.0},{"damage":2.0,"enemies":"Gremlin Leader","floor":31.0,"turns":5.0},{"damage":27.0,"enemies":"Automaton","floor":33.0,"turns":10.0},{"damage":0.0,"enemies":"3 Darklings","floor":35.0,"turns":5.0},{"damage":0.0,"enemies":"3 Shapes","floor":37.0,"turns":2.0},{"damage":0.0,"enemies":"2 Orb Walkers","floor":39.0,"turns":2.0},{"damage":1.0,"enemies":"strawberrySpire:EssenceStones","floor":40.0,"turns":3.0},{"damage":0.0,"enemies":"Maw","floor":42.0,"turns":5.0},{"damage":0.0,"enemies":"Orin","floor":47.0,"turns":5.0},{"damage":0.0,"enemies":"Giant Head","floor":48.0,"turns":6.0},{"damage":37.0,"enemies":"Replay:Hell Engine","floor":50.0,"turns":11.0},{"damage":24,"enemies":"Shield and Spear","floor":54,"turns":4},{"damage":1,"enemies":"The Heart","floor":55,"turns":6}],"seed_played":"5174592839795117836","potions_obtained":[{"floor":1.0,"key":"SkillPotion"},{"floor":12.0,"key":"potionbrewer:FreezingPotion"},{"floor":13.0,"key":"potionbrewer:ToxicPotion"},{"floor":25.0,"key":"EssenceOfSteel"},{"floor":28.0,"key":"ColorlessPotion"},{"floor":31.0,"key":"SneckoOil"},{"floor":37.0,"key":"Energy Potion"},{"floor":39.0,"key":"EntropicBrew"},{"floor":40.0,"key":"Dexterity Potion"},{"floor":48.0,"key":"SteroidPotion"},{"floor":54,"key":"SkillPotion"}],"is_trial":false,"path_per_floor":["M","?","?","$","?","E","T","R","T","R","?","M","?","M","R","B",null,"M","M","$","?","$","R","?","E","T","?","M","E","R","E","R","B",null,"M","$","M","?","?","E","R","M","T","R","?","?","?","E","R","B",null,"R","$","E","B",null],"character_chosen":"SHADE","items_purchased":["Shade:Frenzy+1","Shade:SkeletonHug","Specialist","vexMod:Spyglass","PreservedInsect","Shade:Bonestorm","ReplayTheSpireMod:CursedCoin","ClockworkSouvenir","strawberrySpire:CharschorBlot"],"campfire_rested":2,"item_purchase_floors":[4,4,22,22,36,36,36,36,53],"current_hp_per_floor":[44,44,35,35,35,20,20,20,20,20,6,8,8,10,27,19,48,48,50,50,50,50,50,50,37,37,37,39,25,25,23,40,30,51,53,53,53,53,58,57,57,57,57,57,57,57,58,58,58,24,50,50,50,34,46],"gold":175,"neow_bonus":"THREE_RARE_CARDS","is_daily":false,"chose_seed":false,"campfire_upgraded":7,"win_rate":0.0,"timestamp":1610922724,"path_taken":["M","?","?","$","?","E","?","R","T","R","?","?","?","M","R","BOSS","M","M","$","?","?","R","?","E","T","?","M","E","R","E","R","BOSS","M","?","?","?","?","E","R","M","T","R","?","?","?","E","R","BOSS","R","$","E","BOSS"],"items_purchased_type":["Card","Card","Card","Relic","Relic","Card","Relic","Relic","Relic"],"build_version":"2020-12-22","purchased_purges":1,"victory":true,"max_hp_per_floor":[65,65,65,65,58,58,58,58,58,58,58,58,58,58,58,58,58,58,58,58,58,58,58,58,58,58,58,58,58,58,58,58,58,58,58,58,58,58,58,58,58,58,58,58,58,58,58,58,58,58,58,58,58,58,58],"card_choices":[{"not_picked":["Shade:UnbarTheGrave","Shade:OneIsEnough"],"picked":"Shade:Coordination","floor":0.0},{"not_picked":["Shade:CallWraith","Shade:SoulToxin"],"picked":"Shade:FleshOffering","floor":1.0},{"not_picked":["Shade:ClawBack","Shade:FleshToFlesh","Shade:BoneShards"],"picked":"SKIP","floor":6.0},{"not_picked":["Shade:FeralStrike","Shade:SkeletonHug"],"picked":"Shade:Bite_Shade","floor":11.0},{"not_picked":["Shade:DangerousRitual","Shade:Trample","Shade:AblativeArmor"],"picked":"SKIP","floor":12.0},{"not_picked":["Shade:AncientSpear","Shade:Haruspicy"],"picked":"Shade:AuraOfUnlife","floor":13.0},{"not_picked":["Shade:Trample","Shade:Putrefaction"],"picked":"Shade:Brains","floor":14.0},{"not_picked":["Shade:LoseControl","Shade:OfferingToTheBeyond"],"picked":"Shade:GreaterAnimation","floor":16.0},{"not_picked":["Shade:ExtraLimbs","bard:GuardPoint","Shade:ClawBack"],"picked":"bard:Thunderwave","floor":18.0},{"not_picked":["bard:FalseLife","Shade:AncientSpear+1","Shade:SanguineRitual"],"picked":"bard:Silence+1","floor":19.0},{"not_picked":["Shade:Trample","bard:HideousLaughter","bard:PhantasmalForce"],"picked":"Shade:Bonestorm+1","floor":25.0},{"not_picked":["Shade:SoulToxin","bard:Greatness+1","Shade:CallWraith"],"picked":"Shade:FuneraryArmor+1","floor":28.0},{"not_picked":["Shade:BoneShards","Shade:GraveStillness+1","bard:PrismaticSpray"],"picked":"Shade:FreshBones","floor":29.0},{"not_picked":["Shade:BoneShards","Shade:SkeletonHug+1","bard:ViciousMockery"],"picked":"Shade:UnbarTheGrave","floor":31.0},{"not_picked":["Shade:Consume","bard:MagnumOpus","Shade:OfferingToTheBeyond"],"picked":"Shade:LastGasp","floor":33.0},{"not_picked":["bard:Thunderwave","bard:BucklerBash","Shade:Patience+1"],"picked":"bard:FaerieFire+1","floor":35.0},{"not_picked":["bard:HideousLaughter","Shade:WallOfFlesh","Shade:CloudOfShrapnel+1"],"picked":"Shade:Bonestorm+1","floor":37.0},{"not_picked":["Shade:Consume","Shade:SoulToxin","bard:Demoralize+1"],"picked":"Shade:TouchOfTheGrave+1","floor":40.0},{"not_picked":["bard:Thunderwave+1","Shade:CallWraith+1","Shade:FeralStrike+1","Shade:SoulToxin"],"picked":"SKIP","floor":42.0},{"not_picked":["Shade:Bonestorm+1","Shade:CoffinDance+1","Shade:Brains"],"picked":"bard:Blink+1","floor":47.0},{"not_picked":["bard:FeastOnFear+1","Shade:AuraOfUnlife+1","bard:Shout"],"picked":"bard:InspiringSong","floor":48.0},{"not_picked":["bard:HideousLaughter","bard:EchoEcho+1","Shade:CoffinDance+1","bard:SongBolt"],"picked":"SKIP","floor":54},{"not_picked":["bard:HideousLaughter","bard:EchoEcho+1","Shade:CoffinDance+1","bard:SongBolt"],"picked":"SKIP","floor":54}],"player_experience":2205568,"relics_obtained":[{"floor":6.0,"key":"FossilizedHelix"},{"floor":7.0,"key":"Anchor"},{"floor":9.0,"key":"potionbrewer:BottledElixir"},{"floor":11.0,"key":"Choco_Feather"},{"floor":25.0,"key":"Centennial Puzzle"},{"floor":26.0,"key":"Chameleon Ring"},{"floor":29.0,"key":"potionbrewer:Torch"},{"floor":31.0,"key":"Toy Ornithopter"},{"floor":39.0,"key":"Pondfish Scales"},{"floor":40.0,"key":"Bottled Lightning"},{"floor":47.0,"key":"CatCart"},{"floor":54,"key":"SecretRecord"}],"event_choices":[{"damage_healed":0.0,"max_hp_gain":0.0,"max_hp_loss":0.0,"gold_gain":0.0,"event_name":"Upgrade Shrine","player_choice":"Upgraded","floor":21.0,"gold_loss":0.0,"damage_taken":0.0,"cards_upgraded":["Shade:GreaterAnimation"]},{"cards_removed":["Shade:Strike_Shade"],"damage_healed":0.0,"max_hp_gain":0.0,"max_hp_loss":0.0,"gold_gain":0.0,"event_name":"Purifier","player_choice":"Purged","floor":24.0,"gold_loss":0.0,"damage_taken":0.0},{"damage_healed":0.0,"max_hp_gain":0.0,"max_hp_loss":0.0,"gold_gain":0.0,"cards_transformed":["Shade:Strike_Shade"],"event_name":"Transmorgrifier","player_choice":"Transformed","floor":27.0,"gold_loss":0.0,"damage_taken":0.0,"cards_obtained":["Shade:SpectralStrikes"]},{"damage_healed":0.0,"max_hp_gain":0.0,"max_hp_loss":0.0,"gold_gain":0.0,"event_name":"Mysterious Sphere","player_choice":"Fight","floor":39.0,"gold_loss":0.0,"damage_taken":0.0},{"damage_healed":0.0,"max_hp_gain":0.0,"max_hp_loss":0.0,"gold_gain":0.0,"cards_transformed":["Shade:SpectralStrikes"],"event_name":"Transmorgrifier","player_choice":"Transformed","floor":45.0,"gold_loss":0.0,"damage_taken":0.0,"cards_obtained":["bard:Flourish"]},{"damage_healed":0.0,"max_hp_gain":0.0,"max_hp_loss":0.0,"gold_gain":100.0,"event_name":"Golden Shrine","player_choice":"Pray","floor":46.0,"gold_loss":0.0,"damage_taken":0.0},{"damage_healed":0.0,"max_hp_gain":0.0,"max_hp_loss":0.0,"gold_gain":0.0,"event_name":"OrinTheCat","player_choice":"Fight","floor":47.0,"gold_loss":0.0,"damage_taken":0.0}],"is_beta":false,"boss_relics":[{"not_picked":["Busted Crown","Velvet Choker"],"picked":"aspiration:BardSkillbook"},{"not_picked":["Honey Jar","Snecko Heart"],"picked":"Philosopher\u0027s Stone"}],"items_purged_floors":[36],"is_endless":false,"potions_floor_spawned":[1,12,13,25,28,31,37,39,40,48,54],"ascension_level":8}}