{"host":"bplbr8uekuotory4","time":1610868221,"event":{"mods":["Act Like it!","BaseMod","Custom Start","Gensokyo","GungeonMod","Hermit","KinomotoSakuraMod(木之本樱)","Koishi","Marisa（F雨　魔理沙）","Minty Spire (QoL Compilation)","Prisma Mod","Quick Restart","Reimu（博丽灵梦）","SOS（斯巴达之子）","Spicy Shops","StSLib","TestMod","The Alterego","The Blackbeard","The Cursed","The Marked","The Mystic","The Runesmith","The Saiyan","The Servant 0.9.4","Yuri Mod","[IsaacMod]以撒尖塔","vexMod"],"gold_per_floor":[110,127,143,49,49,49,76,88,124,136,136,136],"floor_reached":10,"language":"ZHS","playtime":148,"items_purged":[],"score":114,"play_id":"17f67384-001e-4664-bc74-ba2b7ed4e280","local_time":"20210117152341","is_ascension_mode":true,"campfire_choices":[{"data":"blackbeard:Toast","floor":6,"key":"SMITH"},{"data":"blackbeard:Cutlass","floor":8,"key":"SMITH"}],"circlet_count":0,"master_deck":["blackbeard:BlackbeardStrike","blackbeard:BlackbeardStrike","blackbeard:BlackbeardStrike","blackbeard:BlackbeardStrike","blackbeard:IntimidatingStrike","blackbeard:BlackbeardDefend","blackbeard:BlackbeardDefend","blackbeard:BlackbeardDefend","blackbeard:BlackbeardDefend","blackbeard:Cutlass+1","blackbeard:PirateEarring","blackbeard:Toast+1"],"relics":["blackbeard:LoadTheCannons","testmod-TestBox","HushsDoor","Damocles","testmod-CyclicPeriapt","NeowsBlessing","DemoMod:PoisonVial","Incense Burner","BelialBook","DemoMod:Relodestone","MawBank","Mastiff:ReiMu"],"acts_visited":["Exordium"],"potions_floor_usage":[],"damage_taken":[{"damage":0,"enemies":"Jaw Worm","floor":1,"turns":1},{"damage":0,"enemies":"2 Louse","floor":2,"turns":1},{"damage":0,"enemies":"Cultist","floor":3,"turns":1},{"damage":0,"enemies":"Gremlin Nob","floor":7,"turns":2},{"damage":12,"enemies":"3 Sentries","floor":10,"turns":6}],"seed_played":"-9086530663646884696","potions_obtained":[{"floor":1,"key":"Dexterity Potion"},{"floor":2,"key":"blackbeard:OrangeJuicePotion"}],"is_trial":false,"path_per_floor":["M","M","M","$","?","R","E","R","T","E"],"character_chosen":"BLACKBEARD_CLASS","items_purchased":["DemoMod:Relodestone"],"campfire_rested":0,"item_purchase_floors":[4],"current_hp_per_floor":[75,75,75,75,75,75,75,75,75,0,0,0],"gold":136,"neow_bonus":"THREE_ENEMY_KILL","is_daily":false,"chose_seed":false,"campfire_upgraded":2,"win_rate":0.0,"timestamp":1610868221,"path_taken":["M","M","M","$","?","R","E","R","T","E"],"items_purchased_type":["Relic"],"build_version":"2020-12-22","purchased_purges":0,"victory":false,"max_hp_per_floor":[75,75,75,75,75,75,75,75,75,75,75,75],"card_choices":[{"not_picked":[],"picked":"Bomb","floor":0},{"not_picked":["blackbeard:DangerousBlow","blackbeard:WeaponMastery"],"picked":"blackbeard:PirateEarring","floor":1},{"not_picked":["blackbeard:RemoveScurvy","blackbeard:ChaoticDefense"],"picked":"Bomb","floor":2},{"not_picked":["blackbeard:DoubleCannonball","blackbeard:Bandana"],"picked":"blackbeard:Toast","floor":3},{"not_picked":["blackbeard:Bandana","blackbeard:FieryDefense","blackbeard:Provisioning"],"picked":"SKIP","floor":7}],"player_experience":1218881,"relics_obtained":[{"floor":1,"key":"DemoMod:PoisonVial"},{"floor":2,"key":"Incense Burner"},{"floor":3,"key":"BelialBook"},{"floor":7,"key":"MawBank"},{"floor":7,"key":"Mastiff:ReiMu"}],"event_choices":[],"is_beta":false,"boss_relics":[],"items_purged_floors":[],"is_endless":false,"potions_floor_spawned":[1,2,7],"killed_by":"3 Sentries","ascension_level":5}}