{"host":"ysalv62a05e493y4","time":1610921629,"event":{"mods":["AchievementEnabler","BaseMod","BetterRewards","Colored Map","Colored Powertips","Downfall","Lobotomy","Minty Spire (QoL Compilation)","Quick Restart","StSLib"],"gold_per_floor":[99,116,128,142,154,166,235,235,235,255,265,276,306,324,339,339,339],"floor_reached":16,"language":"ENG","playtime":806,"items_purged":[],"score":110,"play_id":"df7bd96d-d874-4529-8649-feb72c050a88","local_time":"20210117231349","is_ascension_mode":false,"campfire_choices":[],"circlet_count":0,"master_deck":["sneckomod:Strike+1","sneckomod:Strike+1","sneckomod:Strike","sneckomod:Defend","sneckomod:Defend+1","sneckomod:Defend","sneckomod:TailWhip","sneckomod:SnekBite","sneckomod:Unknown","Masterful Stab","sneckomod:SlitherStrike","sneckomod:UnknownCommonAttack+1","sneckomod:WideSting","sneckomod:QuickBite","hexamod:SixthSeal","sneckomod:UnknownBlock","sneckomod:UnknownExhaust","sneckomod:SoulCleanse","sneckomod:Mudshield","sneckomod:UnendingSupply","sneckomod:Unknown0Cost"],"relics":["sneckomod:SneckoSoul","sneckomod:ConfusingCodex","Thread and Needle"],"acts_visited":["Exordium"],"potions_floor_usage":[13,13,13,16,16],"damage_taken":[{"damage":0,"enemies":"Cultist","floor":2,"turns":3},{"damage":0,"enemies":"2 Louse","floor":3,"turns":2},{"damage":0,"enemies":"Small Slimes","floor":4,"turns":3},{"damage":10,"enemies":"Exordium Thugs","floor":5,"turns":3},{"damage":9,"enemies":"Exordium Wildlife","floor":6,"turns":3},{"damage":6,"enemies":"Lots of Slimes","floor":10,"turns":3},{"damage":10,"enemies":"2 Fungi Beasts","floor":11,"turns":3},{"damage":12,"enemies":"Red Slaver","floor":12,"turns":4},{"damage":21,"enemies":"Gremlin Nob","floor":13,"turns":5},{"damage":16,"enemies":"Exordium Thugs","floor":14,"turns":6},{"damage":0,"enemies":"3 Louse","floor":15,"turns":2},{"damage":15,"enemies":"DF_ARCHETYPE_STREAMLINE","floor":16,"turns":4}],"seed_played":"-2955360956682212005","potions_obtained":[{"floor":6,"key":"sneckomod:CheatPotion"},{"floor":10,"key":"SkillPotion"},{"floor":11,"key":"Dexterity Potion"},{"floor":14,"key":"Explosive Potion"},{"floor":14,"key":"ColorlessPotion"}],"is_trial":false,"path_per_floor":["R","M","M","M","M","M","T","?","R","M","M","M","E","M","M","B"],"character_chosen":"THE_SNECKO","items_purchased":[],"campfire_rested":0,"item_purchase_floors":[],"current_hp_per_floor":[99,99,99,99,89,80,80,80,80,74,64,52,31,15,15,0,0],"gold":339,"neow_bonus":"TEN_PERCENT_HP_BONUS","is_daily":false,"chose_seed":false,"campfire_upgraded":0,"win_rate":0.0,"timestamp":1610921629,"path_taken":["R","M","?","M","M","M","T","?","R","M","M","M","E","M","M","BOSS"],"items_purchased_type":[],"build_version":"2020-12-22","purchased_purges":0,"victory":false,"max_hp_per_floor":[99,99,99,99,99,99,99,99,99,99,99,99,99,99,99,99,99],"card_choices":[{"not_picked":["sneckomod:UnknownBlock","sneckomod:QuickMove"],"picked":"sneckomod:Unknown2Cost","floor":2},{"not_picked":["sneckomod:Nope","sneckomod:UnknownUncommonSkill"],"picked":"sneckomod:SlitherStrike","floor":3},{"not_picked":["sneckomod:Nope","sneckomod:UnknownUncommonSkill"],"picked":"sneckomod:UnknownCommonAttack","floor":4},{"not_picked":["sneckomod:QuickBite","sneckomod:Unknown1Cost"],"picked":"sneckomod:WideSting","floor":5},{"not_picked":["sneckomod:QuickMove","sneckomod:UnknownStrike"],"picked":"sneckomod:QuickBite","floor":6},{"not_picked":["sneckomod:QuickMove","sneckomod:Unknown1Cost"],"picked":"sneckomod:UnknownBlock","floor":10},{"not_picked":["sneckomod:ImprovisedGuard","sneckomod:QuickBite"],"picked":"sneckomod:UnknownExhaust","floor":11},{"not_picked":["sneckomod:UnknownDraw","sneckomod:UnknownCommonAttack"],"picked":"sneckomod:SoulCleanse","floor":12},{"not_picked":["sneckomod:WideSting","sneckomod:UnknownUncommonAttack"],"picked":"sneckomod:Mudshield","floor":13},{"not_picked":["sneckomod:MasterEye","sneckomod:ImprovisedAttack"],"picked":"sneckomod:UnendingSupply","floor":14},{"not_picked":["sneckomod:UnknownCommonAttack","sneckomod:QuickBite"],"picked":"sneckomod:Unknown0Cost","floor":15}],"player_experience":24177,"relics_obtained":[{"floor":7,"key":"sneckomod:ConfusingCodex"},{"floor":13,"key":"Thread and Needle"}],"event_choices":[{"damage_healed":0,"gold_gain":0,"player_choice":"Ignored","damage_taken":0,"max_hp_gain":0,"max_hp_loss":0,"event_name":"NoteForYourself","floor":8,"gold_loss":0}],"is_beta":false,"boss_relics":[],"items_purged_floors":[],"is_endless":false,"potions_floor_spawned":[6,10,11,14],"killed_by":"DF_ARCHETYPE_STREAMLINE","ascension_level":0}}