{"host":"agbyy69nq62afhwx","time":1610879549,"event":{"mods":["BaseMod","Colored Map","DeckTracker","Highlight Path","Keyboard Shortcuts","Minty Spire (QoL Compilation)","Quick Restart","StSLib","SuperFastMode","everything is the same but u backflip on backflip"],"gold_per_floor":[112,128,128,138,156,191,141,174,174,204,215,215,240,263,263,391,391,410,232,157,157,180,180,199,199,199,199,218,231,250,269,269,269,269],"floor_reached":33,"language":"KOR","playtime":929,"items_purged":["Strike_B"],"score":381,"play_id":"c527e572-b26c-44fa-8df8-8b1ccf7709ba","local_time":"20210117193229","is_ascension_mode":true,"campfire_choices":[{"floor":15,"key":"REST"},{"data":"Double Energy","floor":23,"key":"SMITH"},{"data":"Loop","floor":27,"key":"SMITH"},{"floor":32,"key":"REST"}],"circlet_count":0,"master_deck":["Defend_B","Defend_B","Defend_B","Defend_B","Zap","Dualcast","Master of Strategy","Conserve Battery","Defragment+1","Tempest","FTL","Undo","Double Energy+1","Ball Lightning","Core Surge","Ball Lightning","Loop+1","Turbo","Capacitor","Coolheaded+1","Steam+1","Coolheaded+1"],"relics":["Cracked Core","Shuriken","Pocketwatch","Mango","Golden Idol","SacredBark","Toxic Egg 2"],"acts_visited":["Exordium","TheCity"],"potions_floor_usage":[14,28,28,31],"damage_taken":[{"damage":1.0,"enemies":"Cultist","floor":1.0,"turns":3.0},{"damage":7.0,"enemies":"Small Slimes","floor":2.0,"turns":3.0},{"damage":0.0,"enemies":"2 Louse","floor":4.0,"turns":2.0},{"damage":0.0,"enemies":"Large Slime","floor":5.0,"turns":5.0},{"damage":13.0,"enemies":"Lagavulin","floor":6.0,"turns":6.0},{"damage":42.0,"enemies":"Gremlin Nob","floor":8.0,"turns":5.0},{"damage":5,"enemies":"Exordium Wildlife","floor":11,"turns":3},{"damage":10,"enemies":"3 Louse","floor":13,"turns":4},{"damage":0,"enemies":"2 Fungi Beasts","floor":14,"turns":2},{"damage":6,"enemies":"The Guardian","floor":16,"turns":9},{"damage":12,"enemies":"Chosen","floor":18,"turns":4},{"damage":0,"enemies":"Spheric Guardian","floor":22,"turns":2},{"damage":16,"enemies":"Snecko","floor":24,"turns":5},{"damage":17,"enemies":"Shelled Parasite and Fungi","floor":28,"turns":3},{"damage":15,"enemies":"Snake Plant","floor":29,"turns":4},{"damage":9,"enemies":"3 Cultists","floor":30,"turns":4},{"damage":8,"enemies":"Centurion and Healer","floor":31,"turns":5},{"damage":47,"enemies":"Champ","floor":33,"turns":9}],"seed_played":"3211785833567481582","potions_obtained":[{"floor":1.0,"key":"FearPotion"},{"floor":11,"key":"Energy Potion"},{"floor":13,"key":"Fire Potion"},{"floor":16,"key":"Energy Potion"},{"floor":24,"key":"Regen Potion"},{"floor":28,"key":"GamblersBrew"},{"floor":30,"key":"SkillPotion"}],"is_trial":false,"path_per_floor":["M","M","?","M","M","E","?","E","T","?","M","?","M","M","R","B",null,"M","$","?","?","M","R","M","?","T","R","M","M","M","M","R","B"],"character_chosen":"DEFECT","items_purchased":["Loop","Turbo"],"campfire_rested":2,"item_purchase_floors":[19,19],"current_hp_per_floor":[67,60,65,65,65,52,52,10,24,24,19,19,9,9,33,27,68,56,56,56,56,56,56,40,40,40,40,33,18,9,1,25,0,0],"gold":269,"neow_bonus":"RANDOM_COLORLESS_2","is_daily":false,"chose_seed":false,"campfire_upgraded":2,"win_rate":0.0,"timestamp":1610879549,"path_taken":["M","?","?","M","M","E","?","E","T","?","M","?","M","M","R","BOSS","M","$","?","?","M","R","M","?","T","R","M","M","M","M","R","BOSS"],"items_purchased_type":["Card","Card"],"build_version":"2020-12-22","purchased_purges":1,"victory":false,"max_hp_per_floor":[68,68,73,73,73,73,73,73,87,87,87,81,81,81,81,81,81,81,81,81,81,81,81,81,81,81,81,81,81,81,81,81,81,81],"card_choices":[{"not_picked":["Mayhem","Sadistic Nature"],"picked":"Master of Strategy","floor":0.0},{"not_picked":["Chaos","Stack"],"picked":"Conserve Battery","floor":1.0},{"not_picked":["Steam Power","Aggregate"],"picked":"Defragment","floor":2.0},{"not_picked":["Double Energy","Coolheaded"],"picked":"Tempest","floor":4.0},{"not_picked":["Leap","Beam Cell"],"picked":"FTL","floor":5.0},{"not_picked":["Streamline","Steam"],"picked":"Undo","floor":6.0},{"not_picked":["Machine Learning","Hologram"],"picked":"Double Energy","floor":8.0},{"not_picked":["Force Field","Leap","Hologram"],"picked":"SKIP","floor":11},{"not_picked":["Redo","Compile Driver","Hologram"],"picked":"SKIP","floor":13},{"not_picked":["Turbo","Blizzard"],"picked":"Ball Lightning","floor":14},{"not_picked":["Machine Learning","Hyperbeam"],"picked":"Core Surge","floor":16},{"not_picked":["Gash+1","Compile Driver"],"picked":"Ball Lightning","floor":18},{"not_picked":["Blizzard+1","Leap"],"picked":"Capacitor","floor":22},{"not_picked":["Chaos","Steam","Compile Driver"],"picked":"SKIP","floor":24},{"not_picked":["Blizzard","Melter","Sweeping Beam+1"],"picked":"SKIP","floor":28},{"not_picked":["Beam Cell","All For One"],"picked":"Coolheaded+1","floor":29},{"not_picked":["Compile Driver","Gash"],"picked":"Steam+1","floor":30},{"not_picked":["Gash","Conserve Battery+1"],"picked":"Coolheaded+1","floor":31}],"player_experience":412873,"relics_obtained":[{"floor":6.0,"key":"Shuriken"},{"floor":8.0,"key":"Pocketwatch"},{"floor":9.0,"key":"Mango"},{"floor":26,"key":"Toxic Egg 2"}],"event_choices":[{"damage_healed":0.0,"max_hp_gain":5.0,"max_hp_loss":0.0,"gold_gain":0.0,"event_name":"Big Fish","player_choice":"Donut","floor":3.0,"gold_loss":0.0,"damage_taken":0.0},{"cards_removed":["Strike_B"],"damage_healed":0.0,"max_hp_gain":0.0,"max_hp_loss":0.0,"gold_gain":0.0,"event_name":"The Cleric","player_choice":"Card Removal","floor":7.0,"gold_loss":50.0,"damage_taken":0.0},{"damage_healed":0,"gold_gain":30,"player_choice":"Searched \u00271\u0027 times","damage_taken":0,"max_hp_gain":0,"max_hp_loss":0,"event_name":"Dead Adventurer","floor":10,"gold_loss":0},{"damage_healed":0,"gold_gain":0,"player_choice":"Lose Max HP","damage_taken":0,"relics_obtained":["Golden Idol"],"max_hp_gain":0,"max_hp_loss":6,"event_name":"Golden Idol","floor":12,"gold_loss":0},{"cards_removed":["Strike_B"],"damage_healed":0,"gold_gain":0,"player_choice":"Gave Gold","damage_taken":0,"max_hp_gain":0,"max_hp_loss":0,"event_name":"Beggar","floor":20,"gold_loss":75},{"cards_removed":["Strike_B"],"damage_healed":0,"gold_gain":0,"player_choice":"Elegance","damage_taken":0,"max_hp_gain":0,"max_hp_loss":0,"event_name":"Back to Basics","floor":21,"gold_loss":0},{"damage_healed":0,"gold_gain":0,"player_choice":"Forge","damage_taken":0,"max_hp_gain":0,"max_hp_loss":0,"event_name":"Accursed Blacksmith","floor":25,"gold_loss":0,"cards_upgraded":["Defragment"]}],"is_beta":false,"boss_relics":[{"not_picked":["Snecko Eye","Busted Crown"],"picked":"SacredBark"}],"items_purged_floors":[19],"is_endless":false,"potions_floor_spawned":[1,11,13,16,24,28,30],"killed_by":"Champ","ascension_level":9}}