{"host":"vyjryxuuuxkt43k4","time":1610902474,"event":{"mods":["AchievementEnabler","BaseMod","Colored Map","DeckTracker","Keyboard Shortcuts","Minty Spire (QoL Compilation)","Permanent Neow","Quick Restart","StSLib","SuperFastMode","everything is the same but u backflip on backflip"],"gold_per_floor":[113,132,59,59,79,79,112,122,122,137,137,137],"floor_reached":11,"language":"KOR","playtime":325,"items_purged":[],"score":83,"play_id":"bcb01e05-d760-49aa-8275-8c2299711d15","local_time":"20210118015434","is_ascension_mode":true,"campfire_choices":[{"data":"Adaptation","floor":6,"key":"SMITH"}],"circlet_count":0,"master_deck":["Strike_P","Strike_P","Strike_P","Strike_P","Defend_P","Defend_P","Defend_P","Defend_P","Eruption+1","Vigilance","Adaptation+1","Meditate"],"relics":["Sozu","Blood Vial","TeardropLocket"],"acts_visited":["Exordium"],"potions_floor_usage":[],"damage_taken":[{"damage":0.0,"enemies":"Cultist","floor":1.0,"turns":2.0},{"damage":7,"enemies":"Jaw Worm","floor":2,"turns":3},{"damage":0,"enemies":"2 Louse","floor":5,"turns":1},{"damage":28,"enemies":"Lagavulin","floor":7,"turns":4},{"damage":22,"enemies":"Gremlin Gang","floor":8,"turns":4},{"damage":13,"enemies":"3 Louse","floor":10,"turns":5},{"damage":13,"enemies":"3 Sentries","floor":11,"turns":2}],"seed_played":"-6630897689109082823","potions_obtained":[],"is_trial":false,"path_per_floor":["M","M","$","?","M","R","E","M","T","M","E"],"character_chosen":"WATCHER","items_purchased":["Adaptation"],"campfire_rested":0,"item_purchase_floors":[3],"current_hp_per_floor":[72,65,65,65,65,65,37,17,17,6,0,0],"gold":137,"neow_bonus":"BOSS_RELIC","is_daily":false,"chose_seed":false,"campfire_upgraded":1,"win_rate":0.0,"timestamp":1610902474,"path_taken":["M","M","$","?","M","R","E","M","T","M","E"],"items_purchased_type":["Card"],"build_version":"2020-12-22","purchased_purges":0,"victory":false,"max_hp_per_floor":[72,72,72,72,72,72,72,72,72,72,72,72],"card_choices":[{"not_picked":["PathToVictory","JustLucky","BowlingBash"],"picked":"SKIP","floor":1.0},{"not_picked":["Fasting2","Crescendo","Consecrate"],"picked":"SKIP","floor":2},{"not_picked":["Tantrum","InnerPeace"],"picked":"Meditate","floor":5},{"not_picked":["WreathOfFlame","JustLucky","Nirvana"],"picked":"SKIP","floor":7},{"not_picked":["Vengeance","JustLucky","ForeignInfluence"],"picked":"SKIP","floor":8},{"not_picked":["ClearTheMind","FlurryOfBlows","Perseverance"],"picked":"SKIP","floor":10}],"player_experience":426625,"relics_obtained":[{"floor":7,"key":"Blood Vial"},{"floor":9,"key":"TeardropLocket"}],"event_choices":[{"damage_healed":0,"gold_gain":0,"player_choice":"Forge","damage_taken":0,"max_hp_gain":0,"max_hp_loss":0,"event_name":"Accursed Blacksmith","floor":4,"gold_loss":0,"cards_upgraded":["Eruption"]}],"is_beta":false,"boss_relics":[],"items_purged_floors":[],"is_endless":false,"potions_floor_spawned":[5,8,10],"killed_by":"3 Sentries","ascension_level":2}}