{"host":"agbyy69nq62afhwx","time":1610874135,"event":{"mods":["BaseMod","Colored Map","DeckTracker","Highlight Path","Keyboard Shortcuts","Minty Spire (QoL Compilation)","Quick Restart","StSLib","SuperFastMode","everything is the same but u backflip on backflip"],"gold_per_floor":[111,127,127,144,144,144,154,167,167,167,182,182,213,226,226,303,303,320,171,96,96,121,121,154,167,167,167,195,62,62,62,62,139,139,155,155,155,155,171,171,185,199,248,262,262,19,68,97,97,97],"floor_reached":51,"language":"KOR","playtime":2053,"items_purged":["Bane"],"score":1393,"play_id":"d8ed9ddf-dd4b-4288-94ff-cdd760cc76a4","local_time":"20210117180215","is_ascension_mode":true,"campfire_choices":[{"data":"Accuracy","floor":6.0,"key":"SMITH"},{"data":"Blade Dance","floor":10.0,"key":"SMITH"},{"data":"Blade Dance","floor":15.0,"key":"SMITH"},{"data":"Finisher","floor":23.0,"key":"SMITH"},{"data":"Calculated Gamble","floor":27.0,"key":"SMITH"},{"data":"Prepared","floor":30.0,"key":"SMITH"},{"data":"Reflex","floor":32.0,"key":"SMITH"},{"data":"Wraith Form v2","floor":40.0,"key":"SMITH"},{"data":"Survivor","floor":45,"key":"SMITH"},{"floor":49,"key":"REST"}],"circlet_count":0,"master_deck":["AscendersBane","Survivor+1","Neutralize+1","Accuracy+1","Blade Dance+1","Backflip","Blade Dance+1","Burst","Prepared+1","Storm of Steel","Reflex+1","Noxious Fumes","Leg Sweep","Envenom","Wraith Form v2+1","Finisher+1","Calculated Gamble+1","Poisoned Stab+1","Accuracy"],"relics":["Ring of the Snake","NeowsBlessing","Singing Bowl","Pen Nib","Pandora\u0027s Box","MutagenicStrength","Red Mask","Tough Bandages","The Courier","Molten Egg 2","ClockworkSouvenir","Busted Crown","Omamori","Bottled Tornado","Girya","Prayer Wheel"],"acts_visited":["Exordium","TheCity","TheBeyond"],"potions_floor_usage":[50,50],"damage_taken":[{"damage":0.0,"enemies":"Cultist","floor":1.0,"turns":1.0},{"damage":0.0,"enemies":"Small Slimes","floor":2.0,"turns":1.0},{"damage":0.0,"enemies":"2 Louse","floor":4.0,"turns":1.0},{"damage":6.0,"enemies":"Large Slime","floor":7.0,"turns":7.0},{"damage":5.0,"enemies":"Looter","floor":8.0,"turns":5.0},{"damage":2.0,"enemies":"2 Fungi Beasts","floor":11.0,"turns":4.0},{"damage":24.0,"enemies":"Gremlin Nob","floor":13.0,"turns":4.0},{"damage":0.0,"enemies":"Large Slime","floor":14.0,"turns":3.0},{"damage":23.0,"enemies":"The Guardian","floor":16.0,"turns":10.0},{"damage":0.0,"enemies":"Spheric Guardian","floor":18.0,"turns":1.0},{"damage":0.0,"enemies":"Masked Bandits","floor":22.0,"turns":2.0},{"damage":10.0,"enemies":"Book of Stabbing","floor":24.0,"turns":3.0},{"damage":0.0,"enemies":"Chosen","floor":25.0,"turns":2.0},{"damage":4.0,"enemies":"Gremlin Leader","floor":28.0,"turns":6.0},{"damage":10.0,"enemies":"Champ","floor":33.0,"turns":8.0},{"damage":0.0,"enemies":"Orb Walker","floor":35.0,"turns":1.0},{"damage":5.0,"enemies":"3 Darklings","floor":39.0,"turns":3.0},{"damage":2,"enemies":"Spire Growth","floor":41,"turns":3},{"damage":0,"enemies":"4 Shapes","floor":42,"turns":3},{"damage":0,"enemies":"Transient","floor":44,"turns":6},{"damage":5,"enemies":"2 Orb Walkers","floor":47,"turns":3},{"damage":14,"enemies":"Reptomancer","floor":48,"turns":3},{"damage":91,"enemies":"Time Eater","floor":50,"turns":9}],"seed_played":"-5876804977372836755","potions_obtained":[{"floor":7.0,"key":"Swift Potion"},{"floor":14.0,"key":"Block Potion"},{"floor":16.0,"key":"Fruit Juice"},{"floor":18.0,"key":"ColorlessPotion"}],"is_trial":false,"path_per_floor":["M","M","?","M","?","R","M","M","T","R","M","?","E","M","R","B",null,"M","$","?","?","?","R","E","M","T","R","E","$","R","$","R","B",null,"M","?","$","?","M","R","M","M","T","M","R","$","?","E","R","B",null],"character_chosen":"THE_SILENT","items_purchased":["Finisher","ClockworkSouvenir","Bottled Tornado","Accuracy"],"campfire_rested":1,"item_purchase_floors":[19,29,46,46],"current_hp_per_floor":[59,59,64,64,64,64,58,53,53,53,53,53,31,31,31,13,63,65,65,65,65,67,67,57,59,59,59,57,57,57,57,57,49,80,82,78,78,78,75,75,75,77,77,79,79,79,76,64,97,6],"gold":97,"neow_bonus":"THREE_ENEMY_KILL","is_daily":false,"chose_seed":false,"campfire_upgraded":9,"win_rate":0.0,"timestamp":1610874135,"path_taken":["M","?","?","M","?","R","M","M","T","R","?","?","E","M","R","BOSS","M","?","?","?","?","R","E","M","T","R","E","$","R","?","R","BOSS","M","?","$","?","?","R","M","M","T","M","R","$","?","E","R","BOSS"],"items_purchased_type":["Card","Relic","Relic","Card"],"build_version":"2020-12-22","purchased_purges":1,"victory":true,"max_hp_per_floor":[66,66,71,71,71,71,71,71,71,71,73,73,75,75,75,80,80,82,82,82,82,84,84,84,86,86,86,88,88,88,88,88,90,90,92,98,98,98,100,100,102,104,104,106,106,106,108,110,110,110],"card_choices":[{"not_picked":["Flying Knee","Endless Agony"],"picked":"Bane","floor":1.0},{"not_picked":["Slice","Outmaneuver"],"picked":"Accuracy","floor":2.0},{"not_picked":["Dodge and Roll","Quick Slash"],"picked":"Blade Dance","floor":4.0},{"not_picked":["Skewer","Catalyst","Riddle With Holes"],"picked":"SKIP","floor":7.0},{"not_picked":["Distraction","Reflex"],"picked":"Backflip","floor":8.0},{"not_picked":["Reflex","All Out Attack","Prepared"],"picked":"Singing Bowl","floor":11.0},{"not_picked":["Slice","Acrobatics","Bane"],"picked":"Singing Bowl","floor":13.0},{"not_picked":["Flying Knee","Riddle With Holes"],"picked":"Blade Dance","floor":14.0},{"not_picked":["Doppelganger","Unload"],"picked":"Burst","floor":16.0},{"not_picked":["Well Laid Plans","Catalyst+1","Backstab+1"],"picked":"Singing Bowl","floor":18.0},{"not_picked":["Sucker Punch","Flying Knee","Blade Dance"],"picked":"Singing Bowl","floor":22.0},{"not_picked":["Endless Agony","Catalyst"],"picked":"Calculated Gamble","floor":24.0},{"not_picked":["Predator","Distraction","Dagger Throw"],"picked":"Singing Bowl","floor":25.0},{"not_picked":["Sucker Punch+1","PiercingWail","Predator+1"],"picked":"Singing Bowl","floor":28.0},{"not_picked":["Wraith Form v2","A Thousand Cuts","Corpse Explosion"],"picked":"Singing Bowl","floor":33.0},{"not_picked":["Bane+1"],"picked":"Singing Bowl","floor":35.0},{"not_picked":["Deep Breath"],"picked":"Singing Bowl","floor":36.0},{"not_picked":["Dark Shackles"],"picked":"Singing Bowl","floor":36.0},{"not_picked":["Madness"],"picked":"Singing Bowl","floor":36.0},{"not_picked":["Eviscerate+1"],"picked":"Singing Bowl","floor":39.0},{"not_picked":["Predator+1"],"picked":"Singing Bowl","floor":41},{"not_picked":["Expertise"],"picked":"Singing Bowl","floor":42},{"not_picked":["Eviscerate+1"],"picked":"Singing Bowl","floor":44},{"not_picked":["Blade Dance"],"picked":"Singing Bowl","floor":47},{"not_picked":["Backflip"],"picked":"Singing Bowl","floor":48}],"player_experience":410820,"relics_obtained":[{"floor":9.0,"key":"Singing Bowl"},{"floor":13.0,"key":"Pen Nib"},{"floor":22.0,"key":"Red Mask"},{"floor":24.0,"key":"Tough Bandages"},{"floor":26.0,"key":"The Courier"},{"floor":28.0,"key":"Molten Egg 2"},{"floor":43,"key":"Omamori"},{"floor":47,"key":"Girya"},{"floor":48,"key":"Prayer Wheel"}],"event_choices":[{"damage_healed":0.0,"max_hp_gain":5.0,"max_hp_loss":0.0,"gold_gain":0.0,"event_name":"Big Fish","player_choice":"Donut","floor":3.0,"gold_loss":0.0,"damage_taken":0.0},{"cards_removed":["Strike_G"],"damage_healed":0.0,"max_hp_gain":0.0,"max_hp_loss":0.0,"gold_gain":0.0,"event_name":"Purifier","player_choice":"Purged","floor":5.0,"gold_loss":0.0,"damage_taken":0.0},{"damage_healed":0.0,"max_hp_gain":0.0,"max_hp_loss":0.0,"gold_gain":0.0,"event_name":"Accursed Blacksmith","player_choice":"Forge","floor":12.0,"gold_loss":0.0,"damage_taken":0.0,"cards_upgraded":["Neutralize"]},{"cards_removed":["Underhanded Strike"],"damage_healed":0.0,"max_hp_gain":0.0,"max_hp_loss":0.0,"gold_gain":0.0,"event_name":"Beggar","player_choice":"Gave Gold","floor":20.0,"gold_loss":75.0,"damage_taken":0.0},{"damage_healed":0.0,"max_hp_gain":0.0,"max_hp_loss":0.0,"gold_gain":0.0,"event_name":"Drug Dealer","player_choice":"Inject Mutagens","floor":21.0,"gold_loss":0.0,"damage_taken":0.0,"relics_obtained":["MutagenicStrength"]},{"damage_healed":0.0,"max_hp_gain":0.0,"max_hp_loss":0.0,"gold_gain":0.0,"event_name":"Masked Bandits","player_choice":"Fought Bandits","floor":22.0,"gold_loss":0.0,"damage_taken":0.0},{"damage_healed":0.0,"max_hp_gain":0.0,"max_hp_loss":0.0,"gold_gain":0.0,"event_name":"SensoryStone","player_choice":"Memory 3","floor":36.0,"gold_loss":0.0,"damage_taken":10.0},{"damage_healed":0.0,"max_hp_gain":0.0,"max_hp_loss":0.0,"gold_gain":0.0,"cards_transformed":["Caltrops"],"event_name":"Transmorgrifier","player_choice":"Transformed","floor":38.0,"gold_loss":0.0,"damage_taken":0.0,"cards_obtained":["Poisoned Stab"]},{"damage_healed":0,"gold_gain":0,"player_choice":"Fight","damage_taken":0,"max_hp_gain":0,"max_hp_loss":0,"event_name":"Mysterious Sphere","floor":47,"gold_loss":0}],"is_beta":false,"boss_relics":[{"not_picked":["Snecko Eye","Tiny House"],"picked":"Pandora\u0027s Box"},{"not_picked":["Fusion Hammer","Ring of the Serpent"],"picked":"Busted Crown"}],"items_purged_floors":[19],"is_endless":false,"potions_floor_spawned":[7,14,16,18,24,33,39,41,42],"ascension_level":19}}