{"host":"2se5dq1do2gp0x9k","time":1610848513,"event":{"mods":["AchievementEnabler","BaseMod","Block Reminder","Colored Map","Colored Powertips","Minty Spire (QoL Compilation)","Relic Stats","StSLib","SuperFastMode"],"gold_per_floor":[116,129,99,47,63,93,93,93,93,93,93,118,118,129,129,203,203,222,222,222,222,222],"floor_reached":21,"language":"ENG","playtime":525,"items_purged":[],"score":370,"play_id":"3b5c299c-85f8-475f-a4ff-af28409abe2b","local_time":"20210116175513","is_ascension_mode":true,"campfire_choices":[{"data":"Beam Cell","floor":7,"key":"SMITH"},{"data":"Sweeping Beam","floor":10,"key":"SMITH"},{"data":"Zap","floor":13,"key":"SMITH"},{"data":"Skim","floor":15,"key":"SMITH"}],"circlet_count":0,"master_deck":["AscendersBane","Strike_B+1","Defend_B","Defend_B","Defend_B","Defend_B+1","Zap+1","Dualcast","Sweeping Beam+1","Sweeping Beam+1","Streamline","Steam","Beam Cell+1","Skim+1","Gash","Hyperbeam","Go for the Eyes+1","Hello World+1","Reprogram+1","BootSequence"],"relics":["Cracked Core","NeowsBlessing","Mango","WingedGreaves","Ancient Tea Set","Astrolabe"],"acts_visited":["Exordium","TheCity"],"potions_floor_usage":[6,16],"damage_taken":[{"damage":0,"enemies":"Cultist","floor":1,"turns":1},{"damage":0,"enemies":"Small Slimes","floor":2,"turns":1},{"damage":0,"enemies":"2 Louse","floor":5,"turns":1},{"damage":24,"enemies":"Lagavulin","floor":6,"turns":6},{"damage":3,"enemies":"Gremlin Nob","floor":12,"turns":3},{"damage":4,"enemies":"Exordium Wildlife","floor":14,"turns":3},{"damage":14,"enemies":"Slime Boss","floor":16,"turns":7},{"damage":14,"enemies":"Spheric Guardian","floor":18,"turns":5},{"damage":19,"enemies":"Shell Parasite","floor":21,"turns":4}],"seed_played":"-5322094655411466769","potions_obtained":[{"floor":2,"key":"BlessingOfTheForge"},{"floor":3,"key":"Explosive Potion"},{"floor":3,"key":"FearPotion"},{"floor":14,"key":"Weak Potion"},{"floor":18,"key":"Explosive Potion"},{"floor":20,"key":"AttackPotion"}],"is_trial":false,"path_per_floor":["M","M","?","$","M","E","R","?","T","R","?","E","R","M","R","B",null,"M","?","?","M"],"character_chosen":"DEFECT","items_purchased":["Streamline"],"campfire_rested":0,"item_purchase_floors":[4],"current_hp_per_floor":[64,64,64,64,64,54,54,54,54,54,28,25,25,21,21,7,66,52,52,52,33,33],"gold":222,"neow_bonus":"THREE_ENEMY_KILL","is_daily":false,"chose_seed":false,"campfire_upgraded":4,"win_rate":0.0,"timestamp":1610848513,"path_taken":["M","M","?","$","?","E","R","?","T","R","?","E","R","M","R","BOSS","M","?","?","M"],"items_purchased_type":["Card"],"build_version":"2020-12-22","purchased_purges":0,"victory":false,"max_hp_per_floor":[71,71,71,71,71,85,85,85,85,85,85,85,85,85,85,85,85,85,85,85,85,85],"relic_stats":{"counters":[9,31],"Astrolabe":["Go for the Eyes","Hello World","Reprogram"],"obtain_stats":[{"NeowsBlessing":0,"Astrolabe":17,"Mango":6,"WingedGreaves":9,"Cracked Core":0,"Ancient Tea Set":12},{"NeowsBlessing":0,"Astrolabe":7,"Mango":4,"WingedGreaves":4,"Cracked Core":0,"Ancient Tea Set":5},{"NeowsBlessing":0,"Astrolabe":22,"Mango":9,"WingedGreaves":9,"Cracked Core":0,"Ancient Tea Set":12}]},"card_choices":[{"not_picked":["BootSequence","Redo"],"picked":"Sweeping Beam","floor":1},{"not_picked":["Go for the Eyes","Streamline"],"picked":"Sweeping Beam","floor":2},{"not_picked":["Rebound","Redo"],"picked":"Steam","floor":5},{"not_picked":["Capacitor","Compile Driver"],"picked":"Beam Cell","floor":6},{"not_picked":["Core Surge","Fusion"],"picked":"Skim","floor":12},{"not_picked":["Auto Shields","Steam"],"picked":"Gash","floor":14},{"not_picked":["Creative AI","Reboot"],"picked":"Hyperbeam","floor":16},{"not_picked":["Darkness","Redo"],"picked":"BootSequence","floor":18}],"player_experience":3872539,"relics_obtained":[{"floor":6,"key":"Mango"},{"floor":9,"key":"WingedGreaves"},{"floor":12,"key":"Ancient Tea Set"}],"event_choices":[{"damage_healed":0,"gold_gain":0,"player_choice":"Bought 2 Potions","damage_taken":0,"max_hp_gain":0,"max_hp_loss":0,"event_name":"The Woman in Blue","floor":3,"gold_loss":0},{"damage_healed":0,"gold_gain":0,"player_choice":"Grow","damage_taken":0,"max_hp_gain":0,"max_hp_loss":0,"event_name":"Living Wall","floor":8,"gold_loss":0,"cards_upgraded":["Sweeping Beam"]},{"damage_healed":0,"gold_gain":0,"player_choice":"Entered Light","damage_taken":26,"max_hp_gain":0,"max_hp_loss":0,"event_name":"Shining Light","floor":11,"gold_loss":0,"cards_upgraded":["Defend_B","Strike_B"]},{"damage_healed":0,"gold_gain":0,"player_choice":"Ignored","damage_taken":0,"max_hp_gain":0,"max_hp_loss":0,"event_name":"Vampires","floor":19,"gold_loss":0},{"damage_healed":0,"gold_gain":0,"player_choice":"Got Potions","damage_taken":0,"max_hp_gain":0,"max_hp_loss":0,"event_name":"Lab","floor":20,"gold_loss":0}],"is_beta":false,"boss_relics":[{"not_picked":["Cursed Key","Fusion Hammer"],"picked":"Astrolabe"}],"items_purged_floors":[],"is_endless":false,"potions_floor_spawned":[2,5,14,18],"killed_by":"Shell Parasite","ascension_level":20}}