{"host":"x21cvmfdo17nyhii","time":1610877672,"event":{"mods":["AchievementEnabler","BaseMod","Colored Map","Colored Powertips","DeckTracker","Highlight Path","Minty Spire (QoL Compilation)","Quick Restart","Rare Cards Sparkle","SuperFastMode"],"gold_per_floor":[110,127,8,8,8,8,42,42,42,62,77,106,120,137,137,241,241,254,71,71,86,106,106,106,106,132,163,177,177,177],"floor_reached":29,"language":"ENG","playtime":13453,"items_purged":[],"score":462,"play_id":"a2f51017-1e9a-49de-8e49-d8b1c1ca45cf","local_time":"20210117020112","is_ascension_mode":true,"campfire_choices":[{"data":"Neutralize","floor":6,"key":"SMITH"},{"data":"Riddle With Holes","floor":8,"key":"SMITH"},{"data":"Footwork","floor":15,"key":"SMITH"},{"data":"Venomology","floor":23,"key":"SMITH"},{"data":"Catalyst","floor":25,"key":"SMITH"}],"circlet_count":0,"master_deck":["Survivor","Neutralize+1","Deadly Poison","Riddle With Holes+1","Footwork+1","Dash","Backflip","Slice","Poisoned Stab","Footwork+1","Backflip","Bane","Doppelganger","Venomology+1","Outmaneuver","Skewer","Corpse Explosion","Storm of Steel","Acrobatics","Dagger Throw","Riddle With Holes","Dagger Spray","Catalyst+1","Leg Sweep","Noxious Fumes","Calculated Gamble+1","Deadly Poison","Venomology+1","Dagger Throw+1","Deadly Poison+1"],"relics":["Ring of the Snake","NeowsBlessing","HornCleat","Letter Opener","Orichalcum","Pandora\u0027s Box","Tiny Chest","Potion Belt"],"acts_visited":["Exordium","TheCity"],"potions_floor_usage":[14,14,21,22,27,27,28,29,29],"damage_taken":[{"damage":0,"enemies":"2 Louse","floor":1,"turns":1},{"damage":0,"enemies":"Small Slimes","floor":2,"turns":1},{"damage":0,"enemies":"Gremlin Nob","floor":7,"turns":1},{"damage":0,"enemies":"Cultist","floor":10,"turns":3},{"damage":1,"enemies":"Exordium Thugs","floor":11,"turns":5},{"damage":4,"enemies":"3 Sentries","floor":12,"turns":9},{"damage":0,"enemies":"2 Fungi Beasts","floor":13,"turns":4},{"damage":0,"enemies":"Lots of Slimes","floor":14,"turns":2},{"damage":0,"enemies":"Hexaghost","floor":16,"turns":11},{"damage":0,"enemies":"3 Byrds","floor":18,"turns":3},{"damage":8,"enemies":"Shell Parasite","floor":21,"turns":5},{"damage":3,"enemies":"Centurion and Healer","floor":22,"turns":6},{"damage":24,"enemies":"Slavers","floor":27,"turns":2},{"damage":13,"enemies":"Snecko","floor":28,"turns":5},{"damage":22,"enemies":"Cultist and Chosen","floor":29,"turns":6}],"seed_played":"8584127913167418105","potions_obtained":[{"floor":7,"key":"SkillPotion"},{"floor":12,"key":"Energy Potion"},{"floor":14,"key":"Explosive Potion"},{"floor":18,"key":"Fire Potion"},{"floor":27,"key":"SkillPotion"}],"is_trial":false,"path_per_floor":["M","M","$","?","?","R","E","R","T","M","M","E","M","M","R","B",null,"M","$","?","M","M","R","?","R","T","E","M","M"],"character_chosen":"THE_SILENT","items_purchased":["Footwork","Dash","Catalyst","Leg Sweep","Noxious Fumes"],"campfire_rested":0,"item_purchase_floors":[3,3,19,19,19],"current_hp_per_floor":[63,63,63,63,63,63,63,63,63,63,62,58,58,58,58,58,67,67,67,67,59,56,56,56,56,56,32,19,0,0],"gold":177,"neow_bonus":"THREE_ENEMY_KILL","is_daily":false,"chose_seed":false,"campfire_upgraded":5,"win_rate":0.0,"timestamp":1610877672,"path_taken":["M","M","$","?","?","R","E","R","T","M","?","E","M","M","R","BOSS","M","$","?","M","M","R","?","R","T","E","M","?"],"items_purchased_type":["Card","Card","Card","Card","Card"],"build_version":"2020-12-22","purchased_purges":0,"victory":false,"max_hp_per_floor":[70,70,70,70,70,70,70,70,70,70,70,70,70,70,70,70,70,70,70,70,70,70,70,70,70,70,70,70,70,70],"card_choices":[{"not_picked":["Dodge and Roll","Slice"],"picked":"Deadly Poison","floor":1},{"not_picked":["Tactician","Skewer"],"picked":"Riddle With Holes","floor":2},{"not_picked":["Caltrops","Prepared"],"picked":"Backflip","floor":7},{"not_picked":["Backflip","Dagger Throw"],"picked":"Slice","floor":10},{"not_picked":["PiercingWail","Dodge and Roll"],"picked":"Poisoned Stab","floor":11},{"not_picked":["PiercingWail","Dagger Throw"],"picked":"Footwork","floor":12},{"not_picked":["Blade Dance","Acrobatics"],"picked":"Backflip","floor":13},{"not_picked":["All Out Attack","Dagger Throw"],"picked":"Bane","floor":14},{"not_picked":["Tools of the Trade","Wraith Form v2"],"picked":"Doppelganger","floor":16},{"not_picked":["Sucker Punch","Blade Dance","Underhanded Strike"],"picked":"SKIP","floor":18},{"not_picked":["Deadly Poison","Choke"],"picked":"Calculated Gamble+1","floor":21},{"not_picked":["Calculated Gamble+1","Underhanded Strike"],"picked":"Deadly Poison","floor":22},{"not_picked":["Acrobatics+1","PiercingWail"],"picked":"Dagger Throw+1","floor":27},{"not_picked":["Escape Plan+1","Poisoned Stab"],"picked":"Deadly Poison+1","floor":28}],"player_experience":433329,"relics_obtained":[{"floor":7,"key":"HornCleat"},{"floor":9,"key":"Letter Opener"},{"floor":12,"key":"Orichalcum"},{"floor":26,"key":"Tiny Chest"},{"floor":27,"key":"Potion Belt"}],"event_choices":[{"damage_healed":0,"gold_gain":0,"player_choice":"Grow","damage_taken":0,"max_hp_gain":0,"max_hp_loss":0,"event_name":"Living Wall","floor":4,"gold_loss":0,"cards_upgraded":["Footwork"]},{"cards_removed":["Strike_G"],"damage_healed":0,"gold_gain":0,"player_choice":"Purged","damage_taken":0,"max_hp_gain":0,"max_hp_loss":0,"event_name":"Purifier","floor":5,"gold_loss":0},{"damage_healed":0,"gold_gain":0,"player_choice":"Ignored","damage_taken":0,"max_hp_gain":0,"max_hp_loss":0,"event_name":"Vampires","floor":20,"gold_loss":0},{"damage_healed":0,"gold_gain":0,"player_choice":"Copied","damage_taken":0,"max_hp_gain":0,"max_hp_loss":0,"event_name":"Duplicator","floor":24,"gold_loss":0,"cards_obtained":["Venomology"]}],"is_beta":false,"boss_relics":[{"not_picked":["Velvet Choker","Coffee Dripper"],"picked":"Pandora\u0027s Box"}],"items_purged_floors":[],"is_endless":false,"potions_floor_spawned":[7,12,14,18,27],"killed_by":"Cultist and Chosen","ascension_level":6}}