{"host":"gzsdmyo07u314vug","time":1610847135,"event":{"mods":["2.2 Compatiblity","Bard","BaseMod","Colored Powertips","GifTheSpireLib","Hermit","Minty Spire (QoL Compilation)","Quick Restart","Rare Cards Sparkle","Relic Stats","Replay The Spire","Robot Space Explorer","Shop Mod","StSLib","The Bug Knight","The Construct","The Elementalist","The Hierophant","The IronCluck","The Marked","The Runesmith","The Servant 0.9.4","Unceasing Turn Reminder","everything is the same but u backflip on backflip","slay the spire mod where everything is the same but ironclad has a cowboy hat","vexMod"],"gold_per_floor":[89,89,104,129,129,129,148,164,191,187,187,204,204,215,215,294,294,238,238,248,248,247,280,280,280,280,280,280,205,180,204,204,124,124],"floor_reached":33,"language":"ENG","playtime":1954,"items_purged":["hierophant:Strike_Hierophant"],"score":259,"play_id":"8128a040-40ba-4eae-a508-870d4bcd63bb","local_time":"20210116223215","is_ascension_mode":false,"campfire_choices":[{"data":"hierophant:ChurchCoffers","floor":6.0,"key":"SMITH"},{"data":"hierophant:Smite","floor":13.0,"key":"SMITH"},{"data":"hierophant:Prophecy","floor":15.0,"key":"SMITH"},{"data":"hierophant:Repentance","floor":24.0,"key":"SMITH"},{"data":"hierophant:Racketeering","floor":28.0,"key":"SMITH"},{"floor":32.0,"key":"REST"}],"circlet_count":0,"master_deck":["hierophant:Strike_Hierophant","hierophant:Strike_Hierophant","hierophant:Strike_Hierophant","hierophant:Punish","hierophant:Defend_Hierophant","hierophant:Defend_Hierophant","hierophant:Defend_Hierophant","hierophant:Defend_Hierophant","hierophant:ChurchCoffers+1","hierophant:Determination","hierophant:PassingBell+1","hierophant:Prophecy+1","hierophant:Smite+1","hierophant:Endure","hierophant:Invocation","hierophant:Racketeering+1","hierophant:Shelter+1","hierophant:OrnateBuckler+1","hierophant:Repentance+1","hierophant:Patience+1","hierophant:Patience"],"relics":["hierophant:PropheticMaskRelic","Runesmith:AutoHammer","Ancient Tea Set","Happy Flower","vexMod:TanglingVine","Replay:PocketPolymizer","Replay:WaspNest","Bottled Lightning"],"acts_visited":["Exordium","TheCity"],"potions_floor_usage":[33],"damage_taken":[{"damage":0.0,"enemies":"2 Louse","floor":1.0,"turns":2.0},{"damage":1.0,"enemies":"Jaw Worm","floor":3.0,"turns":3.0},{"damage":0.0,"enemies":"Small Slimes","floor":7.0,"turns":3.0},{"damage":4.0,"enemies":"Blue Slaver","floor":8.0,"turns":4.0},{"damage":8.0,"enemies":"Red Slaver","floor":10.0,"turns":4.0},{"damage":0.0,"enemies":"3 Louse","floor":12.0,"turns":1.0},{"damage":2.0,"enemies":"Blue Slaver","floor":14.0,"turns":2.0},{"damage":47.0,"enemies":"The Guardian","floor":16.0,"turns":12.0},{"damage":0.0,"enemies":"2 Thieves","floor":18.0,"turns":3.0},{"damage":2.0,"enemies":"Spheric Guardian","floor":20.0,"turns":3.0},{"damage":4.0,"enemies":"Snecko","floor":22.0,"turns":7.0},{"damage":24.0,"enemies":"Slavers","floor":23.0,"turns":4.0},{"damage":17.0,"enemies":"Snake Plant","floor":30.0,"turns":5.0},{"damage":4.0,"enemies":"Sentry and Sphere","floor":31.0,"turns":2.0},{"damage":77,"enemies":"Champ","floor":33,"turns":15}],"seed_played":"-4694032182645994054","potions_obtained":[{"floor":1.0,"key":"Weak Potion"},{"floor":5.0,"key":"SneckoOil"},{"floor":7.0,"key":"DuplicationPotion"},{"floor":22.0,"key":"Explosive Potion"},{"floor":31.0,"key":"SkillPotion"}],"is_trial":false,"path_per_floor":["M","?","M","T","?","R","M","M","T","M","?","M","R","M","R","B",null,"M","?","M","?","M","E","R","$","T","T","R","$","M","M","R","B"],"character_chosen":"HIEROPHANT","items_purchased":[],"campfire_rested":1,"item_purchase_floors":[],"current_hp_per_floor":[75,75,74,74,74,74,75,71,71,63,63,63,63,64,64,17,75,75,61,64,64,65,54,54,54,54,54,54,54,45,47,71,0,0],"gold":124,"neow_bonus":"ONE_RANDOM_RARE_CARD","is_daily":false,"chose_seed":false,"campfire_upgraded":5,"win_rate":0.0,"timestamp":1610847135,"path_taken":["M","?","M","?","?","R","M","M","T","M","?","?","R","M","R","BOSS","M","?","M","?","M","E","R","$","T","?","R","$","M","?","R","BOSS"],"items_purchased_type":[],"build_version":"2020-12-22","purchased_purges":1,"victory":false,"max_hp_per_floor":[75,75,75,75,75,75,75,75,75,75,75,75,75,75,75,75,75,75,80,80,80,80,80,80,80,80,80,80,80,80,80,80,80,80],"relic_stats":{"Happy Flower":[18],"counters":[15,70],"obtain_stats":[{"Replay:PocketPolymizer":23,"Happy Flower":11,"hierophant:PropheticMaskRelic":0,"Replay:WaspNest":26,"Runesmith:AutoHammer":4,"vexMod:TanglingVine":17,"Bottled Lightning":27,"Ancient Tea Set":9},{"Replay:PocketPolymizer":12,"Happy Flower":5,"hierophant:PropheticMaskRelic":0,"Replay:WaspNest":12,"Runesmith:AutoHammer":2,"vexMod:TanglingVine":8,"Bottled Lightning":12,"Ancient Tea Set":4},{"Replay:PocketPolymizer":48,"Happy Flower":16,"hierophant:PropheticMaskRelic":0,"Replay:WaspNest":48,"Runesmith:AutoHammer":5,"vexMod:TanglingVine":31,"Bottled Lightning":48,"Ancient Tea Set":12}]},"card_choices":[{"not_picked":["hierophant:ConvertCurrency","hierophant:Martyrdom"],"picked":"hierophant:PassingBell","floor":1.0},{"not_picked":["hierophant:HammerAndAnvil","hierophant:Purify","hierophant:FieryStrike"],"picked":"SKIP","floor":3.0},{"not_picked":["hierophant:HammerAndAnvil","hierophant:RustyCrate","hierophant:Invocation"],"picked":"SKIP","floor":7.0},{"not_picked":["hierophant:Refuge","hierophant:Rebuild"],"picked":"hierophant:Prophecy","floor":8.0},{"not_picked":["hierophant:SecretStash","hierophant:DisplayOfPower","hierophant:AuricBeam"],"picked":"SKIP","floor":10.0},{"not_picked":["hierophant:Upheaval","hierophant:Alms"],"picked":"hierophant:Smite","floor":12.0},{"not_picked":["hierophant:CoinFling","hierophant:Chorus"],"picked":"hierophant:Endure","floor":14.0},{"not_picked":["hierophant:BulkyChest","hierophant:MintersHammer"],"picked":"hierophant:Invocation","floor":16.0},{"not_picked":["hierophant:FieryStrike","hierophant:PassingBell"],"picked":"hierophant:Racketeering","floor":18.0},{"not_picked":["hierophant:Community+1","hierophant:CoinFling"],"picked":"hierophant:Shelter+1","floor":20.0},{"not_picked":["hierophant:Purify","hierophant:Empathy+1"],"picked":"hierophant:OrnateBuckler+1","floor":22.0},{"not_picked":["hierophant:Remorse","hierophant:BulkyChest"],"picked":"hierophant:Repentance","floor":23.0},{"not_picked":["hierophant:Mercenaries","hierophant:Empathy"],"picked":"hierophant:Patience+1","floor":30.0},{"not_picked":["hierophant:Doubloon+1","hierophant:RecallFunds"],"picked":"hierophant:Patience","floor":31.0}],"player_experience":684175,"relics_obtained":[{"floor":4.0,"key":"Runesmith:AutoHammer"},{"floor":9.0,"key":"Ancient Tea Set"},{"floor":23.0,"key":"Replay:PocketPolymizer"},{"floor":26.0,"key":"Replay:WaspNest"},{"floor":27.0,"key":"Bottled Lightning"}],"event_choices":[{"damage_healed":0.0,"max_hp_gain":0.0,"max_hp_loss":0.0,"gold_gain":0.0,"event_name":"Living Wall","player_choice":"Grow","floor":2.0,"gold_loss":0.0,"damage_taken":0.0,"cards_upgraded":["hierophant:PassingBell"]},{"damage_healed":0.0,"max_hp_gain":0.0,"max_hp_loss":0.0,"gold_gain":0.0,"event_name":"Dead Adventurer","player_choice":"Searched \u00271\u0027 times","floor":11.0,"gold_loss":0.0,"damage_taken":0.0,"relics_obtained":["Happy Flower"]},{"damage_healed":0.0,"max_hp_gain":5.0,"max_hp_loss":0.0,"gold_gain":0.0,"event_name":"Forgotten Altar","player_choice":"Shed Blood","floor":19.0,"gold_loss":0.0,"damage_taken":19.0},{"damage_healed":0.0,"max_hp_gain":0.0,"max_hp_loss":0.0,"gold_gain":0.0,"event_name":"Ghosts","player_choice":"Ignored","floor":21.0,"gold_loss":0.0,"damage_taken":0.0}],"is_beta":false,"boss_relics":[{"not_picked":["Snecko Eye","Replay:Ancient Bell"],"picked":"vexMod:TanglingVine"}],"items_purged_floors":[29],"is_endless":false,"potions_floor_spawned":[1,7,10,22,31],"killed_by":"Champ","ascension_level":0}}