{"host":"f5y45f7z7ziu0smp","time":1610887741,"event":{"mods":["AchievementEnabler","BaseMod","Marisa£¨Ùöéë¡¡Øª×âÞÞ£©","Minty Spire (QoL Compilation)","Permanent Neow","Starting Relic: Pandora\u0027s Box","SuperFastMode","¡¼?Úª?ø«¡½REMEMod"],"gold_per_floor":[116,24,41,56,122,147,147,204,204,136,136,166,166],"floor_reached":12,"language":"KOR","playtime":312,"items_purged":[],"score":94,"play_id":"c00b542c-ceab-4484-bf2e-6eb7d05d7916","local_time":"20210117214901","is_ascension_mode":true,"campfire_choices":[{"data":"Heatsinks","floor":11,"key":"SMITH"}],"circlet_count":0,"master_deck":["Zap","Dualcast+1","Reinforced Body","Scrape","Ball Lightning","Redo+1","Skim","Redo","Ball Lightning","Compile Driver","TreasureHunter","Beam Cell","Mind Blast","Coolheaded","Lockon","Heatsinks+1","Loop","Capacitor"],"relics":["REME_ComplimentaryCards","Snecko Eye","Oddly Smooth Stone","REME_ArchaeologicalTools","Ginger"],"acts_visited":["Exordium"],"potions_floor_usage":[],"damage_taken":[{"damage":0,"enemies":"2 Louse","floor":1,"turns":2},{"damage":0,"enemies":"Jaw Worm","floor":3,"turns":3},{"damage":0,"enemies":"Cultist","floor":4,"turns":3},{"damage":16,"enemies":"Gremlin Nob","floor":6,"turns":3},{"damage":0,"enemies":"Large Slime","floor":8,"turns":2},{"damage":0,"enemies":"Lagavulin","floor":12,"turns":3}],"seed_played":"7926721047797705232","potions_obtained":[{"floor":1,"key":"BlessingOfTheForge"},{"floor":8,"key":"Dexterity Potion"}],"is_trial":false,"path_per_floor":["M","$","M","M","?","E","?","M","T","$","R","E"],"character_chosen":"DEFECT","items_purchased":["Mind Blast","Capacitor"],"campfire_rested":0,"item_purchase_floors":[2,10],"current_hp_per_floor":[75,75,75,75,75,59,44,44,44,44,44,44,44],"gold":166,"neow_bonus":"BOSS_RELIC","is_daily":false,"chose_seed":false,"campfire_upgraded":1,"win_rate":0.0,"timestamp":1610887741,"path_taken":["M","$","M","M","?","E","?","M","T","$","R","E"],"items_purchased_type":["Card","Card"],"build_version":"2020-12-22","purchased_purges":0,"victory":false,"max_hp_per_floor":[75,75,75,75,75,75,75,75,75,75,75,75,75],"card_choices":[{"not_picked":["Ball Lightning","Hello World"],"picked":"Beam Cell","floor":1},{"not_picked":["Barrage","Compile Driver"],"picked":"Coolheaded","floor":3},{"not_picked":["Leap","Coolheaded"],"picked":"Lockon","floor":4},{"not_picked":["Cold Snap","Auto Shields"],"picked":"Heatsinks","floor":6},{"not_picked":["Reprogram","Go for the Eyes"],"picked":"Loop","floor":8}],"player_experience":129373,"relics_obtained":[{"floor":6,"key":"Oddly Smooth Stone"},{"floor":6,"key":"REME_ArchaeologicalTools"},{"floor":9,"key":"Ginger"}],"event_choices":[{"damage_healed":0,"gold_gain":66,"player_choice":"Gained Gold","damage_taken":0,"max_hp_gain":0,"max_hp_loss":0,"event_name":"Golden Wing","floor":5,"gold_loss":0},{"damage_healed":0,"gold_gain":0,"player_choice":"Entered Light","damage_taken":15,"max_hp_gain":0,"max_hp_loss":0,"event_name":"Shining Light","floor":7,"gold_loss":0,"cards_upgraded":["Redo","Dualcast"]}],"is_beta":false,"boss_relics":[],"items_purged_floors":[],"is_endless":false,"potions_floor_spawned":[1,8],"killed_by":"Lagavulin","ascension_level":4}}