{"host":"daa8jqyg4gqfaysm","time":1610912224,"event":{"mods":["BaseMod","Colored Powertips","Minty Spire (QoL Compilation)","StSLib"],"gold_per_floor":[112,32,107,107,126,126,157,157,236,256,276,276,276],"floor_reached":12,"language":"ENG","playtime":255,"items_purged":[],"score":156,"play_id":"d6a13dba-1c89-43f5-b47a-267842992d89","local_time":"20210118033704","is_ascension_mode":true,"campfire_choices":[{"data":"Zap","floor":6,"key":"SMITH"},{"data":"Hologram","floor":8,"key":"SMITH"}],"circlet_count":0,"master_deck":["AscendersBane","Strike_B","Strike_B","Strike_B","Strike_B","Defend_B","Defend_B","Defend_B","Defend_B","Zap+1","Dualcast","BootSequence","Rip and Tear+1","Hologram+1","Lockon","Storm+1"],"relics":["Cracked Core","Frozen Egg 2","Mummified Hand"],"acts_visited":["Exordium"],"potions_floor_usage":[1,7,12],"damage_taken":[{"damage":4,"enemies":"Jaw Worm","floor":1,"turns":3},{"damage":1,"enemies":"Cultist","floor":5,"turns":3},{"damage":22,"enemies":"Lagavulin","floor":7,"turns":8},{"damage":0,"enemies":"2 Louse","floor":10,"turns":2},{"damage":0,"enemies":"Gremlin Gang","floor":11,"turns":3},{"damage":20,"enemies":"3 Sentries","floor":12,"turns":5}],"seed_played":"-2737315162209635766","potions_obtained":[{"floor":0,"key":"Block Potion"},{"floor":0,"key":"Explosive Potion"},{"floor":7,"key":"FearPotion"},{"floor":11,"key":"LiquidMemories"}],"is_trial":false,"path_per_floor":["M","$","?","?","M","R","E","R","T","M","M","E"],"character_chosen":"DEFECT","items_purchased":["Rip and Tear"],"campfire_rested":0,"item_purchase_floors":[2],"current_hp_per_floor":[60,60,49,49,48,48,26,26,26,26,26,6,6],"gold":276,"neow_bonus":"THREE_SMALL_POTIONS","is_daily":false,"chose_seed":false,"campfire_upgraded":2,"win_rate":0.0,"timestamp":1610912224,"path_taken":["M","$","?","?","?","R","E","R","T","M","M","E"],"items_purchased_type":["Card"],"build_version":"2020-12-22","purchased_purges":0,"victory":false,"max_hp_per_floor":[71,71,71,71,71,71,71,71,71,71,71,71,71],"card_choices":[{"not_picked":["Force Field","Turbo"],"picked":"BootSequence","floor":1},{"not_picked":["Force Field","Scrape","Fusion"],"picked":"SKIP","floor":5},{"not_picked":["BootSequence","Storm+1"],"picked":"Hologram","floor":7},{"not_picked":["Beam Cell","Sunder"],"picked":"Lockon","floor":10},{"not_picked":["Turbo","Stack"],"picked":"Storm+1","floor":11}],"player_experience":834839,"relics_obtained":[{"floor":7,"key":"Frozen Egg 2"},{"floor":9,"key":"Mummified Hand"}],"event_choices":[{"damage_healed":0,"gold_gain":75,"player_choice":"Gather Gold","damage_taken":11,"max_hp_gain":0,"max_hp_loss":0,"event_name":"World of Goop","floor":3,"gold_loss":0},{"damage_healed":0,"gold_gain":0,"player_choice":"Forge","damage_taken":0,"max_hp_gain":0,"max_hp_loss":0,"event_name":"Accursed Blacksmith","floor":4,"gold_loss":0,"cards_upgraded":["Rip and Tear"]}],"is_beta":false,"boss_relics":[],"items_purged_floors":[],"is_endless":false,"potions_floor_spawned":[7,11],"killed_by":"3 Sentries","ascension_level":20}}