{"host":"i1h39d0gfh5c6uxl","time":1610896751,"event":{"mods":["AchievementEnabler","BaseMod","Colored Map","Colored Powertips","Highlight Path","Minty Spire (QoL Compilation)"],"gold_per_floor":[114,127,127,127,36,71,71,71,71,71,96,96,24,49,49,145,145,158,158,158,168,181,181,208,208,233,158,158,158,1,19,19,19,19],"floor_reached":33,"language":"ENG","playtime":845,"items_purged":["Defend_P"],"score":377,"play_id":"95adff32-5089-4327-bef1-7467cbfed041","local_time":"20210117231911","is_ascension_mode":false,"campfire_choices":[{"data":"WindmillStrike","floor":8,"key":"SMITH"},{"data":"ReachHeaven","floor":10,"key":"SMITH"},{"data":"BattleHymn","floor":15,"key":"SMITH"},{"floor":23,"key":"REST"},{"data":"SpiritShield","floor":25,"key":"SMITH"},{"data":"Alpha","floor":29,"key":"SMITH"},{"floor":32,"key":"REST"}],"circlet_count":0,"master_deck":["Defend_P","Defend_P","Eruption+1","Vigilance","FollowUp","WindmillStrike+1","Dramatic Entrance","ReachHeaven+1","DeusExMachina","BattleHymn+1","SpiritShield+1","Bite","Bite","Bite","Bite","Bite","EmptyFist","Alpha+1","Study"],"relics":["Sozu"],"acts_visited":["Exordium","TheCity"],"potions_floor_usage":[],"damage_taken":[{"damage":0,"enemies":"Cultist","floor":1,"turns":2},{"damage":0,"enemies":"Small Slimes","floor":2,"turns":3},{"damage":21,"enemies":"Lagavulin","floor":6,"turns":5},{"damage":0,"enemies":"Gremlin Nob","floor":11,"turns":2},{"damage":0,"enemies":"Lagavulin","floor":14,"turns":3},{"damage":27,"enemies":"Hexaghost","floor":16,"turns":6},{"damage":10,"enemies":"Chosen","floor":18,"turns":2},{"damage":21,"enemies":"2 Thieves","floor":21,"turns":4},{"damage":15,"enemies":"Snecko","floor":22,"turns":4},{"damage":0,"enemies":"Gremlin Leader","floor":24,"turns":3},{"damage":21,"enemies":"Centurion and Healer","floor":31,"turns":4},{"damage":94,"enemies":"Champ","floor":33,"turns":7}],"seed_played":"402681612769787010","potions_obtained":[],"is_trial":false,"path_per_floor":["M","M","?","?","$","E","?","R","T","R","E","?","$","E","R","B",null,"M","?","?","M","M","R","E","R","T","?","?","R","$","M","R","B"],"character_chosen":"WATCHER","items_purchased":["Dramatic Entrance","BattleHymn","Study"],"campfire_rested":2,"item_purchase_floors":[5,13,30],"current_hp_per_floor":[72,72,72,72,72,51,51,51,51,51,51,51,51,51,51,24,72,62,50,50,37,28,43,50,50,50,50,50,50,50,35,50,0,0],"gold":19,"neow_bonus":"BOSS_RELIC","is_daily":false,"chose_seed":false,"campfire_upgraded":5,"win_rate":0.0,"timestamp":1610896751,"path_taken":["M","M","?","?","?","E","?","R","T","R","E","?","?","E","R","BOSS","M","?","?","M","M","R","E","R","T","?","?","R","?","M","R","BOSS"],"items_purchased_type":["Card","Card","Card"],"build_version":"2020-12-22","purchased_purges":1,"victory":false,"max_hp_per_floor":[72,72,72,72,72,72,72,72,72,72,72,72,72,72,72,72,72,72,50,50,50,50,50,50,50,50,50,50,50,50,50,50,50,50],"card_choices":[{"not_picked":["JustLucky","EmptyBody"],"picked":"FollowUp","floor":1},{"not_picked":["Sanctity","EmptyBody"],"picked":"WindmillStrike","floor":2},{"not_picked":["CrushJoints","Swivel"],"picked":"ReachHeaven","floor":6},{"not_picked":["Protect","SignatureMove"],"picked":"DeusExMachina","floor":11},{"not_picked":["Nirvana","ClearTheMind","LikeWater"],"picked":"SKIP","floor":14},{"not_picked":["Alpha","DeusExMachina"],"picked":"SpiritShield","floor":16},{"not_picked":["LikeWater+1","JustLucky+1","Prostrate+1"],"picked":"SKIP","floor":18},{"not_picked":["ReachHeaven","Protect+1"],"picked":"EmptyFist","floor":21},{"not_picked":["ReachHeaven","WheelKick"],"picked":"Alpha","floor":22},{"not_picked":["Consecrate","CrushJoints+1","Weave+1"],"picked":"SKIP","floor":24},{"not_picked":["CrushJoints","EmptyFist","Meditate"],"picked":"SKIP","floor":31}],"player_experience":1378800,"relics_obtained":[],"event_choices":[{"damage_healed":0,"gold_gain":0,"player_choice":"Ignored","damage_taken":0,"max_hp_gain":0,"max_hp_loss":0,"event_name":"Shining Light","floor":3,"gold_loss":0},{"damage_healed":0,"gold_gain":0,"player_choice":"Ignored","damage_taken":0,"max_hp_gain":0,"max_hp_loss":0,"event_name":"Golden Idol","floor":4,"gold_loss":0},{"damage_healed":0,"gold_gain":0,"player_choice":"Grow","damage_taken":0,"max_hp_gain":0,"max_hp_loss":0,"event_name":"Living Wall","floor":7,"gold_loss":0,"cards_upgraded":["Eruption"]},{"damage_healed":0,"gold_gain":0,"player_choice":"Ignored","damage_taken":0,"max_hp_gain":0,"max_hp_loss":0,"event_name":"Liars Game","floor":12,"gold_loss":0},{"damage_healed":0,"gold_gain":0,"player_choice":"Became a vampire","damage_taken":0,"max_hp_gain":0,"max_hp_loss":22,"event_name":"Vampires","floor":19,"gold_loss":0,"cards_obtained":["Bite","Bite","Bite","Bite","Bite"]},{"damage_healed":0,"gold_gain":0,"player_choice":"Ignored","damage_taken":0,"max_hp_gain":0,"max_hp_loss":0,"event_name":"Cursed Tome","floor":20,"gold_loss":0},{"cards_removed":["Defend_P"],"damage_healed":0,"gold_gain":0,"player_choice":"Gave Gold","damage_taken":0,"max_hp_gain":0,"max_hp_loss":0,"event_name":"Beggar","floor":27,"gold_loss":75},{"damage_healed":0,"gold_gain":0,"player_choice":"Ignored","damage_taken":0,"max_hp_gain":0,"max_hp_loss":0,"event_name":"The Mausoleum","floor":28,"gold_loss":0}],"is_beta":false,"boss_relics":[{"not_picked":["Busted Crown","Astrolabe","Pandora\u0027s Box"]}],"items_purged_floors":[30],"is_endless":false,"potions_floor_spawned":[6,11,14,16,22,24,31],"killed_by":"Champ","ascension_level":0}}