{"host":"e6sgj53qqwx3piqv","time":1610856791,"event":{"mods":["AchievementEnabler","BaseMod","BetterRewards","Colored Powertips","Hubris","Infinite Spire","Minty Spire (QoL Compilation)","Quick Restart","Replay The Spire","Shop Mod","StSLib","The Jungle"],"gold_per_floor":[110,110,110,120,6,34,49,67,92,92,92,92,92,20,20,123,123,134,146,19,34,46,81,81,96,144,84,84,95,109,109,109,215,215,242,242,272,272,39,39,56,56,81,81,81,81,106,127,127,127,127],"floor_reached":50,"language":"ENG","playtime":3479,"items_purged":[],"score":687,"play_id":"d9200e20-d2b3-4ccd-b3b9-57adf23dfffb","local_time":"20210116231311","is_ascension_mode":false,"campfire_choices":[{"data":"Bouncing Flask","floor":10,"key":"SMITH"},{"data":"Finisher","floor":12,"key":"SMITH"},{"data":"Toxin Wave","floor":15,"key":"SMITH"},{"floor":24,"key":"REST"},{"floor":28,"key":"REST"},{"floor":32,"key":"REST"},{"data":"ReplayTheSpireMod:Scrap Shanks","floor":40,"key":"PURGE"},{"data":"Bouncing Flask","floor":42,"key":"SMITH"},{"data":"Noxious Fumes","floor":44,"key":"SMITH"},{"data":"Mind Blast","floor":46,"key":"SMITH"},{"floor":49,"key":"REST"}],"circlet_count":0,"master_deck":["Strike_G","Strike_G","Strike_G","Strike_G","Strike_G","Defend_G","Defend_G","Defend_G","Defend_G","Defend_G","Survivor","Neutralize","PiercingWail","Finisher+1","Bouncing Flask+1","Toxin Wave+1","Dash","Deflect","Deflect","Backflip","Noxious Fumes+1","Atom Bomb","Poisoned Stab","Poisoned Stab","Backflip","Finisher","All Out Attack","Bouncing Flask+1","Fluid Movement+1","Draining Mist+1","Wraith Form v2","Dagger Spray","PiercingWail+1","Mind Blast+1","Survey Options","Discovery","Apotheosis","Bane","Flying Knee","Backflip","Deadly Poison","Outmaneuver+1","Night Terror"],"relics":["Sizzling Blood","NeowsBlessing","infinitespire:Cubic Diamond","Centennial Puzzle","ReplayTheSpireMod:TigerMarble","Lantern","Painkiller Herb","Peace Pipe","ReplayFunnel","hubris:Icosahedron","infinitespire:EvilPickle","hubris:GrandSneckoEye","hubris:Towel","Boot"],"acts_visited":["Exordium","TheCity","TheBeyond"],"potions_floor_usage":[16,21,23,25,33,47,48,50,50,50],"damage_taken":[{"damage":0,"enemies":"Jaw Worm","floor":1,"turns":1},{"damage":0,"enemies":"2 Louse","floor":4,"turns":1},{"damage":0,"enemies":"Gremlin Nob","floor":6,"turns":1},{"damage":0,"enemies":"Small Slimes","floor":7,"turns":3},{"damage":2,"enemies":"Looter","floor":8,"turns":3},{"damage":26,"enemies":"Fading Forest","floor":16,"turns":11},{"damage":0,"enemies":"Spheric Guardian","floor":18,"turns":1},{"damage":3,"enemies":"Shell Parasite","floor":19,"turns":4},{"damage":10,"enemies":"Snake Plant","floor":21,"turns":2},{"damage":41,"enemies":"Shelled Parasite and Fungi","floor":22,"turns":6},{"damage":17,"enemies":"Gremlin Leader","floor":23,"turns":6},{"damage":29,"enemies":"Centurion and Healer","floor":25,"turns":5},{"damage":9,"enemies":"Sentry and Sphere","floor":29,"turns":4},{"damage":11,"enemies":"Shelled Parasite and Fungi","floor":30,"turns":3},{"damage":10,"enemies":"Pondfish","floor":33,"turns":9},{"damage":0,"enemies":"Orb Walker","floor":35,"turns":4},{"damage":7,"enemies":"3 Shapes","floor":37,"turns":4},{"damage":11,"enemies":"Transient","floor":41,"turns":5},{"damage":6,"enemies":"Sphere and 2 Shapes","floor":47,"turns":3},{"damage":35,"enemies":"Jaw Worm Horde","floor":48,"turns":5},{"damage":48,"enemies":"Awakened One","floor":50,"turns":9}],"seed_played":"-5926815596130100565","potions_obtained":[{"floor":1,"key":"Elixir"},{"floor":4,"key":"Toxic Potion"},{"floor":6,"key":"FearPotion"},{"floor":16,"key":"infinitespire:BlackPotion"},{"floor":21,"key":"PowerPotion"},{"floor":23,"key":"LiquidMemories"},{"floor":25,"key":"FearPotion"},{"floor":29,"key":"ColorlessPotion"},{"floor":33,"key":"LiquidBronze"},{"floor":48,"key":"SkillPotion"}],"is_trial":false,"path_per_floor":["M","?","?","M","$","E","M","M","T","R","?","R","T","$","R","B",null,"?","?","T","?","?","E","T","?","T","?","T","?","?","?","T","B",null,"?","?","?","?","T","T","?","T","T","T","?","T","?","?","T","B"],"character_chosen":"THE_SILENT","items_purchased":["Toxin Wave","Dash","Noxious Fumes","Poisoned Stab","ReplayTheSpireMod:Scrap Shanks","Apotheosis","Bane","Flying Knee"],"campfire_rested":4,"item_purchase_floors":[5,5,14,20,20,39,39,39],"current_hp_per_floor":[70,70,70,70,70,70,70,70,70,70,70,70,70,70,70,48,70,70,70,70,64,27,14,35,10,10,10,31,26,19,19,40,34,70,70,70,67,57,57,57,50,50,50,50,50,50,48,17,38,0,0],"gold":127,"neow_bonus":"THREE_ENEMY_KILL","is_daily":false,"chose_seed":false,"campfire_upgraded":6,"win_rate":0.0,"timestamp":1610856791,"path_taken":["M","?","?","M","$","E","M","M","T","R","?","R","?","$","R","BOSS","?","?","T","?","?","E","T","?","T","?","T","?","?","?","T","BOSS","?","?","?","?","T","T","?","T","T","T","?","T","?","?","T","BOSS"],"items_purchased_type":["Card","Card","Card","Card","Card","Card","Card","Card"],"build_version":"2020-12-22","purchased_purges":0,"victory":false,"max_hp_per_floor":[70,70,70,70,70,70,70,70,70,70,70,70,70,70,70,70,70,70,70,70,70,70,70,70,70,70,70,70,70,70,70,70,70,70,70,70,70,70,70,70,70,70,70,70,70,70,70,70,70,70,70],"card_choices":[{"not_picked":["hubris:SlightOfHand","Masterful Stab"],"picked":"PiercingWail","floor":1},{"not_picked":["Quick Slash","Choke"],"picked":"Bouncing Flask","floor":4},{"not_picked":["Outmaneuver","Blade Dance"],"picked":"Deflect","floor":6},{"not_picked":["Reflex","Outmaneuver"],"picked":"Deflect","floor":7},{"not_picked":["Slice","Bane"],"picked":"Backflip","floor":8},{"not_picked":["Phantasmal Killer","Storm of Steel"],"picked":"Atom Bomb","floor":16},{"not_picked":["Deflect","Dagger Throw+1"],"picked":"ReplayTheSpireMod:Tripwire+1","floor":18},{"not_picked":["Prepared","Dagger Spray"],"picked":"Poisoned Stab","floor":19},{"not_picked":["ReplayTheSpireMod:Shiv Toss+1","Dodge and Roll"],"picked":"Backflip","floor":21},{"not_picked":["Underhanded Strike","Acrobatics+1"],"picked":"Finisher","floor":22},{"not_picked":["Fluid Movement","hubris:TrickCloak+1"],"picked":"All Out Attack","floor":23},{"not_picked":["Cloak And Dagger","Well Laid Plans"],"picked":"Bouncing Flask","floor":25},{"not_picked":["Finisher","Dodge and Roll"],"picked":"Fluid Movement+1","floor":29},{"not_picked":["Underhanded Strike+1","ReplayTheSpireMod:Tripwire+1"],"picked":"Draining Mist+1","floor":30},{"not_picked":["infinitespire:Neurotoxin","Burst"],"picked":"Wraith Form v2","floor":33},{"not_picked":["Hidden Blade","hubris:SlightOfHand"],"picked":"Dagger Spray","floor":35},{"not_picked":["Expertise","Dagger Throw+1"],"picked":"PiercingWail+1","floor":37},{"not_picked":["Replay:Bootleg Shield Generator","hubris:Ssssneak"],"picked":"Mind Blast","floor":38},{"not_picked":["Specialist","ReplayTheSpireMod:Brewmster"],"picked":"Survey Options","floor":38},{"not_picked":["PanicButton","Midas Touch"],"picked":"Discovery","floor":38},{"not_picked":["Finisher+1","Dagger Throw+1"],"picked":"Backflip","floor":41},{"not_picked":["PiercingWail","Hidden Blade"],"picked":"Outmaneuver+1","floor":47},{"not_picked":["Backstab","Bane"],"picked":"Night Terror","floor":48}],"player_experience":131745,"relics_obtained":[{"floor":6,"key":"Centennial Puzzle"},{"floor":9,"key":"ReplayTheSpireMod:TigerMarble"},{"floor":13,"key":"Lantern"},{"floor":23,"key":"Peace Pipe"},{"floor":26,"key":"ReplayFunnel"},{"floor":43,"key":"Boot"}],"event_choices":[{"damage_healed":0,"gold_gain":0,"player_choice":"Ignored","damage_taken":0,"max_hp_gain":0,"max_hp_loss":0,"event_name":"Liars Game","floor":11,"gold_loss":0},{"damage_healed":0,"gold_gain":0,"player_choice":"Memory 3","damage_taken":10,"max_hp_gain":0,"max_hp_loss":0,"event_name":"SensoryStone","floor":38,"gold_loss":0},{"damage_healed":0,"gold_gain":0,"cards_transformed":["ReplayTheSpireMod:Tripwire"],"player_choice":"Transformed","damage_taken":0,"max_hp_gain":0,"max_hp_loss":0,"event_name":"Transmorgrifier","floor":45,"gold_loss":0,"cards_obtained":["Deadly Poison"]}],"is_beta":false,"boss_relics":[{"not_picked":["Fusion Hammer","hubris:CrackedHourglass"],"picked":"Painkiller Herb"},{"not_picked":["Astrolabe","Replay:Ancient Bell"],"picked":"hubris:GrandSneckoEye"}],"items_purged_floors":[],"is_endless":false,"potions_floor_spawned":[1,4,6,16,21,23,25,29,33,47,48],"killed_by":"Awakened One","ascension_level":0}}