{"host":"lb27wy21808d043q","time":1610921647,"event":{"mods":["AchievementEnabler","BaseMod","BetterRewards","Clockwork Mod","Colored Map","Conspire","Curses Come First","Halation","Highlight Path","Hubris","Infinite Spire","Marisa????????","Minty Spire (QoL Compilation)","Replay The Spire","StSLib","The Bug Knight","The Servant 0.9.4","Yuri Mod"],"gold_per_floor":[118,133,133,58,58,91,105,105,105,30,30,30,44,61,61,158,158,177,177,191,191,204,204,232,232,302,147,161,161,161],"floor_reached":29,"language":"ENG","playtime":1964,"items_purged":["HollowMod:QuickDashStart","HollowMod:LifebloodCore"],"score":243,"play_id":"9dd7d395-0d34-4840-86ea-d5702366ba54","local_time":"20210117231407","is_ascension_mode":false,"campfire_choices":[{"data":"HollowMod:HowlingWraiths","floor":8,"key":"SMITH"},{"data":"Blind","floor":11,"key":"SMITH"},{"floor":15,"key":"REST"},{"floor":23,"key":"REST"}],"circlet_count":0,"master_deck":["HollowMod:NailStrikeStart","HollowMod:NailStrikeStart+1","HollowMod:NailStrikeStart","HollowMod:NailStrikeStart","HollowMod:QuickDashStart","HollowMod:QuickDashStart","HollowMod:QuickDashStart","HollowMod:FocusHealStart+1","HollowMod:PogoStrike+1","Blind+1","HollowMod:SoulEater+1","HollowMod:HowlingWraiths+1","HollowMod:BaldurShell","HollowMod:SoulStrike","HollowMod:MantisMark+1","HollowMod:LifebloodCocoon","HollowMod:FallenFury+1","HollowMod:SharpenedNail","HollowMod:DoubleDash"],"relics":["HollowMod:VesselMask","Bronze Scales","Ring of Chaos","hubris:Towel","Counterbalance","Letter Opener","conspire:DecoderRing","Whetstone"],"acts_visited":["Exordium","TheCity"],"potions_floor_usage":[16,22,24,24,24,24,24],"damage_taken":[{"damage":0,"enemies":"Small Slimes","floor":1,"turns":3},{"damage":6,"enemies":"Jaw Worm","floor":2,"turns":4},{"damage":26,"enemies":"Gremlin Nob","floor":6,"turns":4},{"damage":1,"enemies":"Cultist","floor":7,"turns":3},{"damage":28,"enemies":"Exordium Thugs","floor":13,"turns":5},{"damage":13,"enemies":"3 Louse","floor":14,"turns":4},{"damage":35,"enemies":"HollowMod:FalseKnight","floor":16,"turns":11},{"damage":2,"enemies":"Chosen","floor":18,"turns":4},{"damage":21,"enemies":"Spheric Guardian","floor":20,"turns":4},{"damage":46,"enemies":"Chosen and Byrds","floor":22,"turns":7},{"damage":20,"enemies":"Slavers","floor":24,"turns":3},{"damage":25,"enemies":"Centurion and Healer","floor":28,"turns":6},{"damage":17,"enemies":"3 Cultists","floor":29,"turns":3}],"seed_played":"2870948806297890783","potions_obtained":[{"floor":1,"key":"Milkshake"},{"floor":6,"key":"Languid Potion"},{"floor":16,"key":"Reflective Coating"},{"floor":22,"key":"EntropicBrew"}],"is_trial":false,"path_per_floor":["M","M","?","?","?","E","M","R","T","$","R","$","M","M","R","B",null,"M","?","M","?","M","R","E","AVR","T","$","M","M"],"character_chosen":"THE_BUGKNIGHT","items_purchased":["Whetstone"],"campfire_rested":2,"item_purchase_floors":[27],"current_hp_per_floor":[75,75,60,65,65,39,44,44,44,44,44,44,28,21,45,22,80,78,78,57,57,21,45,25,25,25,25,10,0,0],"gold":161,"neow_bonus":"RANDOM_COLORLESS","is_daily":false,"chose_seed":false,"campfire_upgraded":2,"win_rate":0.0,"timestamp":1610921647,"path_taken":["M","M","?","?","?","E","M","R","T","?","R","$","M","M","R","BOSS","M","?","M","?","?","R","E","AVR","T","?","M","M"],"items_purchased_type":["Relic"],"build_version":"2020-12-22","purchased_purges":2,"victory":false,"max_hp_per_floor":[75,75,75,80,80,80,80,80,80,80,80,80,80,80,80,80,80,80,80,80,80,80,80,80,80,80,80,80,80,80],"card_choices":[{"not_picked":["Good Instincts","Replay:Parry"],"picked":"Blind","floor":0},{"not_picked":["HollowMod:QuirrelsAssistance","HollowMod:DoubleDash"],"picked":"HollowMod:SoulEater","floor":1},{"not_picked":["HollowMod:SiblingsSouls","HollowMod:GrimmsGift"],"picked":"HollowMod:HowlingWraiths","floor":2},{"not_picked":["HollowMod:NewLittleFool","HollowMod:MidwifesHunger"],"picked":"HollowMod:BaldurShell","floor":6},{"not_picked":["HollowMod:ShapeofUnn","HollowMod:TaintedHusks"],"picked":"HollowMod:SoulStrike","floor":7},{"not_picked":["HollowMod:DescendingDark","HollowMod:HowlingWraiths"],"picked":"HollowMod:MantisMark","floor":13},{"not_picked":["HollowMod:HowlingWraiths","HollowMod:AbyssShriek","HollowMod:InfectedCysts"],"picked":"SKIP","floor":14},{"not_picked":["HollowMod:Weaversong","HollowMod:MidwifesHunger"],"picked":"HollowMod:LifebloodCore","floor":16},{"not_picked":["HollowMod:SoulStrike","HollowMod:MawleksShell"],"picked":"HollowMod:LifebloodCocoon","floor":18},{"not_picked":["HollowMod:LifebloodCocoon","HollowMod:MawleksShell"],"picked":"HollowMod:FallenFury","floor":20},{"not_picked":["HollowMod:CrystalDash","HollowMod:NewGlowingWomb","HollowMod:DescendingDark"],"picked":"SKIP","floor":22},{"not_picked":["HollowMod:DoubleDash","HollowMod:SharpenedShadows"],"picked":"HollowMod:SharpenedNail","floor":24},{"not_picked":["HollowMod:BaldurShell","HollowMod:MothsMistake"],"picked":"HollowMod:DoubleDash","floor":28}],"player_experience":21149,"relics_obtained":[{"floor":6,"key":"Bronze Scales"},{"floor":24,"key":"Counterbalance"},{"floor":26,"key":"conspire:DecoderRing"}],"event_choices":[{"damage_healed":0,"gold_gain":0,"player_choice":"Entered Light","damage_taken":15,"max_hp_gain":0,"max_hp_loss":0,"event_name":"Shining Light","floor":3,"gold_loss":0,"cards_upgraded":["HollowMod:FocusHealStart","HollowMod:PogoStrike"]},{"damage_healed":0,"gold_gain":0,"player_choice":"Upgraded","damage_taken":0,"max_hp_gain":0,"max_hp_loss":0,"event_name":"Upgrade Shrine","floor":21,"gold_loss":0,"cards_upgraded":["HollowMod:MantisMark"]}],"is_beta":false,"boss_relics":[{"not_picked":["conspire:SeveredTorchhead","Replay:Ancient Bell"],"picked":"Ring of Chaos"}],"items_purged_floors":[10,25],"is_endless":false,"potions_floor_spawned":[1,6,16,22],"killed_by":"3 Cultists","ascension_level":0}}