{"host":"3oowddqpmj34xmzc","time":1610854334,"event":{"mods":["100% Spire Juice","2.2 Compatiblity","Act Like it!","Arknights The Spire","Aspiration","BaseMod","Better Third Choice","CapriCore","Conspire","Gensokyo","Gold Saver","Gremlin Mod","GungeonMod","Hallownest","Hermit","Koishi","Marisa£®ÏF”Í°°ƒß¿Ì…≥£©","Minty Spire (QoL Compilation)","Pale of the Ancients","Reimu£®≤©¿ˆ¡È√Œ£©","Relic Stats","Remilia£®¿Ÿ√◊¿Ú—«£©","Replay The Spire","Robot Space Explorer","Spicy Shops","StSLib","The Construct","The Gatherer","The Immortal","The Marked","The Poker Player","The Servant 0.9.4","The Vixen","WarShipGirlsR/’ΩΩ¢…Ÿ≈ÆR mod","Yakumo Yukari mod","Youmu£®ªÍ∆«—˝√Œ£©","Yuyuko","[GremlinLeader]The Maniac"],"gold_per_floor":[1064,1078,1089,19,19,46,65,65,116,150,169,189,220,230,230,329,329,346,346,360,18,36,36,62,62,62,87,8,28,55,73,73,73,73],"floor_reached":33,"language":"ZHS","playtime":2711,"items_purged":["ats:Strike V","Predator"],"score":341,"play_id":"acb68382-ca1a-4155-83f1-ca9d954092e9","local_time":"20210117113214","is_ascension_mode":true,"campfire_choices":[{"data":"ats:Revitalization","floor":8,"key":"SMITH"},{"data":"ats:Burning Ground","floor":15,"key":"SMITH"},{"data":"ats:Magnetic Hammer","floor":23,"key":"SMITH"},{"data":"ats:Revitalization","floor":32,"key":"SMITH"}],"circlet_count":0,"master_deck":["ats:Defend","ats:Defend","ats:Defend","ats:Defend","ats:Emotion Absorption","ats:Magnetic Hammer+1","ats:Poison Spread","ats:Revitalization+1","ReplayTheSpireMod:Brewmster","ats:Counter Healing Mode","ats:Overload","ats:Apocalypse","ats:Mental Burst","ats:Revitalization+1","ats:Burning Ground+1","ats:Neurotoxin","ats:Dogmatic Field","ats:Revitalization+1","ats:Charging Defense","ats:Guardian Obelisk+1","ats:Song Of Battle","ats:Demon Strength+1","ats:Directed Diagnosis","ats:Overload"],"relics":["ats:Sanity","aspiration:Nostalgia","Replay:M_StaffOfTheSnake","Replay:Bottled Snecko","ats:Originium","DemoMod:MemoryAlloy","PreservedInsect","conspire:BottledYoYo","Oddly Smooth Stone","construct:WeddingRing","Gensokyo:RedStar","Mirror","Blood Vial","Kunai","Nunchaku","Replay:Mystery Machine"],"acts_visited":["Gensokyo:Gensokyo","Gensokyo:Gensokyoer"],"potions_floor_usage":[7,10,10,12,13,14,16,16,16,16,16,18,20,20,20,22,22,22,22,24,24,24,27,27,27,27,27,29,29,30,30,30,31,33],"damage_taken":[{"damage":0,"enemies":"Gensokyo:2_Kodama","floor":1,"turns":5},{"damage":8,"enemies":"Gensokyo:Gryphon","floor":2,"turns":5},{"damage":0,"enemies":"Gensokyo:3_Fairies","floor":3,"turns":4},{"damage":3,"enemies":"Gensokyo:Mamizou","floor":6,"turns":8},{"damage":1,"enemies":"Gensokyo:Python_and_Kodama","floor":7,"turns":3},{"damage":14,"enemies":"Gensokyo:Aya","floor":10,"turns":5},{"damage":0,"enemies":"Gensokyo:Kitsune","floor":11,"turns":3},{"damage":3,"enemies":"Gensokyo:2_Rabbits","floor":12,"turns":5},{"damage":13,"enemies":"Gensokyo:Mamizou","floor":13,"turns":6},{"damage":22,"enemies":"Gensokyo:3_Kodama","floor":14,"turns":6},{"damage":31,"enemies":"Gensokyo:Yukari","floor":16,"turns":12},{"damage":6,"enemies":"Gensokyo:2_Gloops","floor":18,"turns":4},{"damage":32,"enemies":"Gensokyo:3_Dogs","floor":20,"turns":3},{"damage":125,"enemies":"Gensokyo:Slime_Group","floor":22,"turns":11},{"damage":80,"enemies":"Gensokyo:Tenshi","floor":24,"turns":7},{"damage":47,"enemies":"Gensokyo:Koishi","floor":27,"turns":8},{"damage":38,"enemies":"Gensokyo:Swordslinger","floor":29,"turns":5},{"damage":81,"enemies":"Gensokyo:Reisen","floor":30,"turns":8},{"damage":19,"enemies":"Gensokyo:3_Gloops","floor":31,"turns":6},{"damage":92,"enemies":"Gensokyo:Eternal_Rivals","floor":33,"turns":10}],"seed_played":"6240996905155783189","potions_obtained":[{"floor":3,"key":"Reflective Coating"},{"floor":13,"key":"Swift Potion"},{"floor":14,"key":"DemoMod:LeadSkinPotion"},{"floor":18,"key":"Flashbang"},{"floor":24,"key":"ats:Top Emergency Sanity Potion"},{"floor":27,"key":"Strength Potion"},{"floor":29,"key":"PowerPotion"}],"is_trial":false,"path_per_floor":["M","M","M","$","?","E","M","R","T","E","M","M","E","M","R","B",null,"M","?","M","$","M","R","E","?","T","E","$","M","E","M","R","B"],"character_chosen":"DOCTOR_CLASS","items_purchased":["ats:Revitalization","ReplayTheSpireMod:Brewmster","Replay:Bottled Snecko","ats:Counter Healing Mode","aspiration:AnachronicSnailShell","Mirror","ats:Directed Diagnosis"],"campfire_rested":0,"item_purchase_floors":[4,4,4,4,4,21,28],"current_hp_per_floor":[72,64,64,64,64,63,62,62,62,54,59,72,68,72,72,69,72,67,67,72,72,56,56,63,63,63,72,72,68,41,62,62,0,0],"gold":73,"neow_bonus":"NOSTALGIA","is_daily":false,"chose_seed":false,"campfire_upgraded":4,"win_rate":0.0,"timestamp":1610854334,"path_taken":["M","M","M","$","?","E","M","R","T","E","M","M","E","M","R","BOSS","M","?","M","$","M","R","E","?","T","E","?","M","E","M","R","BOSS"],"items_purchased_type":["Card","Card","Relic","Card","Relic","Relic","Card"],"build_version":"2020-12-22","purchased_purges":2,"victory":false,"max_hp_per_floor":[72,72,72,72,72,72,72,72,72,72,72,72,72,72,72,72,72,72,72,72,72,72,72,72,72,72,72,72,72,72,72,72,36,36],"relic_stats":{"Blood Vial":6,"Nunchaku":[2],"counters":[20,121],"PreservedInsect":164,"Kunai":[0],"obtain_stats":[{"Replay:M_StaffOfTheSnake":0,"construct:WeddingRing":17,"aspiration:Nostalgia":0,"DemoMod:MemoryAlloy":6,"Oddly Smooth Stone":13,"DemoMod:GlassGuonStoneRelic":2,"PreservedInsect":9,"Replay:Mystery Machine":30,"Gensokyo:RedStar":19,"Blood Vial":24,"Frozen Eye":27,"Nunchaku":27,"ats:Originium":6,"aspiration:AnachronicSnailShell":4,"conspire:BottledYoYo":10,"ats:Sanity":0,"Replay:Bottled Snecko":4,"Kunai":26,"Mirror":21},{"Replay:M_StaffOfTheSnake":0,"construct:WeddingRing":11,"aspiration:Nostalgia":0,"DemoMod:MemoryAlloy":4,"Oddly Smooth Stone":9,"DemoMod:GlassGuonStoneRelic":2,"PreservedInsect":5,"Replay:Mystery Machine":18,"Gensokyo:RedStar":12,"Blood Vial":15,"Frozen Eye":15,"Nunchaku":16,"ats:Originium":4,"aspiration:AnachronicSnailShell":3,"conspire:BottledYoYo":6,"ats:Sanity":0,"Replay:Bottled Snecko":3,"Kunai":15,"Mirror":13},{"Replay:M_StaffOfTheSnake":0,"construct:WeddingRing":61,"aspiration:Nostalgia":0,"DemoMod:MemoryAlloy":22,"Oddly Smooth Stone":43,"DemoMod:GlassGuonStoneRelic":10,"PreservedInsect":25,"Replay:Mystery Machine":106,"Gensokyo:RedStar":65,"Blood Vial":85,"Frozen Eye":85,"Nunchaku":93,"ats:Originium":22,"aspiration:AnachronicSnailShell":14,"conspire:BottledYoYo":29,"ats:Sanity":0,"Replay:Bottled Snecko":14,"Kunai":85,"Mirror":68}]},"card_choices":[{"not_picked":["Crescendo","EmptyMind"],"picked":"ats:Magnetic Hammer","floor":1},{"not_picked":["ats:Assault Order","Crescendo"],"picked":"ats:Poison Spread","floor":2},{"not_picked":["ats:Support Order","ats:Part Time Job","ats:Guardian Obelisk"],"picked":"SKIP","floor":3},{"not_picked":["ats:Cat Scratch","Night Terror"],"picked":"ats:Overload","floor":6},{"not_picked":["ats:Defend Order","ats:Consecutive Shot Auto"],"picked":"ats:Apocalypse","floor":7},{"not_picked":["Acrobatics","Sanctity"],"picked":"ats:Mental Burst","floor":10},{"not_picked":["ats:Overload","ats:Hook Shot"],"picked":"ats:Revitalization","floor":11},{"not_picked":["CutThroughFate","ats:Rat Pack"],"picked":"ats:Burning Ground","floor":12},{"not_picked":["ats:Apocalypse","ats:Childhood Dance","ats:Encircling Forest"],"picked":"SKIP","floor":13},{"not_picked":["Dagger Throw","ats:Cat Scratch"],"picked":"ats:Neurotoxin","floor":14},{"not_picked":["Die Die Die","Tools of the Trade"],"picked":"ats:Dogmatic Field","floor":16},{"not_picked":["ats:Explosion Area Strengthen+1","ats:Thermite Blade+1"],"picked":"ats:Revitalization+1","floor":18},{"not_picked":["ats:Beaten Up","ats:Leaping Hammer"],"picked":"ats:Charging Defense","floor":20},{"not_picked":["ats:Leaping Hammer","ats:Magnetic Hammer"],"picked":"ats:Guardian Obelisk+1","floor":22},{"not_picked":["ats:Very Hot Blade+1","ats:Guardian Obelisk"],"picked":"ats:Song Of Battle","floor":24},{"not_picked":["ats:Cat Scratch","ats:Healing Strengthening+1"],"picked":"ats:Demon Strength+1","floor":27},{"not_picked":["ats:Hammer On","ats:Explosion Area Strengthen","ats:Support Order"],"picked":"SKIP","floor":29},{"not_picked":["ats:Apocalypse","ats:Leaping Hammer+1","ats:Powerful Strike"],"picked":"SKIP","floor":30},{"not_picked":["ats:Leaping Hammer","ats:Roar Of Ursus"],"picked":"ats:Overload","floor":31}],"player_experience":235231,"relics_obtained":[{"floor":6,"key":"ats:Originium"},{"floor":6,"key":"DemoMod:MemoryAlloy"},{"floor":9,"key":"PreservedInsect"},{"floor":10,"key":"ats:Originium"},{"floor":10,"key":"conspire:BottledYoYo"},{"floor":13,"key":"ats:Originium"},{"floor":13,"key":"Oddly Smooth Stone"},{"floor":24,"key":"Blood Vial"},{"floor":26,"key":"Kunai"},{"floor":27,"key":"Nunchaku"},{"floor":30,"key":"Replay:Mystery Machine"}],"event_choices":[],"is_beta":false,"boss_relics":[{"not_picked":["conspire:RoyalGoblet","Velvet Choker"],"picked":"construct:WeddingRing"}],"items_purged_floors":[4,21],"is_endless":false,"potions_floor_spawned":[3,6,11,13,14,18,24,27,29],"killed_by":"Gensokyo:Eternal_Rivals","ascension_level":1}}