{"host":"id1lehtnb7dzklac","time":1610895073,"event":{"mods":["AchievementEnabler","BaseMod","Bestiary","Block Reminder","Colored Map","Highlight Path","Minty Spire (QoL Compilation)","Permanent Neow","Random Character Button","StSLib","slay the spire mod where everything is the same but ironclad has a cowboy hat"],"gold_per_floor":[110,110,120,45,61,61,92,92,92,118,118,153,163,178,178,276,276,296,196,206,206,225,253,253,287,287,287,300,300,326,342,342,437,437,453,467,467,486,500,533,533,559,559,573,573,608,618,648,648,648,648,648,44,79,79],"floor_reached":56,"language":"ENG","playtime":2768,"items_purged":["WreathOfFlame","LessonLearned+1","Evaluate+1"],"score":1794,"play_id":"6e890bb1-d868-4704-b5c3-2834cdc63c1b","local_time":"20210117225113","is_ascension_mode":true,"campfire_choices":[{"data":"Vault","floor":6,"key":"SMITH"},{"data":"Evaluate","floor":8,"key":"SMITH"},{"data":"Eruption","floor":11,"key":"SMITH"},{"data":"CutThroughFate","floor":15,"key":"SMITH"},{"floor":24,"key":"RECALL"},{"data":"1","floor":32,"key":"LIFT"},{"data":"2","floor":41,"key":"LIFT"},{"data":"3","floor":49,"key":"LIFT"}],"circlet_count":0,"master_deck":["Eruption+1","Vigilance+1","CutThroughFate+1","ReachHeaven+1","CarveReality+1","Vault+1","Meditate+1","Protect+1","WheelKick+1","EmptyFist+1","EmptyBody+1","DeusExMachina+1","CrushJoints+1","InnerPeace+1","Tantrum+1","EmptyFist+1","EmptyMind+1","Vault+1","MentalFortress+1","Secret Technique+1","Adaptation+1","ClearTheMind+1","PathToVictory+1","ThirdEye+1"],"relics":["Pandora\u0027s Box","Molten Egg 2","HornCleat","PreservedInsect","Toxic Egg 2","VioletLotus","Bird Faced Urn","Girya","TeardropLocket","Nilry\u0027s Codex","Darkstone Periapt","Coffee Dripper","Toy Ornithopter","Nunchaku","Happy Flower","Potion Belt","Oddly Smooth Stone","Centennial Puzzle","Mummified Hand"],"acts_visited":["Exordium","TheCity","TheBeyond","TheEnding"],"potions_floor_usage":[55,55,55,55],"damage_taken":[{"damage":0,"enemies":"2 Louse","floor":1,"turns":4},{"damage":0,"enemies":"Cultist","floor":3,"turns":2},{"damage":0,"enemies":"Jaw Worm","floor":5,"turns":3},{"damage":0,"enemies":"Lagavulin","floor":7,"turns":5},{"damage":8,"enemies":"Gremlin Nob","floor":10,"turns":4},{"damage":0,"enemies":"3 Sentries","floor":12,"turns":3},{"damage":0,"enemies":"Large Slime","floor":13,"turns":3},{"damage":0,"enemies":"Gremlin Gang","floor":14,"turns":4},{"damage":0,"enemies":"Slime Boss","floor":16,"turns":4},{"damage":0,"enemies":"2 Thieves","floor":18,"turns":3},{"damage":0,"enemies":"3 Byrds","floor":20,"turns":4},{"damage":0,"enemies":"Snake Plant","floor":22,"turns":2},{"damage":0,"enemies":"Slavers","floor":23,"turns":4},{"damage":0,"enemies":"Gremlin Leader","floor":25,"turns":4},{"damage":2,"enemies":"Shelled Parasite and Fungi","floor":28,"turns":2},{"damage":0,"enemies":"Slavers","floor":30,"turns":3},{"damage":0,"enemies":"3 Cultists","floor":31,"turns":3},{"damage":0,"enemies":"Collector","floor":33,"turns":3},{"damage":0,"enemies":"3 Darklings","floor":35,"turns":3},{"damage":0,"enemies":"Orb Walker","floor":36,"turns":3},{"damage":0,"enemies":"Jaw Worm Horde","floor":38,"turns":3},{"damage":0,"enemies":"Spire Growth","floor":39,"turns":4},{"damage":6,"enemies":"Reptomancer","floor":40,"turns":2},{"damage":0,"enemies":"Nemesis","floor":42,"turns":2},{"damage":0,"enemies":"Sphere and 2 Shapes","floor":44,"turns":2},{"damage":0,"enemies":"Reptomancer","floor":46,"turns":3},{"damage":4,"enemies":"Maw","floor":47,"turns":3},{"damage":0,"enemies":"Giant Head","floor":48,"turns":3},{"damage":0,"enemies":"Awakened One","floor":50,"turns":4},{"damage":0,"enemies":"Shield and Spear","floor":54,"turns":3},{"damage":32,"enemies":"The Heart","floor":55,"turns":9}],"seed_played":"-5659126761409822651","potions_obtained":[{"floor":1,"key":"LiquidBronze"},{"floor":5,"key":"SkillPotion"},{"floor":10,"key":"Explosive Potion"},{"floor":13,"key":"Weak Potion"},{"floor":29,"key":"Ambrosia"},{"floor":29,"key":"FairyPotion"},{"floor":39,"key":"GamblersBrew"},{"floor":48,"key":"AttackPotion"}],"is_trial":false,"path_per_floor":["M","?","M","$","M","R","E","R","T","E","R","E","M","M","R","B",null,"M","$","M","?","M","E","R","E","T","?","M","?","E","M","R","B",null,"M","M","?","M","M","E","R","E","T","M","?","E","M","E","R","B",null,"R","$","E","B",null],"character_chosen":"WATCHER","items_purchased":["ThirdEye+1","Oddly Smooth Stone","DuplicationPotion","Strength Potion","Centennial Puzzle"],"campfire_rested":0,"item_purchase_floors":[53,53,53,53,53],"current_hp_per_floor":[72,72,72,72,72,72,72,72,72,64,64,64,64,64,64,64,72,72,72,72,72,72,72,72,72,72,56,54,54,54,54,54,54,72,72,72,62,62,66,60,60,62,62,62,62,64,62,66,66,70,72,72,72,72,57],"gold":79,"neow_bonus":"BOSS_RELIC","is_daily":false,"chose_seed":false,"campfire_upgraded":4,"win_rate":0.0,"timestamp":1610895073,"path_taken":["M","?","M","$","M","R","E","R","T","E","R","E","?","M","R","BOSS","M","$","?","?","M","E","R","E","T","?","M","?","E","M","R","BOSS","M","?","?","M","M","E","R","E","T","M","?","E","M","E","R","BOSS","R","$","E","BOSS"],"items_purchased_type":["Card","Relic","Potion","Potion","Relic"],"build_version":"2020-12-22","purchased_purges":3,"victory":true,"max_hp_per_floor":[72,72,72,72,72,72,72,72,72,72,72,72,72,72,72,72,72,72,72,72,72,72,72,72,72,72,72,72,72,72,72,72,72,72,72,72,72,72,72,72,72,72,72,72,72,72,72,72,72,72,72,72,72,72,72],"card_choices":[{"not_picked":["Worship","FlyingSleeves"],"picked":"Meditate","floor":1},{"not_picked":["Adaptation","EmptyMind"],"picked":"Protect","floor":3},{"not_picked":["FollowUp","SandsOfTime"],"picked":"Evaluate","floor":5},{"not_picked":["Nirvana","Crescendo"],"picked":"WheelKick+1","floor":7},{"not_picked":["Fasting2","Sanctity","Evaluate"],"picked":"SKIP","floor":10},{"not_picked":["JustLucky+1","SashWhip+1"],"picked":"EmptyFist+1","floor":12},{"not_picked":["FollowUp+1","Halt+1"],"picked":"EmptyBody+1","floor":13},{"not_picked":["ConjureBlade+1","CutThroughFate+1","JustLucky+1"],"picked":"SKIP","floor":14},{"not_picked":["Devotion","Brilliance+1"],"picked":"DeusExMachina+1","floor":16},{"not_picked":["Indignation+1","Crescendo+1"],"picked":"CrushJoints+1","floor":18},{"not_picked":["JustLucky+1","FollowUp+1"],"picked":"InnerPeace+1","floor":20},{"not_picked":["EmptyFist+1","ReachHeaven+1"],"picked":"Tantrum+1","floor":22},{"not_picked":["WaveOfTheHand+1","Blasphemy+1"],"picked":"EmptyFist+1","floor":23},{"not_picked":["CrushJoints+1","SashWhip+1","CarveReality+1"],"picked":"SKIP","floor":25},{"not_picked":["ThirdEye+1","JustLucky+1","FollowUp+1"],"picked":"SKIP","floor":28},{"not_picked":["FlyingSleeves+1","SashWhip+1","Halt+1"],"picked":"SKIP","floor":30},{"not_picked":["Fasting2+1","JustLucky+1"],"picked":"EmptyMind+1","floor":31},{"not_picked":["DevaForm","Judgement+1"],"picked":"Vault+1","floor":33},{"not_picked":["CrushJoints+1","FollowUp+1"],"picked":"MentalFortress+1","floor":35},{"not_picked":["Nirvana+1","BowlingBash+1","Pray+1"],"picked":"SKIP","floor":36},{"not_picked":["Finesse+1","Impatience+1"],"picked":"Secret Technique+1","floor":37},{"not_picked":["Swivel+1","BattleHymn+1"],"picked":"Adaptation+1","floor":38},{"not_picked":["Evaluate+1","Collect+1","EmptyBody+1"],"picked":"SKIP","floor":39},{"not_picked":["SashWhip+1","JustLucky+1","DeusExMachina+1"],"picked":"SKIP","floor":40},{"not_picked":["Collect+1","Study+1"],"picked":"ClearTheMind+1","floor":42},{"not_picked":["PathToVictory+1","Consecrate+1","Wireheading"],"picked":"SKIP","floor":44},{"not_picked":["ClearTheMind+1","ForeignInfluence+1","FlyingSleeves+1"],"picked":"SKIP","floor":46},{"not_picked":["Consecrate+1","JustLucky+1","SashWhip+1"],"picked":"SKIP","floor":47},{"not_picked":["Pray+1","Fasting2+1","Meditate+1"],"picked":"SKIP","floor":48},{"not_picked":["WindmillStrike+1","Perseverance+1","Devotion"],"picked":"SKIP","floor":54}],"player_experience":225347,"relics_obtained":[{"floor":7,"key":"Molten Egg 2"},{"floor":9,"key":"HornCleat"},{"floor":10,"key":"PreservedInsect"},{"floor":12,"key":"Toxic Egg 2"},{"floor":23,"key":"Bird Faced Urn"},{"floor":25,"key":"Girya"},{"floor":26,"key":"TeardropLocket"},{"floor":27,"key":"Nilry\u0027s Codex"},{"floor":30,"key":"Darkstone Periapt"},{"floor":40,"key":"Toy Ornithopter"},{"floor":42,"key":"Nunchaku"},{"floor":46,"key":"Happy Flower"},{"floor":48,"key":"Potion Belt"},{"floor":54,"key":"Mummified Hand"}],"event_choices":[{"cards_removed":["MasterReality"],"damage_healed":0,"gold_gain":0,"player_choice":"Purged","damage_taken":0,"max_hp_gain":0,"max_hp_loss":0,"event_name":"Purifier","floor":2,"gold_loss":0},{"damage_healed":0,"gold_gain":0,"player_choice":"Ignored","damage_taken":0,"max_hp_gain":0,"max_hp_loss":0,"event_name":"The Mausoleum","floor":21,"gold_loss":0},{"damage_healed":0,"gold_gain":0,"player_choice":"Obtained Book","damage_taken":16,"max_hp_gain":0,"max_hp_loss":0,"event_name":"Cursed Tome","floor":27,"gold_loss":0},{"damage_healed":0,"gold_gain":0,"player_choice":"Got Potions","damage_taken":0,"max_hp_gain":0,"max_hp_loss":0,"event_name":"Lab","floor":29,"gold_loss":0},{"damage_healed":0,"gold_gain":0,"player_choice":"Memory 3","damage_taken":10,"max_hp_gain":0,"max_hp_loss":0,"event_name":"SensoryStone","floor":37,"gold_loss":0},{"damage_healed":0,"gold_gain":0,"cards_transformed":["Evaluate"],"player_choice":"Transformed","damage_taken":0,"max_hp_gain":0,"max_hp_loss":0,"event_name":"Transmorgrifier","floor":45,"gold_loss":0,"cards_obtained":["PathToVictory"]}],"is_beta":false,"boss_relics":[{"not_picked":["SlaversCollar","Empty Cage"],"picked":"VioletLotus"},{"not_picked":["Runic Dome","Runic Pyramid"],"picked":"Coffee Dripper"}],"items_purged_floors":[4,19,53],"is_endless":false,"potions_floor_spawned":[1,5,10,12,13,14,20,25,30,33,36,39,44,46,48,54],"ascension_level":1}}