{"host":"9l1knhxfturzliqa","time":1610882492,"event":{"mods":["BaseMod","Colored Map","Colored Powertips","DeckTracker","Highlight Path","Keyboard Shortcuts","Minty Spire (QoL Compilation)","Random Character Button"],"gold_per_floor":[119,129,129,149,168,197,197,197,267,267,286,306,306,335,335,406,406,419,432,305,33,44,44,62,62,89,121,121,132,149,149,149,228,228,242,242,258,269,283,283,208,243,267,24,37,57,85,101,101,101],"floor_reached":51,"language":"KOR","playtime":4909,"items_purged":["Pain","Decay"],"score":1437,"play_id":"13b3f054-2a13-4afa-b2c0-2c017a16eefe","local_time":"20210117202132","is_ascension_mode":true,"campfire_choices":[{"floor":7.0,"key":"REST"},{"data":"Burst","floor":10.0,"key":"SMITH"},{"floor":13.0,"key":"REST"},{"data":"Flechettes","floor":15.0,"key":"SMITH"},{"floor":23.0,"key":"REST"},{"floor":25.0,"key":"REST"},{"floor":28.0,"key":"REST"},{"data":"Infinite Blades","floor":32.0,"key":"SMITH"},{"floor":40.0,"key":"REST"},{"floor":49.0,"key":"REST"}],"circlet_count":0,"master_deck":["AscendersBane","Strike_G","Strike_G+1","Strike_G","Strike_G","Defend_G","Defend_G","Defend_G","Defend_G","Survivor","Neutralize","Burst+1","Poisoned Stab","PiercingWail","Flechettes+1","Cloak And Dagger","Sucker Punch","Neutralize","Grand Finale","Bouncing Flask+1","Dagger Spray+1","Leg Sweep+1","Adrenaline+1","Distraction+1","Dodge and Roll+1","Blade Dance+1","Burst+1","Blur+1","Crippling Poison+1","Catalyst+1","Escape Plan+1","Cloak And Dagger+1","Infinite Blades+1","Night Terror+1","Terror+1","Acrobatics+1","Backflip+1","Glass Knife","Blade Dance+1","Adrenaline+1","Sadistic Nature","PiercingWail+1","Blur+1","Outmaneuver+1"],"relics":["Ring of the Snake","WarpedTongs","WingedGreaves","Toxic Egg 2","Whetstone","WristBlade","Potion Belt","Toy Ornithopter","Fusion Hammer","Akabeko","Snake Skull","FossilizedHelix"],"acts_visited":["Exordium","TheCity","TheBeyond"],"potions_floor_usage":[50,50],"damage_taken":[{"damage":3.0,"enemies":"2 Louse","floor":1.0,"turns":5.0},{"damage":4.0,"enemies":"Cultist","floor":2.0,"turns":5.0},{"damage":5.0,"enemies":"Jaw Worm","floor":4.0,"turns":7.0},{"damage":15.0,"enemies":"Lots of Slimes","floor":5.0,"turns":7.0},{"damage":27.0,"enemies":"3 Sentries","floor":6.0,"turns":11.0},{"damage":3.0,"enemies":"Looter","floor":11.0,"turns":3.0},{"damage":0.0,"enemies":"3 Louse","floor":12.0,"turns":4.0},{"damage":15.0,"enemies":"Lagavulin","floor":14.0,"turns":3.0},{"damage":38.0,"enemies":"The Guardian","floor":16.0,"turns":15.0},{"damage":0.0,"enemies":"Chosen","floor":18.0,"turns":3.0},{"damage":33.0,"enemies":"Spheric Guardian","floor":19.0,"turns":4.0},{"damage":13.0,"enemies":"Chosen and Byrds","floor":22.0,"turns":10.0},{"damage":10.0,"enemies":"3 Cultists","floor":24.0,"turns":4.0},{"damage":5.0,"enemies":"Gremlin Leader","floor":27.0,"turns":6.0},{"damage":0.0,"enemies":"Centurion and Healer","floor":29.0,"turns":6.0},{"damage":2.0,"enemies":"Snake Plant","floor":30.0,"turns":5.0},{"damage":33.0,"enemies":"Collector","floor":33.0,"turns":6.0},{"damage":7.0,"enemies":"Orb Walker","floor":35.0,"turns":4.0},{"damage":11.0,"enemies":"3 Darklings","floor":37.0,"turns":4.0},{"damage":12.0,"enemies":"Writhing Mass","floor":38.0,"turns":6.0},{"damage":0.0,"enemies":"Sphere and 2 Shapes","floor":39.0,"turns":5.0},{"damage":11.0,"enemies":"Reptomancer","floor":42.0,"turns":5.0},{"damage":6.0,"enemies":"4 Shapes","floor":45.0,"turns":2.0},{"damage":0.0,"enemies":"Jaw Worm Horde","floor":46.0,"turns":3.0},{"damage":33.0,"enemies":"Giant Head","floor":47.0,"turns":6.0},{"damage":0.0,"enemies":"Transient","floor":48.0,"turns":6.0},{"damage":30,"enemies":"Time Eater","floor":50,"turns":6}],"seed_played":"3512713146229313036","potions_obtained":[{"floor":5.0,"key":"Fire Potion"},{"floor":6.0,"key":"Block Potion"},{"floor":11.0,"key":"FairyPotion"},{"floor":12.0,"key":"AttackPotion"},{"floor":16.0,"key":"AttackPotion"},{"floor":22.0,"key":"LiquidBronze"},{"floor":24.0,"key":"PowerPotion"},{"floor":27.0,"key":"Block Potion"},{"floor":30.0,"key":"DistilledChaos"},{"floor":33.0,"key":"Block Potion"},{"floor":37.0,"key":"EntropicBrew"},{"floor":45.0,"key":"Swift Potion"},{"floor":46.0,"key":"Poison Potion"}],"is_trial":false,"path_per_floor":["M","M","?","M","M","E","R","?","T","R","M","M","R","E","R","B",null,"M","M","$","$","M","R","M","R","T","E","R","M","M","?","R","B",null,"M","?","M","M","M","R","?","E","T","$","M","M","E","M","R","B",null],"character_chosen":"THE_SILENT","items_purchased":["Blade Dance+1","Burst+1","Blur+1","Sadistic Nature","Weak Potion"],"campfire_rested":7,"item_purchase_floors":[20,21,21,44,44],"current_hp_per_floor":[56,52,52,47,32,5,24,24,24,24,21,21,40,25,25,7,51,51,18,18,18,5,24,14,33,33,28,47,47,50,50,50,17,54,52,52,41,29,34,52,52,52,52,52,51,51,23,23,41,21],"gold":101,"neow_bonus":"THREE_RARE_CARDS","is_daily":false,"chose_seed":false,"campfire_upgraded":3,"win_rate":0.0,"timestamp":1610882492,"path_taken":["M","M","?","M","?","E","R","?","T","R","M","M","R","E","R","BOSS","M","?","$","$","M","R","M","R","T","E","R","M","M","?","R","BOSS","M","?","M","M","M","R","?","E","T","$","M","?","E","M","R","BOSS"],"items_purchased_type":["Card","Card","Card","Card","Potion"],"build_version":"2020-12-22","purchased_purges":2,"victory":true,"max_hp_per_floor":[66,66,66,66,66,66,66,66,66,66,66,66,66,66,66,66,66,66,66,66,66,66,66,66,66,66,66,66,66,66,66,66,66,66,66,63,63,63,63,63,63,63,63,63,63,63,63,63,63,63],"card_choices":[{"not_picked":["Tools of the Trade","Phantasmal Killer"],"picked":"Burst","floor":0.0},{"not_picked":["Underhanded Strike","Well Laid Plans"],"picked":"Poisoned Stab","floor":1.0},{"not_picked":["Tactician","Backstab"],"picked":"PiercingWail","floor":2.0},{"not_picked":["Noxious Fumes","Accuracy"],"picked":"Flechettes","floor":4.0},{"not_picked":["Flying Knee","Quick Slash"],"picked":"Cloak And Dagger","floor":5.0},{"not_picked":["Skewer","Quick Slash"],"picked":"Sucker Punch","floor":6.0},{"not_picked":["Finisher","Flechettes"],"picked":"Bouncing Flask+1","floor":11.0},{"not_picked":["Bouncing Flask+1","Accuracy"],"picked":"Dagger Spray","floor":12.0},{"not_picked":["Outmaneuver+1","Dodge and Roll+1"],"picked":"Leg Sweep+1","floor":14.0},{"not_picked":["Night Terror+1","Wraith Form v2"],"picked":"Adrenaline+1","floor":16.0},{"not_picked":["Dagger Throw","Outmaneuver+1"],"picked":"Distraction+1","floor":18.0},{"not_picked":["Quick Slash","Choke"],"picked":"Dodge and Roll+1","floor":19.0},{"not_picked":["Dodge and Roll+1","Heel Hook"],"picked":"Crippling Poison+1","floor":22.0},{"not_picked":["Quick Slash","Blur+1"],"picked":"Catalyst+1","floor":24.0},{"not_picked":["Sucker Punch","Deflect+1"],"picked":"Escape Plan+1","floor":27.0},{"not_picked":["Cloak And Dagger+1","Grand Finale","Expertise+1"],"picked":"SKIP","floor":29.0},{"not_picked":["Grand Finale","Expertise+1"],"picked":"Cloak And Dagger+1","floor":29.0},{"not_picked":["Cloak And Dagger+1","Footwork"],"picked":"Infinite Blades","floor":30.0},{"not_picked":["A Thousand Cuts","Phantasmal Killer+1"],"picked":"Night Terror+1","floor":33.0},{"not_picked":["Deflect+1","Prepared+1"],"picked":"Terror+1","floor":35.0},{"not_picked":["Endless Agony","Quick Slash+1"],"picked":"Acrobatics+1","floor":37.0},{"not_picked":["Outmaneuver+1","Poisoned Stab+1"],"picked":"Backflip+1","floor":38.0},{"not_picked":["Riddle With Holes+1","All Out Attack","Heel Hook"],"picked":"SKIP","floor":39.0},{"not_picked":["Expertise+1","Blur+1"],"picked":"Adrenaline+1","floor":42.0},{"not_picked":["Quick Slash","Bane"],"picked":"PiercingWail+1","floor":45.0},{"not_picked":["Prepared+1","Predator"],"picked":"Blur+1","floor":46.0},{"not_picked":["Reflex+1","Poisoned Stab+1"],"picked":"Outmaneuver+1","floor":47.0},{"not_picked":["Quick Slash","All Out Attack","Tools of the Trade"],"picked":"SKIP","floor":48.0}],"player_experience":481472,"relics_obtained":[{"floor":6.0,"key":"WingedGreaves"},{"floor":9.0,"key":"Toxic Egg 2"},{"floor":14.0,"key":"Whetstone"},{"floor":26.0,"key":"Potion Belt"},{"floor":27.0,"key":"Toy Ornithopter"},{"floor":42.0,"key":"Akabeko"},{"floor":43.0,"key":"Snake Skull"},{"floor":47.0,"key":"FossilizedHelix"}],"event_choices":[{"damage_healed":0.0,"max_hp_gain":0.0,"max_hp_loss":0.0,"gold_gain":0.0,"event_name":"Accursed Blacksmith","player_choice":"Rummage","floor":3.0,"gold_loss":0.0,"damage_taken":0.0,"relics_obtained":["WarpedTongs"],"cards_obtained":["Pain"]},{"damage_healed":0.0,"max_hp_gain":0.0,"max_hp_loss":0.0,"gold_gain":0.0,"event_name":"Match and Keep!","player_choice":"2 cards matched","floor":8.0,"gold_loss":0.0,"damage_taken":0.0,"cards_obtained":["Neutralize","Grand Finale"]},{"damage_healed":0.0,"max_hp_gain":0.0,"max_hp_loss":0.0,"gold_gain":0.0,"event_name":"The Mausoleum","player_choice":"Ignored","floor":31.0,"gold_loss":0.0,"damage_taken":0.0},{"damage_healed":0.0,"max_hp_gain":0.0,"max_hp_loss":3.0,"gold_gain":0.0,"event_name":"Winding Halls","player_choice":"Max HP","floor":36.0,"gold_loss":0.0,"damage_taken":0.0},{"damage_healed":0.0,"max_hp_gain":0.0,"max_hp_loss":0.0,"gold_gain":0.0,"cards_transformed":["Strike_G","Defend_G"],"event_name":"Designer","player_choice":"Transformed Cards","floor":41.0,"gold_loss":75.0,"damage_taken":0.0,"cards_obtained":["Glass Knife","Blade Dance"]}],"is_beta":false,"boss_relics":[{"not_picked":["Ring of the Serpent","Ectoplasm"],"picked":"WristBlade"},{"not_picked":["Philosopher\u0027s Stone","Black Star"],"picked":"Fusion Hammer"}],"items_purged_floors":[20,21],"is_endless":false,"potions_floor_spawned":[5,6,11,12,16,22,24,27,30,33,37,45,46],"ascension_level":18}}