{"host":"Bilverbakes","time":1610841938,"event":{"mods":["2.2 Compatiblity","AchievementEnabler","BaseMod","Bestiary","Colored Map","Minty Spire (QoL Compilation)","Relic Stats","StSLib","ojb\u0027s Info Mod"],"gold_per_floor":[99,99,99,99,99,99,99,99,99,99,99,99,99,99,99,99,99,99,99,99,99,99,99,99,99],"floor_reached":24,"language":"ENG","playtime":1132,"items_purged":[],"score":492,"play_id":"71b7f89d-7654-435d-924a-a797ba2964db","local_time":"20210116180538","is_ascension_mode":true,"campfire_choices":[{"data":"Eruption","floor":6,"key":"SMITH"},{"floor":10,"key":"REST"},{"data":"CrushJoints","floor":12,"key":"SMITH"},{"data":"Fasting2","floor":15,"key":"SMITH"},{"data":"Meditate","floor":23,"key":"SMITH"}],"circlet_count":0,"master_deck":["AscendersBane","Strike_P","Strike_P","Strike_P","Strike_P","Defend_P+1","Defend_P","Defend_P","Defend_P","Eruption+1","Vigilance+1","Meditate+1","CrushJoints+1","DeceiveReality","Vengeance","Fasting2+1","DevaForm","CurseOfTheBell","TalkToTheHand","BowlingBash","WaveOfTheHand","Blasphemy"],"relics":["Ectoplasm","NlothsMask","Ornamental Fan","Calling Bell","Boot","Kunai","Unceasing Top","Juzu Bracelet"],"acts_visited":["Exordium","TheCity"],"potions_floor_usage":[20,24],"damage_taken":[{"damage":0,"enemies":"2 Louse","floor":1,"turns":4},{"damage":5,"enemies":"Small Slimes","floor":3,"turns":3},{"damage":32,"enemies":"Gremlin Nob","floor":7,"turns":4},{"damage":0,"enemies":"Jaw Worm","floor":8,"turns":4},{"damage":0,"enemies":"Gremlin Gang","floor":11,"turns":5},{"damage":1,"enemies":"Exordium Wildlife","floor":14,"turns":2},{"damage":0,"enemies":"Slime Boss","floor":16,"turns":3},{"damage":4,"enemies":"Spheric Guardian","floor":18,"turns":8},{"damage":6,"enemies":"Shell Parasite","floor":20,"turns":7},{"damage":13,"enemies":"Centurion and Healer","floor":21,"turns":7},{"damage":13,"enemies":"Cultist and Chosen","floor":24,"turns":5}],"seed_played":"-5469602501046843879","potions_obtained":[{"floor":1,"key":"Energy Potion"},{"floor":7,"key":"GamblersBrew"},{"floor":11,"key":"Block Potion"},{"floor":21,"key":"ColorlessPotion"}],"is_trial":false,"path_per_floor":["M","?","M","?","?","R","E","M","T","R","M","R","?","M","R","B",null,"M","?","M","M","T","R","M"],"character_chosen":"WATCHER","items_purchased":[],"campfire_rested":1,"item_purchase_floors":[],"current_hp_per_floor":[61,41,36,36,36,36,4,4,4,24,24,24,24,23,23,23,57,53,53,47,34,34,34,21,21],"gold":99,"neow_bonus":"BOSS_RELIC","is_daily":false,"chose_seed":false,"campfire_upgraded":4,"win_rate":0.0,"timestamp":1610841938,"path_taken":["M","?","M","?","?","R","E","?","T","R","M","R","?","M","R","BOSS","M","?","?","M","?","R","M"],"items_purchased_type":[],"build_version":"2020-12-18","purchased_purges":0,"victory":false,"max_hp_per_floor":[68,68,68,68,68,68,68,68,68,68,68,68,68,68,68,68,68,68,68,68,68,68,68,68,68],"relic_stats":{"counters":[11,52],"Ornamental Fan":[32],"Ectoplasm":222,"Juzu Bracelet":0,"Kunai":[6],"Boot":[9],"obtain_stats":[{"Calling Bell":17,"Ornamental Fan":7,"Ectoplasm":0,"Juzu Bracelet":22,"Kunai":17,"PureWater":0,"Boot":17,"Unceasing Top":17,"NlothsMask":5},{"Calling Bell":7,"Ornamental Fan":3,"Ectoplasm":0,"Juzu Bracelet":10,"Kunai":7,"PureWater":0,"Boot":7,"Unceasing Top":7,"NlothsMask":2},{"Calling Bell":25,"Ornamental Fan":11,"Ectoplasm":0,"Juzu Bracelet":47,"Kunai":25,"PureWater":0,"Boot":25,"Unceasing Top":25,"NlothsMask":7}],"Unceasing Top":[0]},"card_choices":[{"not_picked":["WreathOfFlame","ThirdEye"],"picked":"Meditate","floor":1},{"not_picked":["ClearTheMind","WreathOfFlame"],"picked":"CrushJoints","floor":3},{"not_picked":["Swivel","FlyingSleeves"],"picked":"DeceiveReality","floor":7},{"not_picked":["Protect","Collect","JustLucky"],"picked":"SKIP","floor":8},{"not_picked":["Crescendo","SashWhip"],"picked":"Vengeance","floor":11},{"not_picked":["LikeWater","Study"],"picked":"Fasting2","floor":14},{"not_picked":["Brilliance","Alpha"],"picked":"DevaForm","floor":16},{"not_picked":["Crescendo","Swivel"],"picked":"TalkToTheHand","floor":18},{"not_picked":["Protect","ThirdEye"],"picked":"WaveOfTheHand","floor":20},{"not_picked":["FollowUp","EmptyFist"],"picked":"Blasphemy","floor":21}],"player_experience":710382,"relics_obtained":[{"floor":7,"key":"Ornamental Fan"},{"floor":17,"key":"Boot"},{"floor":17,"key":"Kunai"},{"floor":17,"key":"Unceasing Top"},{"floor":22,"key":"Juzu Bracelet"}],"event_choices":[{"damage_healed":0,"gold_gain":0,"player_choice":"Entered Light","damage_taken":20,"max_hp_gain":0,"max_hp_loss":0,"event_name":"Shining Light","floor":2,"gold_loss":0,"cards_upgraded":["Defend_P","Vigilance"]},{"damage_healed":0,"gold_gain":0,"player_choice":"Fled","damage_taken":0,"max_hp_gain":0,"max_hp_loss":0,"event_name":"Scrap Ooze","floor":4,"gold_loss":0},{"damage_healed":0,"gold_gain":0,"player_choice":"Trade","damage_taken":0,"relics_obtained":["NlothsMask"],"max_hp_gain":0,"max_hp_loss":0,"event_name":"FaceTrader","floor":5,"gold_loss":0},{"damage_healed":0,"gold_gain":0,"player_choice":"Ignored","damage_taken":0,"max_hp_gain":0,"max_hp_loss":0,"event_name":"Liars Game","floor":13,"gold_loss":0},{"damage_healed":0,"gold_gain":0,"player_choice":"1 cards matched","damage_taken":0,"max_hp_gain":0,"max_hp_loss":0,"event_name":"Match and Keep!","floor":19,"gold_loss":0,"cards_obtained":["BowlingBash"]},{"damage_healed":0,"gold_gain":0,"player_choice":"1 cards matched","damage_taken":0,"max_hp_gain":0,"max_hp_loss":0,"event_name":"Match and Keep!","floor":19,"gold_loss":0,"cards_obtained":["BowlingBash"]}],"is_beta":true,"boss_relics":[{"not_picked":["Tiny House","Black Star"],"picked":"Calling Bell"}],"items_purged_floors":[],"is_endless":false,"potions_floor_spawned":[1,7,11,21],"killed_by":"Cultist and Chosen","ascension_level":20}}