{"host":"38abhf7uonnoqlzr","time":1610913832,"event":{"mods":["Act Like it!","Aspiration","BaseMod","Beaked The Cultist","Better Note","Better Third Choice","Block Reminder","CapriCore","Colored Map","Conspire","Displayed Cursed Tome","Dota2Spire","Energized Spire","Friendly Minions","Hallownest","Hubris","Minty Spire (QoL Compilation)","Pale of the Ancients","Rare Cards Sparkle","Relic Stats","Replay The Spire","Spicy Shops","StSLib","Waifu the Spire"],"gold_per_floor":[40,40,50,68,81,81,114,114,138,152,181,200,200,8,8,110,110,122,122,136,153,153,153,22,55,82,107,128,128,142,183,183,290,290,320,379,44,87,111,153,153,172,172,199,114,176,199,231,231,243,263,297,297,0,0,24,24,24,24,62],"floor_reached":61,"language":"ENG","playtime":9361,"items_purged":["ReplayTheSpireMod:Splinters","hubris:Envy"],"score":1514,"play_id":"e6d52fcf-afe6-4c70-84e3-59a51fc19f91","local_time":"20210117210352","is_ascension_mode":false,"campfire_choices":[{"data":"beaked:MaddeningMurmurs","floor":6.0,"key":"SMITH"},{"data":"beaked:MimicHuntress","floor":8.0,"key":"SMITH"},{"floor":13.0,"key":"REST"},{"data":"beaked:MaddeningMurmurs","floor":15.0,"key":"SMITH"},{"data":"beaked:AwakenedForm","floor":23.0,"key":"SMITH"},{"data":"beaked:TuckingFeathers","floor":29.0,"key":"SMITH"},{"data":"beaked:MimicHuntress","floor":41.0,"key":"SMITH"},{"data":"beaked:RitualOfBody","floor":49.0,"key":"SMITH"},{"data":"beaked:Insight","floor":55,"key":"SMITH"},{"data":"beaked:MimicWarrior","floor":57,"key":"SMITH"}],"circlet_count":0,"master_deck":["beaked:Strike_Y","beaked:Strike_Y","beaked:Strike_Y","beaked:Strike_Y","beaked:Defend_Y","beaked:Defend_Y","beaked:Defend_Y","beaked:Ceremony","beaked:Ceremony","beaked:Ceremony","Hallownest:skillGreenpathMap","beaked:Tweet","beaked:MaddeningMurmurs+1","beaked:TuckingFeathers+1","beaked:Hexing","beaked:MimicHuntress+1","beaked:Overpower","beaked:Insight+1","beaked:Hexing","beaked:MaddeningMurmurs+1","beaked:AwakenedForm+1","beaked:Foresight+1","Poisoned Stab","Distraction","Slice","beaked:StunningBlow","beaked:DesperateSwing","beaked:DigDeep","beaked:Tweet+1","ReplayTheSpireMod:Faulty Equipment","beaked:Recite","beaked:BraceForImpact","beaked:Sacrifice+1","beaked:VigorBurst","beaked:DarkPact+1","beaked:MimicHuntress+1","beaked:Brace+1","beaked:Daydream","beaked:HuntressEssence+1","beaked:BraceForImpact+1","beaked:BraceForImpact+1","beaked:Poke","beaked:RitualOfBody+1","Hallownest:skillKingdomsEdgeMap","beaked:MimicMachine+1","beaked:MimicWarrior+1","beaked:TuckingFeathers","Apotheosis","Hallownest:curseDreamersLament"],"relics":["beaked:MendingPlumage","Hallownest:DreamNailRelic","Dota2Spire:EchoSabre","Pen Nib","Whetstone","aspiration:Nostalgia","m_ByrdBlood","Cursed Key","Sling","Simple Rune","Replay:Bandana","hubris:SlimyHat","energizedSpire:MagnifyingGlass","Pear","Membership Card","Magic Flower","aspiration:FetidBarrel","Dota2Spire:ArcaneBoots","conspire:BottledYoYo","paleoftheancients:Timepiece","paleoftheancients:KeyRelic","Oddly Smooth Stone","Gremlin Horn","paleoftheancients:SoulOfTheWatcher","Dota2Spire:Dagon","Dota2Spire:ArmletOfMordiggian"],"acts_visited":["Exordium","Hallownest:Greenpath","Hallownest:CityofTears","Hallownest:KingdomsEdge"],"potions_floor_usage":[51,60,60,60],"damage_taken":[{"damage":4.0,"enemies":"Hallownest:monsterHuskGuard","floor":1.0,"turns":4.0},{"damage":4.0,"enemies":"Hallownest:2_MossCreeps","floor":3.0,"turns":5.0},{"damage":17.0,"enemies":"Hallownest:2_Baldur","floor":4.0,"turns":4.0},{"damage":15.0,"enemies":"Hallownest:monsterFoolEater","floor":5.0,"turns":5.0},{"damage":18.0,"enemies":"Hallownest:eliteVengeflyKing","floor":7.0,"turns":9.0},{"damage":30.0,"enemies":"Hallownest:Guard_and_Warrior","floor":10.0,"turns":6.0},{"damage":16.0,"enemies":"Hallownest:eliteMossKnight","floor":11.0,"turns":6.0},{"damage":43.0,"enemies":"Hallownest:1_Ooma_and_2_Uuma","floor":12.0,"turns":7.0},{"damage":61.0,"enemies":"Hallownest:BossHornet","floor":16.0,"turns":9.0},{"damage":6.0,"enemies":"Hallownest:2_Mistakes","floor":18.0,"turns":4.0},{"damage":31.0,"enemies":"Hallownest:Flukemon_and_Top","floor":20.0,"turns":6.0},{"damage":20.0,"enemies":"Hallownest:monsterShrumalOgre","floor":21.0,"turns":5.0},{"damage":31.0,"enemies":"Hallownest:eliteSoulWarrior","floor":25.0,"turns":4.0},{"damage":75.0,"enemies":"Hallownest:2_Flukemon","floor":27.0,"turns":7.0},{"damage":88.0,"enemies":"Hallownest:3_Mistakes","floor":28.0,"turns":8.0},{"damage":20.0,"enemies":"Hallownest:Warrior_and_Youth","floor":30.0,"turns":6.0},{"damage":16.0,"enemies":"Hallownest:Nosk","floor":31.0,"turns":8.0},{"damage":74.0,"enemies":"Hallownest:BossMantisLord","floor":33.0,"turns":7.0},{"damage":44.0,"enemies":"Hallownest:Shield_Heavy","floor":35.0,"turns":6.0},{"damage":74.0,"enemies":"Hallownest:2_Littles","floor":38.0,"turns":7.0},{"damage":61.0,"enemies":"Hallownest:Slobbering_and_Violent","floor":39.0,"turns":7.0},{"damage":20.0,"enemies":"Hallownest:eliteCollector","floor":40.0,"turns":8.0},{"damage":40.0,"enemies":"Hallownest:2_Soldiers_and_1_Guardian","floor":42.0,"turns":7.0},{"damage":114.0,"enemies":"Hallownest:monsterPrimalAspid","floor":44.0,"turns":6.0},{"damage":4.0,"enemies":"Hallownest:StalkingDevout","floor":46.0,"turns":4.0},{"damage":86.0,"enemies":"Hallownest:Xero_Hu_Marmu","floor":47.0,"turns":7.0},{"damage":15.0,"enemies":"Hallownest:2_Great","floor":48.0,"turns":5.0},{"damage":52.0,"enemies":"Hallownest:Radiance","floor":50.0,"turns":10.0},{"damage":159,"enemies":"Hallownest:Radiance","floor":51,"turns":13},{"damage":67,"enemies":"Hallownest:Radiance","floor":52,"turns":11},{"damage":78,"enemies":"Hallownest:Radiance","floor":56,"turns":5},{"damage":40,"enemies":"paleoftheancients:N","floor":60,"turns":7}],"seed_played":"-580964184532085760","potions_obtained":[{"floor":4.0,"key":"ColorlessPotion"},{"floor":5.0,"key":"Weak Potion"},{"floor":7.0,"key":"Dota2Spire:HealingSalve"},{"floor":10.0,"key":"Weak Potion"},{"floor":11.0,"key":"Swift Potion"},{"floor":18.0,"key":"Milkshake"},{"floor":21.0,"key":"LiquidMemories"},{"floor":27.0,"key":"PowerPotion"},{"floor":28.0,"key":"LifebloodPotion"},{"floor":33.0,"key":"SpeedPotion"},{"floor":38.0,"key":"DistilledChaos"},{"floor":40.0,"key":"Weak Potion"},{"floor":46.0,"key":"Fire Potion"},{"floor":48.0,"key":"Elixir"},{"floor":51,"key":"DistilledChaos"}],"is_trial":false,"path_per_floor":["M","?","M","M","M","R","E","R","T","M","E","M","R","$","R","B",null,"M","?","M","M","?","R","$","E","T","M","M","R","M","E","R_BF","B",null,"M","?","$","M","M","E","R","M","T","M","?","E","M","M","R","B","M","M","?","$","R","M","R","T","?","B",null],"character_chosen":"BEAKED_THE_CULTIST","items_purchased":["aspiration:Nostalgia","beaked:MaddeningMurmurs","Sling","beaked:DigDeep","Membership Card","Magic Flower","Apotheosis","beaked:MendingBrew","Dota2Spire:Dagon"],"campfire_rested":1,"item_purchase_floors":[14,14,24,24,37,37,54,54,54],"current_hp_per_floor":[50,50,50,41,40,40,50,50,50,38,46,23,38,38,38,50,50,50,50,50,50,50,50,50,50,50,50,50,50,50,58,58,61,61,61,71,71,71,74,74,74,77,77,63,63,80,83,86,86,86,86,86,86,86,86,86,86,86,86,86],"gold":62,"neow_bonus":"RANDOM_EVENT","is_daily":false,"chose_seed":false,"campfire_upgraded":9,"win_rate":0.0,"timestamp":1610913832,"path_taken":["M","?","?","M","M","R","E","R","T","M","E","M","R","$","R","BOSS","M","?","M","M","?","R","$","E","T","M","M","R","?","E","R_BF","BOSS","M","?","?","?","?","E","R","M","T","M","?","E","M","M","R","BOSS","M","M","?","$","R","M","R","T","?","BOSS"],"items_purchased_type":["Relic","Card","Relic","Card","Relic","Relic","Card","Potion","Relic"],"build_version":"2020-12-22","purchased_purges":2,"victory":true,"max_hp_per_floor":[50,50,50,50,50,50,50,50,50,50,50,50,50,50,50,50,50,50,50,50,50,50,50,50,50,50,50,50,50,50,58,58,61,61,61,71,71,71,74,74,74,77,77,77,77,80,83,86,86,86,86,86,86,86,86,86,86,86,86,86],"relic_stats":{"Gremlin Horn":[26,26],"counters":[32,213],"Magic Flower":[248],"Pen Nib":[46],"Whetstone":["beaked:Strike_Y","beaked:Strike_Y"],"Cursed Key":3,"obtain_stats":[{"Dota2Spire:EchoSabre":7,"Gremlin Horn":50,"Dota2Spire:ArmletOfMordiggian":58,"Magic Flower":37,"Hallownest:DreamNailRelic":2,"hubris:SlimyHat":31,"Whetstone":11,"m_ByrdBlood":14,"Cursed Key":17,"Sling":24,"Replay:Bandana":26,"Dota2Spire:ArcaneBoots":43,"paleoftheancients:SoulOfTheWatcher":52,"paleoftheancients:KeyRelic":50,"Pear":36,"aspiration:Nostalgia":14,"aspiration:FetidBarrel":40,"Dota2Spire:Dagon":54,"Oddly Smooth Stone":50,"Pen Nib":9,"paleoftheancients:Timepiece":50,"Simple Rune":25,"energizedSpire:MagnifyingGlass":34,"conspire:BottledYoYo":46,"Membership Card":37,"beaked:MendingPlumage":0},{"Dota2Spire:EchoSabre":5,"Gremlin Horn":28,"Dota2Spire:ArmletOfMordiggian":31,"Magic Flower":19,"Hallownest:DreamNailRelic":1,"hubris:SlimyHat":17,"Whetstone":7,"m_ByrdBlood":8,"Cursed Key":9,"Sling":12,"Replay:Bandana":13,"Dota2Spire:ArcaneBoots":23,"paleoftheancients:SoulOfTheWatcher":30,"paleoftheancients:KeyRelic":28,"Pear":19,"aspiration:Nostalgia":8,"aspiration:FetidBarrel":22,"Dota2Spire:Dagon":30,"Oddly Smooth Stone":28,"Pen Nib":5,"paleoftheancients:Timepiece":28,"Simple Rune":13,"energizedSpire:MagnifyingGlass":18,"conspire:BottledYoYo":25,"Membership Card":19,"beaked:MendingPlumage":0},{"Dota2Spire:EchoSabre":27,"Gremlin Horn":177,"Dota2Spire:ArmletOfMordiggian":206,"Magic Flower":116,"Hallownest:DreamNailRelic":4,"hubris:SlimyHat":103,"Whetstone":39,"m_ByrdBlood":46,"Cursed Key":55,"Sling":70,"Replay:Bandana":74,"Dota2Spire:ArcaneBoots":145,"paleoftheancients:SoulOfTheWatcher":201,"paleoftheancients:KeyRelic":177,"Pear":116,"aspiration:Nostalgia":46,"aspiration:FetidBarrel":138,"Dota2Spire:Dagon":201,"Oddly Smooth Stone":177,"Pen Nib":27,"paleoftheancients:Timepiece":177,"Simple Rune":74,"energizedSpire:MagnifyingGlass":110,"conspire:BottledYoYo":155,"Membership Card":116,"beaked:MendingPlumage":0}]},"card_choices":[{"not_picked":["beaked:CursingBlood","beaked:Flinch"],"picked":"beaked:Tweet","floor":1.0},{"not_picked":["beaked:Recite","beaked:StickSmack"],"picked":"beaked:MaddeningMurmurs","floor":3.0},{"not_picked":["beaked:Tweet","beaked:WarriorEssence"],"picked":"beaked:TuckingFeathers","floor":4.0},{"not_picked":["beaked:BloodRitual","beaked:RuinSticks"],"picked":"beaked:Hexing","floor":5.0},{"not_picked":["beaked:Tweet","beaked:Foresight"],"picked":"beaked:MimicHuntress","floor":7.0},{"not_picked":["beaked:TuckingFeathers","beaked:Tradeoff"],"picked":"beaked:Overpower","floor":10.0},{"not_picked":["beaked:Pecker","beaked:DigDeep"],"picked":"beaked:Insight","floor":11.0},{"not_picked":["beaked:SacrificialAttack","beaked:CursingBlood"],"picked":"beaked:Hexing","floor":12.0},{"not_picked":["beaked:DarkTribute","Demon Form"],"picked":"beaked:AwakenedForm","floor":16.0},{"not_picked":["beaked:Tweet+1","beaked:Cower"],"picked":"beaked:Foresight+1","floor":18.0},{"not_picked":["beaked:WindBringer","beaked:Evade"],"picked":"beaked:StunningBlow","floor":20.0},{"not_picked":["beaked:Redirect","beaked:VolatileMisfortune"],"picked":"beaked:DesperateSwing","floor":21.0},{"not_picked":["beaked:Cower","beaked:RuinSticks"],"picked":"beaked:Tweet+1","floor":25.0},{"not_picked":["beaked:BarbedWire","beaked:Tweet"],"picked":"beaked:Recite","floor":27.0},{"not_picked":["beaked:Evade","beaked:SacrificialAttack"],"picked":"beaked:BraceForImpact","floor":28.0},{"not_picked":["beaked:Evade","beaked:Pecker"],"picked":"beaked:Sacrifice","floor":30.0},{"not_picked":["beaked:ShadowFade","beaked:Redirect+1"],"picked":"beaked:VigorBurst","floor":31.0},{"not_picked":["beaked:Caw","beaked:AwakenedForm"],"picked":"beaked:DarkPact","floor":33.0},{"not_picked":["beaked:CursingBlood","beaked:RuinSticks"],"picked":"beaked:MimicHuntress","floor":35.0},{"not_picked":["beaked:DigDeep","beaked:Redirect+1"],"picked":"beaked:Brace+1","floor":36.0},{"not_picked":["beaked:Flinch","beaked:CursingBlood"],"picked":"beaked:Daydream","floor":36.0},{"not_picked":["beaked:DigDeeper","beaked:Mantra"],"picked":"beaked:HuntressEssence+1","floor":38.0},{"not_picked":["beaked:Foresight+1","beaked:BarbedWire+1"],"picked":"beaked:BraceForImpact+1","floor":39.0},{"not_picked":["beaked:DarkTribute","beaked:SurvivalInstinct"],"picked":"beaked:BraceForImpact+1","floor":40.0},{"not_picked":["ReplayTheSpireMod:Wings of Steel","beaked:Redirect+1"],"picked":"beaked:Poke","floor":42.0},{"not_picked":["beaked:Windmill","beaked:BraceForImpact"],"picked":"beaked:RitualOfBody","floor":44.0},{"not_picked":["ReplayTheSpireMod:RavenHex+1","ReplayTheSpireMod:Wings of Steel"],"picked":"beaked:MimicMachine+1","floor":46.0},{"not_picked":["beaked:Brace","beaked:Resilience","beaked:DigDeeper"],"picked":"SKIP","floor":47.0},{"not_picked":["beaked:Evade+1","beaked:Replenish+1","beaked:Foresight"],"picked":"SKIP","floor":48.0},{"not_picked":["beaked:Tradeoff","Inflame"],"picked":"beaked:MimicWarrior","floor":51},{"not_picked":["beaked:BraceForImpact","beaked:Daydream+1"],"picked":"beaked:TuckingFeathers","floor":52},{"not_picked":["Massacre","beaked:Cower","beaked:Pecker"],"picked":"SKIP","floor":56}],"player_experience":212304,"relics_obtained":[{"floor":7.0,"key":"Dota2Spire:EchoSabre"},{"floor":9.0,"key":"Pen Nib"},{"floor":11.0,"key":"Whetstone"},{"floor":25.0,"key":"Simple Rune"},{"floor":26.0,"key":"Replay:Bandana"},{"floor":31.0,"key":"hubris:SlimyHat"},{"floor":36.0,"key":"Pear"},{"floor":40.0,"key":"aspiration:FetidBarrel"},{"floor":43.0,"key":"Dota2Spire:ArcaneBoots"},{"floor":46.0,"key":"conspire:BottledYoYo"},{"floor":52,"key":"paleoftheancients:SoulOfTheWatcher"},{"floor":58,"key":"Dota2Spire:ArmletOfMordiggian"}],"event_choices":[{"damage_healed":0.0,"max_hp_gain":0.0,"max_hp_loss":0.0,"gold_gain":0.0,"event_name":"conspire:Investor","player_choice":"Leave","floor":22.0,"gold_loss":0.0,"damage_taken":0.0}],"is_beta":false,"boss_relics":[{"not_picked":["Replay:Wanted Poster","Replay:Grab Bag"],"picked":"Cursed Key"},{"not_picked":["Ring of Chaos","Tiny House"],"picked":"energizedSpire:MagnifyingGlass"}],"items_purged_floors":[37,54],"is_endless":false,"potions_floor_spawned":[4,5,7,10,11,18,21,27,28,33,38,40,46,48,51],"ascension_level":0}}