{"host":"SpaceMun","time":1610852476,"event":{"mods":["Act Like it!","Astrologer","Bard","BaseMod","Better Third Choice","Gremlin Mod","Hallownest","Hermit","Jorbs\u0027s Wanderer Trilogy","Minty Spire (QoL Compilation)","Relic Stats","Robot Space Explorer","Shop Mod","StSLib","The Animator","The Bug Knight","The Construct","The Forsaken","The Hierophant","The Runesmith","TheBandit","everything is the same but u backflip on backflip","slay the spire mod where everything is the same but ironclad has a cowboy hat"],"gold_per_floor":[111,111,124,299,399,399,430,442,442,442,461,461,71,71,71,166,166,183,183,183,183,198,208,233,233,256,256,289,309,309,327,327,431,431,446,446,446,465,479,479,504,504,504,504,533,547,558,24,24,24],"floor_reached":51,"language":"ENG","playtime":3572,"items_purged":["hermit:Strike_Hermit","hermit:Strike_Hermit+1"],"score":818,"play_id":"a2c003d4-e45f-4a95-84e6-61744c69751f","local_time":"20210117030116","is_ascension_mode":false,"campfire_choices":[{"data":"hermit:Brawl","floor":6.0,"key":"SMITH"},{"floor":10.0,"key":"REST"},{"data":"hermit:Quickdraw","floor":12.0,"key":"SMITH"},{"data":"hermit:Snapshot","floor":15.0,"key":"SMITH"},{"floor":25.0,"key":"REST"},{"floor":27.0,"key":"REST"},{"floor":32.0,"key":"REST"},{"floor":40,"key":"REST"},{"floor":44,"key":"RECALL"},{"floor":49,"key":"REST"}],"circlet_count":0,"master_deck":["hermit:Strike_Hermit+1","hermit:Strike_Hermit+1","hermit:Defend_Hermit+1","hermit:Defend_Hermit+1","hermit:Defend_Hermit+1","hermit:Defend_Hermit+1","hermit:Snapshot+1","hermit:Covet","hermit:Brawl+1","hermit:Ricochet","hermit:Quickdraw+1","hermit:BodyArmor+1","hermit:Adapt+1","hermit:SprayPray+1","hermit:Gestalt","hermit:GhostlyPresence","hermit:EyeOfTheStorm+1","hermit:FlashPowder+1","hermit:FromBeyond","Discovery","Apotheosis","Mayhem","Parasite","hermit:HoleUp+1"],"relics":["hermit:Momento","hermit:Spyglass","Juzu Bracelet","CaptainsWheel","Fusion Hammer","Runesmith:AutoHammer","HollowMod:PaleOreRelic","Potion Belt","construct:ClawGrip","construct:BoolHorns","theForsaken:HumbleEgg","Toy Ornithopter","Torii","TheAbacus"],"acts_visited":["Exordium","TheCity","TheBeyond"],"potions_floor_usage":[41,41,45,45,50],"damage_taken":[{"damage":1.0,"enemies":"Small Slimes","floor":1.0,"turns":4.0},{"damage":2.0,"enemies":"2 Louse","floor":3.0,"turns":4.0},{"damage":43.0,"enemies":"3 Sentries","floor":7.0,"turns":8.0},{"damage":0.0,"enemies":"Cultist","floor":8.0,"turns":3.0},{"damage":3.0,"enemies":"3 Louse","floor":11.0,"turns":3.0},{"damage":38.0,"enemies":"Hexaghost","floor":16.0,"turns":10.0},{"damage":12.0,"enemies":"2 Thieves","floor":18.0,"turns":4.0},{"damage":0.0,"enemies":"Spheric Guardian","floor":22.0,"turns":4.0},{"damage":19.0,"enemies":"Shelled Parasite and Fungi","floor":23.0,"turns":6.0},{"damage":41.0,"enemies":"Slavers","floor":24.0,"turns":5.0},{"damage":9.0,"enemies":"Book of Stabbing","floor":28.0,"turns":7.0},{"damage":7.0,"enemies":"Snake Plant","floor":29.0,"turns":4.0},{"damage":2.0,"enemies":"Chosen and Byrds","floor":31.0,"turns":7.0},{"damage":51.0,"enemies":"Collector","floor":33.0,"turns":12.0},{"damage":0,"enemies":"3 Shapes","floor":35,"turns":3},{"damage":35,"enemies":"3 Darklings","floor":38,"turns":5},{"damage":18,"enemies":"Writhing Mass","floor":39,"turns":5},{"damage":17,"enemies":"Giant Head","floor":41,"turns":11},{"damage":10,"enemies":"Reptomancer","floor":45,"turns":5},{"damage":1,"enemies":"Spire Growth","floor":46,"turns":5},{"damage":1,"enemies":"3 Darklings","floor":47,"turns":5},{"damage":16,"enemies":"Awakened One","floor":50,"turns":11}],"seed_played":"6827020422429559385","potions_obtained":[{"floor":11.0,"key":"DuplicationPotion"},{"floor":16.0,"key":"Weak Potion"},{"floor":18.0,"key":"PowerPotion"},{"floor":24.0,"key":"FearPotion"},{"floor":29.0,"key":"Weak Potion"},{"floor":31.0,"key":"Block Potion"},{"floor":33.0,"key":"Swift Potion"},{"floor":35,"key":"SkillPotion"},{"floor":41,"key":"DuplicationPotion"},{"floor":45,"key":"SmokeBomb"}],"is_trial":false,"path_per_floor":["M","?","M","?","?","R","E","M","T","R","M","R","$","?","R","B",null,"M","?","?","?","M","M","E","R","T","R","E","M","?","M","R","B",null,"M","?","?","M","M","R","E","?","T","R","E","M","M","$","R","B",null],"character_chosen":"HERMIT","items_purchased":["CaptainsWheel","Torii","TheAbacus"],"campfire_rested":6,"item_purchase_floors":[13,48,48],"current_hp_per_floor":[81,81,79,79,79,79,36,36,36,60,57,57,57,41,41,3,82,70,70,70,70,70,51,10,34,34,58,49,42,42,40,64,13,82,82,72,72,37,19,43,26,72,72,72,62,61,60,60,72,56],"gold":24,"neow_bonus":"TEN_PERCENT_HP_BONUS","is_daily":false,"chose_seed":false,"campfire_upgraded":3,"win_rate":0.0,"timestamp":1610852476,"path_taken":["M","?","M","?","?","R","E","M","T","R","M","R","$","?","R","BOSS","M","?","?","?","M","M","E","R","T","R","E","M","?","M","R","BOSS","M","?","?","M","M","R","E","?","T","R","E","M","M","$","R","BOSS"],"items_purchased_type":["Relic","Relic","Relic"],"build_version":"2020-12-18","purchased_purges":2,"victory":true,"max_hp_per_floor":[82,82,82,82,82,82,82,82,82,82,82,82,82,82,82,82,82,82,82,82,82,82,82,82,82,82,82,82,82,82,82,82,82,82,82,82,82,82,82,82,82,72,72,72,72,72,72,72,72,72],"relic_stats":{"TheAbacus":[42],"Torii":0,"counters":[22,131],"Juzu Bracelet":4,"obtain_stats":[{"Potion Belt":28,"construct:BoolHorns":41,"construct:ClawGrip":34,"Torii":48,"Juzu Bracelet":9,"theForsaken:HumbleEgg":43,"CaptainsWheel":13,"TheAbacus":48,"Fusion Hammer":17,"Runesmith:AutoHammer":24,"HollowMod:PaleOreRelic":26,"hermit:Momento":0,"hermit:Spyglass":7,"Toy Ornithopter":45},{"Potion Belt":11,"construct:BoolHorns":18,"construct:ClawGrip":14,"Torii":21,"Juzu Bracelet":4,"theForsaken:HumbleEgg":18,"CaptainsWheel":5,"TheAbacus":21,"Fusion Hammer":6,"Runesmith:AutoHammer":10,"HollowMod:PaleOreRelic":10,"hermit:Momento":0,"hermit:Spyglass":3,"Toy Ornithopter":19},{"Potion Belt":58,"construct:BoolHorns":105,"construct:ClawGrip":81,"Torii":120,"Juzu Bracelet":19,"theForsaken:HumbleEgg":105,"CaptainsWheel":22,"TheAbacus":120,"Fusion Hammer":32,"Runesmith:AutoHammer":51,"HollowMod:PaleOreRelic":51,"hermit:Momento":0,"hermit:Spyglass":16,"Toy Ornithopter":110}],"Toy Ornithopter":0},"card_choices":[{"not_picked":["hermit:Vantage","hermit:TrackingShot"],"picked":"hermit:Brawl","floor":1.0},{"not_picked":["hermit:Virtue","hermit:TakeCover"],"picked":"hermit:Ricochet","floor":3.0},{"not_picked":["hermit:Gestalt","hermit:Desperado"],"picked":"hermit:Quickdraw","floor":7.0},{"not_picked":["hermit:CalledShot","hermit:Deadeye","hermit:TrackingShot"],"picked":"SKIP","floor":8.0},{"not_picked":["hermit:BigShot","hermit:Snipe"],"picked":"hermit:BodyArmor","floor":11.0},{"not_picked":["hermit:HeroicBravado","hermit:BlackWind"],"picked":"hermit:Adapt","floor":16.0},{"not_picked":["hermit:CursedWeapon","hermit:Desperado+1"],"picked":"hermit:SprayPray+1","floor":18.0},{"not_picked":["hermit:Horror","hermit:Feint","hermit:Quickdraw"],"picked":"SKIP","floor":22.0},{"not_picked":["hermit:Horror","hermit:Virtue+1"],"picked":"hermit:GhostlyPresence","floor":23.0},{"not_picked":["hermit:Malice+1","hermit:ItchyTrigger","hermit:Headshot"],"picked":"SKIP","floor":24.0},{"not_picked":["hermit:Coalescence","hermit:Desperado"],"picked":"hermit:EyeOfTheStorm+1","floor":28.0},{"not_picked":["hermit:SprayPray+1","hermit:Malice","hermit:CursedWeapon"],"picked":"SKIP","floor":29.0},{"not_picked":["hermit:Gestalt","hermit:Maintenance+1"],"picked":"hermit:FlashPowder+1","floor":31.0},{"not_picked":["hermit:DeadOrAlive","hermit:BlackWind"],"picked":"hermit:FromBeyond","floor":33.0},{"not_picked":["hermit:LowProfile","hermit:Headshot","hermit:Snipe"],"picked":"SKIP","floor":35},{"not_picked":["Dramatic Entrance","HandOfGreed"],"picked":"Discovery","floor":36},{"not_picked":["Chrysalis","Dark Shackles"],"picked":"Apotheosis","floor":36},{"not_picked":["Impatience","Enlightenment"],"picked":"Mayhem","floor":36},{"not_picked":["hermit:Misfire","hermit:Coalescence","hermit:Virtue+1"],"picked":"SKIP","floor":38},{"not_picked":["hermit:Maintenance+1","hermit:Cheat","hermit:WideOpen+1"],"picked":"SKIP","floor":39},{"not_picked":["hermit:ShadowCloak+1","hermit:Reprieve","hermit:LowProfile+1"],"picked":"SKIP","floor":41},{"not_picked":["hermit:HoleUp+1","hermit:Horror+1","hermit:Combo"],"picked":"SKIP","floor":45},{"not_picked":["hermit:Scavenge","hermit:Roulette+1"],"picked":"hermit:HoleUp+1","floor":46},{"not_picked":["hermit:Desperado+1","hermit:Maintenance","hermit:BodyArmor+1"],"picked":"SKIP","floor":47}],"player_experience":203224,"relics_obtained":[{"floor":7.0,"key":"hermit:Spyglass"},{"floor":9.0,"key":"Juzu Bracelet"},{"floor":24.0,"key":"Runesmith:AutoHammer"},{"floor":26.0,"key":"HollowMod:PaleOreRelic"},{"floor":28.0,"key":"Potion Belt"},{"floor":41,"key":"construct:BoolHorns"},{"floor":43,"key":"theForsaken:HumbleEgg"},{"floor":45,"key":"Toy Ornithopter"}],"event_choices":[{"damage_healed":0.0,"max_hp_gain":0.0,"max_hp_loss":0.0,"gold_gain":175.0,"event_name":"betterThird:BetterSerpent","player_choice":"AGREE","floor":4.0,"gold_loss":0.0,"damage_taken":124.0},{"damage_healed":0.0,"max_hp_gain":0.0,"max_hp_loss":0.0,"gold_gain":100.0,"event_name":"Golden Shrine","player_choice":"Pray","floor":5.0,"gold_loss":0.0,"damage_taken":0.0},{"damage_healed":57.0,"max_hp_gain":0.0,"max_hp_loss":82.0,"gold_gain":0.0,"event_name":"betterThird:BetterShining","player_choice":"Upgrade","floor":14.0,"gold_loss":0.0,"damage_taken":16.0,"cards_upgraded":["hermit:BodyArmor","hermit:Strike_Hermit"]},{"damage_healed":0.0,"max_hp_gain":0.0,"max_hp_loss":0.0,"gold_gain":0.0,"event_name":"The Woman in Blue","player_choice":"Bought 0 Potions","floor":19.0,"gold_loss":0.0,"damage_taken":0.0},{"damage_healed":0.0,"max_hp_gain":0.0,"max_hp_loss":6.0,"gold_gain":0.0,"event_name":"betterThird:BetterWriting","player_choice":"Simplicity","floor":20.0,"gold_loss":0.0,"damage_taken":0.0},{"damage_healed":0.0,"max_hp_gain":0.0,"max_hp_loss":0.0,"gold_gain":0.0,"event_name":"The Library","player_choice":"Read","floor":21.0,"gold_loss":0.0,"damage_taken":0.0,"cards_obtained":["hermit:Gestalt"]},{"damage_healed":0.0,"max_hp_gain":0.0,"max_hp_loss":0.0,"gold_gain":0.0,"event_name":"Upgrade Shrine","player_choice":"Upgraded","floor":30.0,"gold_loss":0.0,"damage_taken":0.0,"cards_upgraded":["hermit:Adapt"]},{"damage_healed":0,"gold_gain":0,"player_choice":"Memory 3","damage_taken":10,"max_hp_gain":0,"max_hp_loss":0,"event_name":"SensoryStone","floor":36,"gold_loss":0},{"cards_removed":["Doubt"],"damage_healed":0,"gold_gain":0,"player_choice":"Removed Curses","damage_taken":0,"max_hp_gain":0,"max_hp_loss":0,"event_name":"Fountain of Cleansing","floor":37,"gold_loss":0},{"damage_healed":72,"gold_gain":0,"player_choice":"Heal","damage_taken":0,"max_hp_gain":0,"max_hp_loss":10,"event_name":"The Moai Head","floor":42,"gold_loss":0}],"is_beta":true,"boss_relics":[{"not_picked":["SacredBark","Empty Cage"],"picked":"Fusion Hammer"},{"not_picked":["SlaversCollar","Coffee Dripper"],"picked":"construct:ClawGrip"}],"items_purged_floors":[13,48],"is_endless":false,"potions_floor_spawned":[11,16,18,24,29,31,33,35,41,45],"ascension_level":0}}