{"host":"roto7j7840a50pxh","time":1610860375,"event":{"mods":["Act Like it!","BaseMod","Better Altar","Better Note","Better Sensory Stone","Better Skull","Better Third Choice","BetterRewards","Colored Map","Colored Powertips","Downfall","Hermit","Highlight Path","Hubris","Infinite Spire","Minty Spire (QoL Compilation)","Robot Space Explorer","Shade Mod","Spicy Shops","StSLib","The Cursed","The Dragon Tamer","The Hierophant","The Necromancer","The Runesmith","The Servant 0.9.4","TheVacant"],"gold_per_floor":[116,116,129,129,129,129,144,179,179,196,209,209,209,220,220,323,323,338,352,352,352,352,352,387,387,387,399,422,434,475,500,512,628,640,664,676,698,765,797,835,847,859,918,219,232,45,56,81,81,81],"floor_reached":51,"language":"ENG","playtime":6129,"items_purged":[],"score":1209,"play_id":"f16536f5-474e-43f6-9ceb-119882c1dc6b","local_time":"20210117001255","is_ascension_mode":true,"campfire_choices":[{"floor":6.0,"key":"REST"},{"data":"Potential","floor":13.0,"key":"SMITH"},{"data":"Hightail","floor":15.0,"key":"SMITH"},{"data":"hubris:EnhanceAbility","floor":23.0,"key":"SMITH"},{"data":"Replace","floor":25.0,"key":"SMITH"},{"data":"hubris:EnhanceAbility","floor":29.0,"key":"SMITH"},{"data":"Deny","floor":32.0,"key":"SMITH"},{"data":"Barrier","floor":41.0,"key":"SMITH"},{"data":"Luminosity","floor":49,"key":"SMITH"}],"circlet_count":0,"master_deck":["hermit:Maintenance+1","Strike_S","Strike_S","Strike_S","Strike_S","Defend_S","Defend_S","Defend_S","Defend_S","Exchange","BottledTime","ReturningBlade","Hightail+1","hubris:EnhanceAbility+1","Ricochet","Spin","ShiftingGears","RealityMarble","Potential","Ricochet","TimeWarp","hubris:EnhanceAbility+1","Revamp","GearUp","Read","ShatteredReality","Rearm","ShatteredReality","Potential+1","Defy","FlawlessForm","Replace+1","Replace","Apotheosis+1","Finesse","Flash of Steel","Sunlight","Replace+1","Deny+1","Potential","Sunlight","Replace+1","Deadline","Snipe","Parasite","GearUp","Barrier+1","Writhe","Writhe","Contraction","ShiftingGears","Moondial+1","ShatteredReality","Luminosity+1","Shuttle+1"],"relics":["SplendidAttire","Orrery","Eternal Feather","hubris:MysteriousPyramids","hubris:Metronome","MawBank","White Beast Statue","Nunchaku","SacredBark","Mango","hubris:CuriousFeather","Broom","Du-Vu Doll","Ornamental Fan","DollysMirror","Chemical X","Boot"],"acts_visited":["Exordium","TheCity","TheBeyond"],"potions_floor_usage":[45,47,48,50,50],"damage_taken":[{"damage":0.0,"enemies":"2 Louse","floor":1.0,"turns":2.0},{"damage":9.0,"enemies":"Jaw Worm","floor":3.0,"turns":4.0},{"damage":1.0,"enemies":"Small Slimes","floor":7.0,"turns":6.0},{"damage":17.0,"enemies":"Gremlin Nob","floor":8.0,"turns":6.0},{"damage":6.0,"enemies":"3 Louse","floor":10.0,"turns":3.0},{"damage":8.0,"enemies":"Lots of Slimes","floor":11.0,"turns":2.0},{"damage":0.0,"enemies":"2 Fungi Beasts","floor":14.0,"turns":2.0},{"damage":0.0,"enemies":"The Guardian","floor":16.0,"turns":15.0},{"damage":0.0,"enemies":"Shell Parasite","floor":18.0,"turns":8.0},{"damage":25.0,"enemies":"2 Thieves","floor":19.0,"turns":4.0},{"damage":15.0,"enemies":"Gremlin Leader","floor":24.0,"turns":7.0},{"damage":9.0,"enemies":"Cultist and Chosen","floor":28.0,"turns":4.0},{"damage":24.0,"enemies":"Slavers","floor":30.0,"turns":4.0},{"damage":0.0,"enemies":"3 Cultists","floor":31.0,"turns":4.0},{"damage":35.0,"enemies":"Automaton","floor":33.0,"turns":11.0},{"damage":0.0,"enemies":"3 Darklings","floor":35.0,"turns":2.0},{"damage":2.0,"enemies":"3 Shapes","floor":37.0,"turns":6.0},{"damage":2.0,"enemies":"2 Orb Walkers","floor":38.0,"turns":2.0},{"damage":0.0,"enemies":"Writhing Mass","floor":39.0,"turns":4.0},{"damage":35.0,"enemies":"Reptomancer","floor":40.0,"turns":9.0},{"damage":29,"enemies":"Maw","floor":45,"turns":8},{"damage":0,"enemies":"Transient","floor":47,"turns":5},{"damage":22,"enemies":"Giant Head","floor":48,"turns":8},{"damage":23,"enemies":"Donu and Deca","floor":50,"turns":7}],"seed_played":"-7406684949846246227","potions_obtained":[{"floor":1.0,"key":"PowerPotion"},{"floor":7.0,"key":"ColorlessPotion"},{"floor":11.0,"key":"hexamod:SoulburnPotion"},{"floor":14.0,"key":"Slimebound:ThreeZeroPotion"},{"floor":18.0,"key":"LiquidBronze"},{"floor":19.0,"key":"Strength Potion"},{"floor":28.0,"key":"hexamod:SoulburnPotion"},{"floor":30.0,"key":"EssenceOfSteel"},{"floor":31.0,"key":"Block Potion"},{"floor":35.0,"key":"LiquidBronze"},{"floor":37.0,"key":"SneckoOil"},{"floor":38.0,"key":"champ:CounterPotion"},{"floor":40.0,"key":"champ:CounterPotion"},{"floor":45,"key":"SpeedPotion"},{"floor":48,"key":"Guardian:BlockOnCardUsePotion"}],"is_trial":false,"path_per_floor":["M","?","M","?","?","R","M","E","T","M","M","?","R","M","R","B",null,"M","M","?","?","?","R","E","R","T","T","M","R","E","M","R","B",null,"M","?","M","?","M","E","R","?","T","$","M","$","M","E","R","B",null],"character_chosen":"THE_SERVANT","items_purchased":["BottledTime","ReturningBlade","Hightail","hubris:EnhanceAbility","Orrery","Ricochet","TimeWarp","hubris:EnhanceAbility","Du-Vu Doll","Ornamental Fan","Contraction","DollysMirror","AttackPotion","Chemical X","ShatteredReality"],"campfire_rested":1,"item_purchase_floors":[0,0,0,0,0,0,0,0,44,44,44,44,44,46,46],"current_hp_per_floor":[28,28,19,19,19,38,37,20,20,14,6,6,24,24,42,42,65,65,40,40,40,40,61,46,65,65,65,56,65,41,41,65,30,65,65,65,63,75,75,40,67,79,79,79,50,50,50,28,61,38],"gold":81,"neow_bonus":"","is_daily":false,"chose_seed":false,"campfire_upgraded":8,"win_rate":0.0,"timestamp":1610860375,"path_taken":["M","?","M","?","?","R","M","E","T","M","M","?","R","M","R","BOSS","M","M","?","?","?","R","E","R","T","?","?","R","E","M","R","BOSS","M","?","M","?","M","E","R","?","T","$","M","$","?","E","R","BOSS"],"items_purchased_type":["Card","Card","Card","Card","Relic","Card","Card","Card","Relic","Relic","Card","Relic","Potion","Relic","Card"],"build_version":"2020-12-22","purchased_purges":0,"victory":true,"max_hp_per_floor":[65,65,65,65,65,65,65,65,65,65,65,65,65,65,65,65,65,65,65,65,65,65,65,65,65,65,65,65,65,65,65,65,65,65,65,65,65,79,79,79,79,79,79,79,79,79,79,79,79,79],"card_choices":[{"not_picked":["Alleviate","Rearm"],"picked":"Ricochet","floor":0.0},{"not_picked":["Desolation","Rewind"],"picked":"Spin","floor":0.0},{"not_picked":["Revamp","Foresight"],"picked":"ShiftingGears","floor":0.0},{"not_picked":["Advance","MoonPhase"],"picked":"RealityMarble","floor":0.0},{"not_picked":["DualDimension","Barrier"],"picked":"Potential","floor":0.0},{"not_picked":["WasteNot","RealityMarble"],"picked":"Revamp","floor":1.0},{"not_picked":["ReturningBlade","Collapse"],"picked":"GearUp","floor":3.0},{"not_picked":["Unruled","PendulumOfEternity"],"picked":"ShatteredReality","floor":7.0},{"not_picked":["Collapse","Revamp"],"picked":"Rearm","floor":8.0},{"not_picked":["FanOfKnives","Revamp"],"picked":"ShatteredReality","floor":10.0},{"not_picked":["DoubleEdge","TimeWarp"],"picked":"Potential","floor":11.0},{"not_picked":["Contraction","Rearm"],"picked":"Defy","floor":14.0},{"not_picked":["KillingDoll","PendulumOfEternity"],"picked":"FlawlessForm","floor":16.0},{"not_picked":["Reset","TimeTheft+1"],"picked":"Replace","floor":18.0},{"not_picked":["Rewind","Ricochet"],"picked":"Replace","floor":19.0},{"not_picked":["Deep Breath","Dark Shackles"],"picked":"Finesse","floor":22.0},{"not_picked":["Metamorphosis","Trip"],"picked":"Flash of Steel","floor":22.0},{"not_picked":["GearUp","Revamp"],"picked":"Sunlight","floor":24.0},{"not_picked":["Desolation","Moonlight+1"],"picked":"Replace+1","floor":28.0},{"not_picked":["Solidify","Potential"],"picked":"Deny","floor":30.0},{"not_picked":["Moonlight+1","ShatteredReality"],"picked":"Potential","floor":31.0},{"not_picked":["Dilation","FloweringNight"],"picked":"Sunlight","floor":33.0},{"not_picked":["Spin","Deadline"],"picked":"Replace+1","floor":35.0},{"not_picked":["Rewind+1","FastForward"],"picked":"Deadline","floor":37.0},{"not_picked":["Defy+1","FanOfKnives"],"picked":"Snipe","floor":38.0},{"not_picked":["Misdirection+1","Defy"],"picked":"GearUp","floor":39.0},{"not_picked":["Rearm+1","Unruled+1"],"picked":"Barrier","floor":40.0},{"not_picked":["ShatteredReality","Starlight+1"],"picked":"Moondial+1","floor":45},{"not_picked":["Barrier","ShatteredReality"],"picked":"Luminosity","floor":47},{"not_picked":["FastForward","TimeWarp"],"picked":"Shuttle+1","floor":48}],"player_experience":1543783,"relics_obtained":[{"floor":8.0,"key":"Eternal Feather"},{"floor":9.0,"key":"hubris:MysteriousPyramids"},{"floor":24.0,"key":"hubris:Metronome"},{"floor":26.0,"key":"MawBank"},{"floor":27.0,"key":"White Beast Statue"},{"floor":30.0,"key":"Nunchaku"},{"floor":38.0,"key":"Mango"},{"floor":40.0,"key":"hubris:CuriousFeather"},{"floor":43.0,"key":"Broom"},{"floor":48,"key":"Boot"}],"event_choices":[{"cards_removed":["FlawlessForm"],"damage_healed":0.0,"max_hp_gain":0.0,"max_hp_loss":0.0,"gold_gain":0.0,"event_name":"betterNote:BetterNote","player_choice":"Take \u0026 Give","floor":20.0,"gold_loss":0.0,"damage_taken":0.0,"cards_obtained":["Apotheosis"]},{"damage_healed":0.0,"max_hp_gain":0.0,"max_hp_loss":0.0,"gold_gain":0.0,"event_name":"Cursed Tome","player_choice":"Ignored","floor":21.0,"gold_loss":0.0,"damage_taken":0.0},{"damage_healed":0.0,"max_hp_gain":0.0,"max_hp_loss":0.0,"gold_gain":2.0,"event_name":"betterStone:BetterStone","player_choice":"1","floor":22.0,"gold_loss":0.0,"damage_taken":0.0},{"cards_removed":["KidneyShot"],"damage_healed":0.0,"max_hp_gain":0.0,"max_hp_loss":0.0,"gold_gain":0.0,"event_name":"Falling","player_choice":"Removed Attack","floor":36.0,"gold_loss":0.0,"damage_taken":0.0},{"damage_healed":0.0,"max_hp_gain":0.0,"max_hp_loss":0.0,"gold_gain":0.0,"event_name":"Mysterious Sphere","player_choice":"Fight","floor":38.0,"gold_loss":0.0,"damage_taken":0.0},{"damage_healed":20.0,"max_hp_gain":0.0,"max_hp_loss":0.0,"gold_gain":0.0,"event_name":"Winding Halls","player_choice":"Writhe","floor":42.0,"gold_loss":0.0,"damage_taken":0.0,"cards_obtained":["Writhe"]}],"is_beta":false,"boss_relics":[{"not_picked":["expansioncontent:StudyCardRelic","bronze:MakeshiftBattery"],"picked":"SplendidAttire"},{"not_picked":["Runic Dome","infinitespire:Cupcake"],"picked":"SacredBark"}],"items_purged_floors":[],"is_endless":false,"potions_floor_spawned":[1,7,11,14,18,19,28,30,31,33,35,37,38,39,40,45,47,48],"ascension_level":4}}