{"host":"s41rn2jhghpwfrvz","time":1610911959,"event":{"mods":["BaseMod","Minty Spire (QoL Compilation)","Quick Restart","Relic Stats","SuperFastMode"],"gold_per_floor":[119,119,119,135,154,180,180,206,206,236,265,283,309,207,207,284,284,298,85,95,115,126,126,152,163,241,256,288,288,322,70,70,146,146,157,175,125,143,159,159,192,192,263,295,310,338,350,366,366,366,366,366,366,25,56,56],"floor_reached":57,"language":"ENG","playtime":1615,"items_purged":["Skewer","Conserve Battery","Dagger Throw+1"],"score":3718,"play_id":"54f9b4e0-6da3-4f11-9e5e-6603bd533288","local_time":"20210117213239","daily_mods":["SealedDeck","Vintage","Diverse"],"is_ascension_mode":true,"campfire_choices":[{"data":"Dark Embrace","floor":15,"key":"SMITH"},{"data":"Flex","floor":23,"key":"SMITH"},{"data":"Feel No Pain","floor":32,"key":"SMITH"},{"data":"Blade Dance","floor":40,"key":"SMITH"},{"floor":49,"key":"RECALL"},{"data":"Acrobatics","floor":53,"key":"SMITH"}],"circlet_count":0,"master_deck":["AscendersBane","Flex+1","Backflip","Acrobatics+1","Dark Embrace+1","Feel No Pain+1","Blade Dance+1","True Grit+1","Seeing Red+1","Feel No Pain"],"relics":["Burning Blood","The Courier","Letter Opener","Gambling Chip","Pen Nib","Kunai","Odd Mushroom","Prayer Wheel","Anchor","Bag of Preparation","Coffee Dripper","Whetstone","OrangePellets","StrikeDummy","Akabeko","Shovel","Happy Flower","MealTicket","Singing Bowl","Smiling Mask","Toy Ornithopter","Orichalcum","ClockworkSouvenir","Vajra","Astrolabe","Meat on the Bone","Mango","Strawberry","PreservedInsect","Magic Flower","CaptainsWheel","Art of War","Toxic Egg 2","Eternal Feather","Calipers","Mummified Hand"],"acts_visited":["Exordium","TheCity","TheBeyond","TheEnding"],"potions_floor_usage":[56,56],"damage_taken":[{"damage":0,"enemies":"Jaw Worm","floor":1,"turns":3},{"damage":0,"enemies":"2 Louse","floor":4,"turns":2},{"damage":2,"enemies":"Small Slimes","floor":5,"turns":2},{"damage":18,"enemies":"Gremlin Nob","floor":6,"turns":4},{"damage":8,"enemies":"3 Sentries","floor":8,"turns":6},{"damage":0,"enemies":"The Mushroom Lair","floor":10,"turns":3},{"damage":3,"enemies":"Lagavulin","floor":11,"turns":5},{"damage":0,"enemies":"2 Fungi Beasts","floor":12,"turns":3},{"damage":28,"enemies":"Gremlin Nob","floor":13,"turns":4},{"damage":3,"enemies":"Slime Boss","floor":16,"turns":10},{"damage":0,"enemies":"Spheric Guardian","floor":18,"turns":2},{"damage":0,"enemies":"Chosen","floor":20,"turns":2},{"damage":0,"enemies":"Snake Plant","floor":21,"turns":2},{"damage":0,"enemies":"Centurion and Healer","floor":22,"turns":3},{"damage":0,"enemies":"Book of Stabbing","floor":24,"turns":2},{"damage":0,"enemies":"Sentry and Sphere","floor":25,"turns":3},{"damage":0,"enemies":"Cultist and Chosen","floor":27,"turns":2},{"damage":0,"enemies":"Gremlin Leader","floor":28,"turns":2},{"damage":6,"enemies":"Slavers","floor":30,"turns":2},{"damage":0,"enemies":"Champ","floor":33,"turns":3},{"damage":0,"enemies":"3 Darklings","floor":35,"turns":2},{"damage":0,"enemies":"Orb Walker","floor":36,"turns":1},{"damage":0,"enemies":"Sphere and 2 Shapes","floor":38,"turns":1},{"damage":0,"enemies":"3 Darklings","floor":39,"turns":1},{"damage":0,"enemies":"Giant Head","floor":41,"turns":1},{"damage":0,"enemies":"Nemesis","floor":44,"turns":1},{"damage":0,"enemies":"Writhing Mass","floor":45,"turns":1},{"damage":0,"enemies":"Giant Head","floor":46,"turns":1},{"damage":0,"enemies":"Jaw Worm Horde","floor":47,"turns":1},{"damage":0,"enemies":"4 Shapes","floor":48,"turns":1},{"damage":0,"enemies":"Time Eater","floor":50,"turns":7},{"damage":0,"enemies":"Donu and Deca","floor":51,"turns":2},{"damage":0,"enemies":"Shield and Spear","floor":55,"turns":2},{"damage":0,"enemies":"The Heart","floor":56,"turns":5}],"seed_played":"1579142570429722490","potions_obtained":[{"floor":1,"key":"Ancient Potion"},{"floor":5,"key":"Block Potion"}],"is_trial":true,"path_per_floor":["M","?","?","M","M","E","$","E","T","?","E","M","E","$","R","B",null,"M","$","M","M","M","R","E","M","T","M","E","?","E","$","R","B",null,"M","M","$","M","M","R","E","?","T","E","M","E","M","M","R","B","B",null,"R","$","E","B",null],"character_chosen":"IRONCLAD","items_purchased":["Blade Dance","OrangePellets","ClockworkSouvenir","Vajra","Calipers","Feel No Pain","SpeedPotion"],"campfire_rested":0,"item_purchase_floors":[14,19,31,31,54,54,54],"current_hp_per_floor":[74,74,67,73,75,63,63,61,61,67,70,75,53,53,53,56,70,75,75,75,75,75,75,75,75,75,75,77,77,79,79,79,81,81,81,95,95,102,102,102,104,104,104,106,106,108,108,108,108,108,108,108,108,108,110,110],"gold":56,"neow_bonus":"","is_daily":false,"chose_seed":false,"campfire_upgraded":5,"win_rate":0.0,"timestamp":1610911959,"path_taken":["M","?","?","M","M","E","?","E","T","?","E","M","E","$","R","BOSS","M","$","M","M","M","R","E","M","T","M","E","?","E","$","R","BOSS","M","M","$","M","M","R","E","?","T","E","M","E","M","M","R","BOSS","BOSS","R","$","E","BOSS"],"items_purchased_type":["Card","Relic","Relic","Relic","Relic","Card","Potion"],"build_version":"2020-12-22","purchased_purges":3,"victory":true,"max_hp_per_floor":[75,75,75,75,75,75,75,75,75,75,75,75,75,75,75,75,75,75,75,75,75,75,75,75,75,75,75,77,77,79,79,79,81,81,81,95,95,102,102,102,104,104,104,106,106,108,108,108,108,108,108,108,108,108,110,110],"relic_stats":{"Singing Bowl":14,"Magic Flower":[0],"Bag of Preparation":[50],"Whetstone":["Go for the Eyes","Sweeping Beam"],"Smiling Mask":50,"Burning Blood":68,"Shovel":0,"Mummified Hand":[3],"Gambling Chip":[1],"Prayer Wheel":0,"MealTicket":0,"Kunai":[117],"Happy Flower":[13],"counters":[34,92],"Astrolabe":["True Grit","Seeing Red","Dagger Throw"],"Eternal Feather":0,"Pen Nib":[44],"PreservedInsect":387,"Letter Opener":[542],"Orichalcum":[0],"OrangePellets":[18],"Art of War":[0],"obtain_stats":[{"Calipers":54,"Singing Bowl":26,"Vajra":31,"Magic Flower":41,"Mango":36,"Bag of Preparation":13,"Whetstone":18,"Smiling Mask":27,"Burning Blood":0,"ClockworkSouvenir":31,"Shovel":22,"Mummified Hand":55,"Gambling Chip":5,"Strawberry":38,"Prayer Wheel":11,"MealTicket":25,"Kunai":9,"Toxic Egg 2":47,"Happy Flower":24,"Astrolabe":34,"Eternal Feather":48,"The Courier":1,"Pen Nib":6,"PreservedInsect":39,"Letter Opener":4,"Odd Mushroom":10,"Orichalcum":30,"Akabeko":21,"OrangePellets":19,"Anchor":12,"CaptainsWheel":44,"Coffee Dripper":17,"Art of War":45,"StrikeDummy":20,"Toy Ornithopter":28,"Meat on the Bone":35},{"Calipers":32,"Singing Bowl":16,"Vajra":19,"Magic Flower":25,"Mango":22,"Bag of Preparation":9,"Whetstone":11,"Smiling Mask":17,"Burning Blood":0,"ClockworkSouvenir":19,"Shovel":14,"Mummified Hand":33,"Gambling Chip":3,"Strawberry":23,"Prayer Wheel":7,"MealTicket":16,"Kunai":5,"Toxic Egg 2":29,"Happy Flower":15,"Astrolabe":20,"Eternal Feather":30,"The Courier":1,"Pen Nib":4,"PreservedInsect":24,"Letter Opener":2,"Odd Mushroom":6,"Orichalcum":19,"Akabeko":13,"OrangePellets":11,"Anchor":8,"CaptainsWheel":26,"Coffee Dripper":10,"Art of War":27,"StrikeDummy":12,"Toy Ornithopter":18,"Meat on the Bone":21},{"Calipers":85,"Singing Bowl":56,"Vajra":62,"Magic Flower":71,"Mango":68,"Bag of Preparation":32,"Whetstone":44,"Smiling Mask":58,"Burning Blood":0,"ClockworkSouvenir":62,"Shovel":51,"Mummified Hand":87,"Gambling Chip":7,"Strawberry":69,"Prayer Wheel":25,"MealTicket":56,"Kunai":17,"Toxic Egg 2":75,"Happy Flower":53,"Astrolabe":65,"Eternal Feather":76,"The Courier":3,"Pen Nib":11,"PreservedInsect":70,"Letter Opener":5,"Odd Mushroom":20,"Orichalcum":62,"Akabeko":48,"OrangePellets":44,"Anchor":28,"CaptainsWheel":72,"Coffee Dripper":42,"Art of War":73,"StrikeDummy":46,"Toy Ornithopter":60,"Meat on the Bone":67}],"Toy Ornithopter":0,"Meat on the Bone":0},"card_choices":[{"not_picked":["Anger","Calculated Gamble"],"picked":"Feel No Pain","floor":6},{"not_picked":["Indignation","Cloak And Dagger","Poisoned Stab"],"picked":"SKIP","floor":8},{"not_picked":["Melter","SashWhip","Havoc"],"picked":"SKIP","floor":11},{"not_picked":["Fiend Fire","Tempest","Wild Strike"],"picked":"SKIP","floor":13},{"not_picked":["PathToVictory+1","Pummel","Ghostly Armor"],"picked":"SKIP","floor":24},{"not_picked":["Dagger Spray","Leap+1","Noxious Fumes+1"],"picked":"Singing Bowl","floor":28},{"not_picked":["PiercingWail","DeusExMachina","Metallicize"],"picked":"Singing Bowl","floor":30},{"not_picked":["Die Die Die","Demon Form","Machine Learning"],"picked":"Singing Bowl","floor":33},{"not_picked":["SignatureMove","Havoc+1","After Image"],"picked":"Singing Bowl","floor":41},{"not_picked":["JustLucky+1","Pummel","Accuracy"],"picked":"Singing Bowl","floor":44},{"not_picked":["Streamline","Nirvana","Cold Snap"],"picked":"Singing Bowl","floor":46},{"not_picked":["Poisoned Stab+1","Indignation+1","White Noise+1"],"picked":"Singing Bowl","floor":55}],"player_experience":1775422,"relics_obtained":[{"floor":1,"key":"The Courier"},{"floor":4,"key":"Letter Opener"},{"floor":5,"key":"Gambling Chip"},{"floor":6,"key":"Pen Nib"},{"floor":9,"key":"Kunai"},{"floor":10,"key":"Odd Mushroom"},{"floor":11,"key":"Prayer Wheel"},{"floor":12,"key":"Anchor"},{"floor":13,"key":"Bag of Preparation"},{"floor":18,"key":"Whetstone"},{"floor":20,"key":"StrikeDummy"},{"floor":21,"key":"Akabeko"},{"floor":22,"key":"Shovel"},{"floor":24,"key":"Happy Flower"},{"floor":25,"key":"MealTicket"},{"floor":26,"key":"Singing Bowl"},{"floor":27,"key":"Smiling Mask"},{"floor":28,"key":"Toy Ornithopter"},{"floor":30,"key":"Orichalcum"},{"floor":35,"key":"Meat on the Bone"},{"floor":36,"key":"Mango"},{"floor":38,"key":"Strawberry"},{"floor":39,"key":"PreservedInsect"},{"floor":41,"key":"Magic Flower"},{"floor":44,"key":"CaptainsWheel"},{"floor":45,"key":"Art of War"},{"floor":47,"key":"Toxic Egg 2"},{"floor":48,"key":"Eternal Feather"},{"floor":55,"key":"Mummified Hand"}],"event_choices":[{"damage_healed":0,"gold_gain":0,"player_choice":"Ignored","damage_taken":0,"max_hp_gain":0,"max_hp_loss":0,"event_name":"Liars Game","floor":2,"gold_loss":0},{"cards_removed":["Caltrops"],"damage_healed":0,"gold_gain":0,"player_choice":"Card Removal","damage_taken":7,"max_hp_gain":0,"max_hp_loss":0,"event_name":"Golden Wing","floor":3,"gold_loss":0},{"damage_healed":0,"gold_gain":0,"player_choice":"Fought Mushrooms","damage_taken":0,"max_hp_gain":0,"max_hp_loss":0,"event_name":"Mushrooms","floor":10,"gold_loss":0},{"damage_healed":0,"gold_gain":0,"player_choice":"Ignored","damage_taken":0,"max_hp_gain":0,"max_hp_loss":0,"event_name":"Ghosts","floor":29,"gold_loss":0},{"damage_healed":0,"gold_gain":0,"player_choice":"Ignored","damage_taken":0,"max_hp_gain":0,"max_hp_loss":0,"event_name":"Tomb of Lord Red Mask","floor":42,"gold_loss":0}],"is_beta":false,"boss_relics":[{"not_picked":["Calling Bell","Runic Pyramid"],"picked":"Coffee Dripper"},{"not_picked":["Snecko Eye","Velvet Choker"],"picked":"Astrolabe"}],"items_purged_floors":[14,19,37],"is_endless":false,"potions_floor_spawned":[1,5,10,11,16,18,21,25,27,28,35,36,39,44,47,48,55],"ascension_level":20}}