{"host":"3yynf0dn84873kbr","time":1610897957,"event":{"mods":["Act Like it!","BaseMod","CapriCore","Minty Spire (QoL Compilation)","Pale of the Ancients","StSLib","The Marked","WarShipGirlsR/战舰少女R mod","[IsaacMod]以撒尖塔"],"gold_per_floor":[139,139,139,190,190,271,271,41,109,158,158,158,135,225,225,326,376,394,410,410,420,451,451,482,482,536,536,566,585,597,626,626,749,749,802,802,792,349,401,401,454,454,454,493,515,570,570,604,604,646,646],"floor_reached":50,"language":"ZHS","playtime":1595,"items_purged":[],"score":670,"play_id":"99e95de0-06a8-46db-94d9-5d785ce49fc4","local_time":"20210117233917","is_ascension_mode":true,"campfire_choices":[{"data":"Demon Form","floor":11,"key":"SMITH"},{"data":"Disarm","floor":15,"key":"SMITH"},{"floor":23,"key":"REST"},{"floor":27,"key":"REST"},{"data":"Infernal Blade","floor":32,"key":"SMITH"},{"data":"Inflame","floor":40,"key":"SMITH"},{"floor":47,"key":"REST"},{"data":"Limit Break","floor":49,"key":"SMITH"}],"circlet_count":0,"master_deck":["Strike_R","Strike_R","Strike_R","Strike_R","Strike_R+1","Defend_R","Defend_R","Defend_R","Bash+1","BettingIsNotGood","Disarm+1","Rampage","Demon Form+1","Cleave","Sword Boomerang","Thunderclap","Exhume","Heavy Blade","Dropkick","Cleave+1","Clash","Iron Wave+1","Twin Strike","Limit Break+1","Cleave","Flex","Infernal Blade+1","CurseOfTheBell","Rampage","Sword Boomerang","Headbutt","Inflame+1","Reaper","Mayhem","Perfected Strike+1","Pommel Strike","Sword Boomerang+1"],"relics":["Burning Blood","HushsDoor","NeowsBlessing","BloodDonationMachine","CultistMask","Leech","Toolbox","Paper Frog","Tiny House","GuppysHead","Red Skull","Whetstone","SalivaCoin","Calling Bell","Lantern","Gremlin Horn","Mango","Membership Card","Turnip","BlankCard","PreservedInsect","Nunchaku","Oddly Smooth Stone"],"acts_visited":["Exordium","TheCity","TheBeyond"],"potions_floor_usage":[18,24,28,33,46,50,50],"damage_taken":[{"damage":0,"enemies":"Jaw Worm","floor":1,"turns":1},{"damage":0,"enemies":"2 Louse","floor":4,"turns":2},{"damage":0,"enemies":"3 Sentries","floor":6,"turns":1},{"damage":1,"enemies":"Cultist","floor":10,"turns":3},{"damage":4,"enemies":"Blue Slaver","floor":14,"turns":3},{"damage":24,"enemies":"The Guardian","floor":16,"turns":7},{"damage":28,"enemies":"2 Thieves","floor":18,"turns":3},{"damage":19,"enemies":"Spheric Guardian","floor":19,"turns":4},{"damage":18,"enemies":"Snake Plant","floor":21,"turns":4},{"damage":21,"enemies":"Cultist and Chosen","floor":22,"turns":6},{"damage":38,"enemies":"Slavers","floor":24,"turns":4},{"damage":23,"enemies":"Book of Stabbing","floor":28,"turns":3},{"damage":0,"enemies":"Sentry and Sphere","floor":29,"turns":1},{"damage":0,"enemies":"Snecko","floor":30,"turns":2},{"damage":4,"enemies":"Cultist and Chosen","floor":31,"turns":2},{"damage":47,"enemies":"Champ","floor":33,"turns":7},{"damage":10,"enemies":"3 Shapes","floor":35,"turns":3},{"damage":47,"enemies":"3 Darklings","floor":39,"turns":4},{"damage":22,"enemies":"Giant Head","floor":41,"turns":5},{"damage":18,"enemies":"4 Shapes","floor":44,"turns":3},{"damage":2,"enemies":"Jaw Worm Horde","floor":45,"turns":2},{"damage":35,"enemies":"Reptomancer","floor":46,"turns":3},{"damage":53,"enemies":"Maw","floor":48,"turns":5},{"damage":81,"enemies":"Awakened One","floor":50,"turns":6}],"seed_played":"-2768821081473418574","potions_obtained":[{"floor":1,"key":"Fire Potion"},{"floor":10,"key":"SkillPotion"},{"floor":14,"key":"FearPotion"},{"floor":18,"key":"SpeedPotion"},{"floor":29,"key":"ElixirPotion"},{"floor":30,"key":"PowerPotion"},{"floor":39,"key":"Regen Potion"},{"floor":44,"key":"Energy Potion"},{"floor":46,"key":"SpeedPotion"}],"is_trial":false,"path_per_floor":["M","?","?","M","?","E","?","$","T","M","R","?","$","M","R","B",null,"M","M","?","M","M","R","E","?","T","R","E","M","M","M","R","B",null,"M","?","?","$","M","R","E","?","T","M","M","E","R","M","R","B"],"character_chosen":"IRONCLAD","items_purchased":["Demon Form","Toolbox","Sword Boomerang","GuppysHead","Dropkick","Membership Card","Turnip","BlankCard"],"campfire_rested":3,"item_purchase_floors":[8,8,13,17,17,38,38,38],"current_hp_per_floor":[80,80,80,80,80,80,80,80,80,80,80,85,85,80,80,68,78,56,52,52,43,33,56,27,12,12,36,26,32,39,43,43,13,97,94,94,94,94,56,56,45,45,45,35,40,23,52,21,21,0,0],"gold":646,"neow_bonus":"THREE_ENEMY_KILL","is_daily":false,"chose_seed":false,"campfire_upgraded":5,"win_rate":0.0,"timestamp":1610897957,"path_taken":["M","?","?","M","?","E","?","$","T","M","R","?","?","M","R","BOSS","M","M","?","?","M","R","E","?","T","R","E","M","M","M","R","BOSS","M","?","?","$","M","R","E","?","T","M","M","E","R","?","R","BOSS"],"items_purchased_type":["Card","Relic","Card","Relic","Card","Relic","Relic","Relic"],"build_version":"2020-12-22","purchased_purges":0,"victory":false,"max_hp_per_floor":[80,80,80,80,80,80,80,80,80,80,80,85,85,85,85,85,78,78,78,78,78,78,78,78,83,83,83,83,83,83,83,83,83,97,97,97,97,97,97,97,97,97,97,97,97,97,97,97,97,97,97],"card_choices":[{"not_picked":[],"picked":"BettingIsNotGood","floor":0},{"not_picked":["Body Slam","Flame Barrier"],"picked":"Disarm","floor":1},{"not_picked":["Dropkick","Bloodletting"],"picked":"Rampage","floor":4},{"not_picked":["Uppercut","Power Through","Fiend Fire"],"picked":"SKIP","floor":6},{"not_picked":["Iron Wave","Dual Wield"],"picked":"Cleave","floor":10},{"not_picked":["Entrench","Shrug It Off"],"picked":"Thunderclap","floor":14},{"not_picked":["Demon Form","Barricade"],"picked":"Exhume","floor":16},{"not_picked":["Sword Boomerang","Evolve"],"picked":"Heavy Blade","floor":17},{"not_picked":["Uppercut","Anger"],"picked":"Cleave+1","floor":18},{"not_picked":["Wild Strike","Thunderclap"],"picked":"Clash","floor":19},{"not_picked":["Whirlwind","Feel No Pain"],"picked":"Iron Wave","floor":21},{"not_picked":["Feel No Pain","Havoc+1"],"picked":"Twin Strike","floor":22},{"not_picked":["Anger+1","Fiend Fire"],"picked":"Limit Break","floor":24},{"not_picked":["Shockwave","Uppercut"],"picked":"Cleave","floor":28},{"not_picked":["Whirlwind","Havoc"],"picked":"Flex","floor":29},{"not_picked":["Anger","Perfected Strike"],"picked":"Infernal Blade","floor":30},{"not_picked":["Twin Strike","Thunderclap","Shockwave"],"picked":"SKIP","floor":31},{"not_picked":["Havoc","Body Slam"],"picked":"Rampage","floor":35},{"not_picked":[],"picked":"Sword Boomerang","floor":37},{"not_picked":[],"picked":"Headbutt","floor":37},{"not_picked":["Flex+1","Wild Strike+1"],"picked":"Inflame","floor":39},{"not_picked":["Sword Boomerang+1","Warcry+1"],"picked":"Reaper","floor":41},{"not_picked":["Forethought","Purity"],"picked":"Mayhem","floor":42},{"not_picked":["Twin Strike","Anger"],"picked":"Perfected Strike+1","floor":44},{"not_picked":["Sword Boomerang","Searing Blow+1"],"picked":"Pommel Strike","floor":45},{"not_picked":["Flame Barrier+1","Havoc"],"picked":"Sword Boomerang+1","floor":46},{"not_picked":["Havoc","Uppercut","Wild Strike"],"picked":"SKIP","floor":48}],"player_experience":130426,"relics_obtained":[{"floor":6,"key":"Leech"},{"floor":9,"key":"Paper Frog"},{"floor":24,"key":"Red Skull"},{"floor":26,"key":"Whetstone"},{"floor":28,"key":"SalivaCoin"},{"floor":34,"key":"Lantern"},{"floor":34,"key":"Gremlin Horn"},{"floor":34,"key":"Mango"},{"floor":41,"key":"PreservedInsect"},{"floor":43,"key":"Nunchaku"},{"floor":46,"key":"Oddly Smooth Stone"}],"event_choices":[{"damage_healed":0,"gold_gain":0,"player_choice":"Grow","damage_taken":0,"max_hp_gain":0,"max_hp_loss":0,"event_name":"Living Wall","floor":2,"gold_loss":0,"cards_upgraded":["Bash"]},{"damage_healed":0,"gold_gain":0,"player_choice":"Trade","damage_taken":0,"relics_obtained":["CultistMask"],"max_hp_gain":0,"max_hp_loss":0,"event_name":"FaceTrader","floor":5,"gold_loss":0},{"damage_healed":0,"gold_gain":0,"player_choice":"Leave","damage_taken":0,"max_hp_gain":0,"max_hp_loss":0,"event_name":"The Cleric","floor":7,"gold_loss":0},{"damage_healed":0,"gold_gain":0,"player_choice":"Donut","damage_taken":0,"max_hp_gain":5,"max_hp_loss":0,"event_name":"Big Fish","floor":12,"gold_loss":0},{"damage_healed":0,"gold_gain":0,"player_choice":"Ignored","damage_taken":0,"max_hp_gain":0,"max_hp_loss":0,"event_name":"Beggar","floor":20,"gold_loss":0},{"damage_healed":0,"gold_gain":0,"player_choice":"Shed Blood","damage_taken":20,"max_hp_gain":5,"max_hp_loss":0,"event_name":"Forgotten Altar","floor":25,"gold_loss":0},{"cards_removed":["Defend_R"],"damage_healed":0,"gold_gain":0,"player_choice":"Removed Skill","damage_taken":0,"max_hp_gain":0,"max_hp_loss":0,"event_name":"Falling","floor":36,"gold_loss":0},{"damage_healed":0,"gold_gain":0,"player_choice":"Memory 1","damage_taken":0,"max_hp_gain":0,"max_hp_loss":0,"event_name":"SensoryStone","floor":42,"gold_loss":0}],"is_beta":false,"boss_relics":[{"not_picked":["Runic Cube","Coffee Dripper"],"picked":"Tiny House"},{"not_picked":[]},{"not_picked":["SacredBark","Snecko Eye"],"picked":"Calling Bell"},{"not_picked":[]}],"items_purged_floors":[],"is_endless":false,"potions_floor_spawned":[1,10,14,18,22,29,30,39,44,46,48],"killed_by":"Awakened One","ascension_level":1}}