{"host":"¹Ëziping","time":1610852463,"event":{"mods":["BaseMod","Minty Spire (QoL Compilation)","Replay The Spire","StSLib"],"gold_per_floor":[111,3,13,13,13,46,58,71,71,71,71,105,105,105,118,118,118,118,118],"floor_reached":18,"language":"ZHS","playtime":711,"items_purged":[],"score":155,"play_id":"39211754-b28c-412a-a67b-7c848a625bd2","local_time":"20210117110103","is_ascension_mode":false,"campfire_choices":[{"data":"Strike_R","floor":13,"key":"PURGE"},{"floor":17,"key":"REST"}],"circlet_count":0,"master_deck":["Strike_R","Strike_R","Strike_R","Defend_R","Defend_R","Defend_R","Defend_R","Bash","Disarm","Power Through","ReplayReversal","Feel No Pain","Feed"],"relics":["Burning Blood","NeowsBlessing","Replay:Bottled Snecko","Peace Pipe","Champion Belt","Red Skull","Bottled Lightning"],"acts_visited":["Exordium"],"potions_floor_usage":[12,12,16],"damage_taken":[{"damage":0,"enemies":"Jaw Worm","floor":1,"turns":1},{"damage":0,"enemies":"2 Louse","floor":3,"turns":1},{"damage":0,"enemies":"3 Sentries","floor":6,"turns":2},{"damage":1,"enemies":"Cultist","floor":7,"turns":5},{"damage":11,"enemies":"Looter","floor":8,"turns":4},{"damage":71,"enemies":"Gremlin Nob","floor":12,"turns":9},{"damage":13,"enemies":"Gremlin Gang","floor":15,"turns":7},{"damage":0,"enemies":"3 Sentries","floor":16,"turns":1},{"damage":41,"enemies":"The Guardian","floor":18,"turns":16}],"seed_played":"7566584462756381756","potions_obtained":[{"floor":1,"key":"Weak Potion"},{"floor":7,"key":"SpeedPotion"},{"floor":15,"key":"SmokeBomb"}],"is_trial":false,"path_per_floor":["M","$","M","?","?","E","M","M","T","PTL","PTL","E","R","T","M","E","R","B"],"character_chosen":"IRONCLAD","items_purchased":["Power Through","ReplayReversal"],"campfire_rested":1,"item_purchase_floors":[2,2],"current_hp_per_floor":[80,80,80,77,70,76,80,75,75,75,75,13,13,13,9,15,40,0,0],"gold":118,"neow_bonus":"THREE_ENEMY_KILL","is_daily":false,"chose_seed":false,"campfire_upgraded":0,"win_rate":0.0,"timestamp":1610852463,"path_taken":["M","$","M","?","?","E","M","M","T","PTL","PTL","E","R","?","?","E","R","BOSS"],"items_purchased_type":["Card","Card"],"build_version":"2020-12-18","purchased_purges":0,"victory":false,"max_hp_per_floor":[80,80,80,80,80,80,80,80,80,80,80,83,83,83,86,86,86,86,86],"card_choices":[{"not_picked":["Reckless Charge","Wild Strike"],"picked":"Disarm","floor":1},{"not_picked":["True Grit","Dropkick","Havoc"],"picked":"SKIP","floor":3},{"not_picked":["Twin Strike","Run Through"],"picked":"Feel No Pain","floor":6},{"not_picked":["Entrench","Run Through","Heavy Blade"],"picked":"SKIP","floor":7},{"not_picked":["Clothesline","Wild Strike"],"picked":"Feed","floor":8},{"not_picked":["Cleave","Armaments","True Grit"],"picked":"SKIP","floor":12},{"not_picked":["True Grit","Anger","ReplayReversal"],"picked":"SKIP","floor":15}],"player_experience":447604,"relics_obtained":[{"floor":6,"key":"Peace Pipe"},{"floor":9,"key":"Champion Belt"},{"floor":12,"key":"Red Skull"},{"floor":14,"key":"Bottled Lightning"}],"event_choices":[{"damage_healed":0,"gold_gain":0,"player_choice":"Success","damage_taken":3,"relics_obtained":["Replay:Bottled Snecko"],"max_hp_gain":0,"max_hp_loss":0,"event_name":"Scrap Ooze","floor":4,"gold_loss":0},{"cards_removed":["Strike_R"],"damage_healed":0,"gold_gain":0,"player_choice":"Card Removal","damage_taken":7,"max_hp_gain":0,"max_hp_loss":0,"event_name":"Golden Wing","floor":5,"gold_loss":0}],"is_beta":true,"boss_relics":[],"items_purged_floors":[],"is_endless":false,"potions_floor_spawned":[1,7,15,16],"killed_by":"The Guardian","ascension_level":0}}