{"host":"sct5htsgcw1q318k","time":1610897877,"event":{"mods":["BaseMod","Colored Map","Minty Spire (QoL Compilation)","Permanent Neow"],"gold_per_floor":[113,123,133,150,150,150,177,177,226,261,261,261,279,279,279,279,279],"floor_reached":16,"language":"ENG","playtime":1087,"items_purged":[],"score":187,"play_id":"54298888-62cd-4eb2-8771-3931924d920b","local_time":"20210117093757","is_ascension_mode":true,"campfire_choices":[{"data":"Footwork","floor":6,"key":"SMITH"},{"data":"Masterful Stab","floor":8,"key":"SMITH"},{"floor":12,"key":"REST"},{"floor":15,"key":"REST"}],"circlet_count":0,"master_deck":["AscendersBane","Strike_G","Strike_G","Strike_G","Strike_G","Strike_G","Defend_G","Defend_G","Defend_G","Defend_G","Defend_G","Survivor","Neutralize","Footwork+1","Flying Knee+1","PiercingWail","Masterful Stab+1","Blade Dance","Cloak And Dagger","Backstab+1"],"relics":["Ring of the Snake","Centennial Puzzle","Darkstone Periapt","Bag of Marbles","PreservedInsect"],"acts_visited":["Exordium"],"potions_floor_usage":[7],"damage_taken":[{"damage":3,"enemies":"Jaw Worm","floor":1,"turns":6},{"damage":0,"enemies":"Small Slimes","floor":2,"turns":5},{"damage":7,"enemies":"2 Louse","floor":3,"turns":3},{"damage":0,"enemies":"Exordium Wildlife","floor":4,"turns":4},{"damage":14,"enemies":"3 Sentries","floor":7,"turns":12},{"damage":29,"enemies":"Lagavulin","floor":10,"turns":10},{"damage":0,"enemies":"Gremlin Gang","floor":13,"turns":5},{"damage":41,"enemies":"Slime Boss","floor":16,"turns":7}],"seed_played":"2520312758517038963","potions_obtained":[{"floor":3,"key":"CunningPotion"},{"floor":10,"key":"Ancient Potion"}],"is_trial":false,"path_per_floor":["M","M","M","M","?","R","E","R","T","E","?","R","M","?","R","B"],"character_chosen":"THE_SILENT","items_purchased":[],"campfire_rested":2,"item_purchase_floors":[],"current_hp_per_floor":[56,56,49,49,49,49,35,35,35,6,3,22,22,9,28,0,0],"gold":279,"neow_bonus":"RANDOM_COMMON_RELIC","is_daily":false,"chose_seed":false,"campfire_upgraded":2,"win_rate":0.0,"timestamp":1610897877,"path_taken":["M","M","M","M","?","R","E","R","T","E","?","R","M","?","R","BOSS"],"items_purchased_type":[],"build_version":"2020-12-22","purchased_purges":0,"victory":false,"max_hp_per_floor":[66,66,66,66,66,66,66,66,66,66,66,66,66,66,66,66,66],"card_choices":[{"not_picked":["PiercingWail","Slice"],"picked":"Footwork","floor":1},{"not_picked":["PiercingWail","Heel Hook"],"picked":"Flying Knee","floor":2},{"not_picked":["Expertise","Prepared"],"picked":"PiercingWail","floor":3},{"not_picked":["Flying Knee","Acrobatics"],"picked":"Masterful Stab","floor":4},{"not_picked":["Phantasmal Killer","Sucker Punch"],"picked":"Blade Dance","floor":7},{"not_picked":["Dodge and Roll","Prepared"],"picked":"Cloak And Dagger","floor":10},{"not_picked":["Dagger Spray","Well Laid Plans"],"picked":"Backstab","floor":13}],"player_experience":837558,"relics_obtained":[{"floor":7,"key":"Darkstone Periapt"},{"floor":9,"key":"Bag of Marbles"},{"floor":10,"key":"PreservedInsect"}],"event_choices":[{"damage_healed":0,"gold_gain":0,"player_choice":"Ignored","damage_taken":0,"max_hp_gain":0,"max_hp_loss":0,"event_name":"Liars Game","floor":5,"gold_loss":0},{"damage_healed":0,"gold_gain":0,"player_choice":"Fled","damage_taken":3,"max_hp_gain":0,"max_hp_loss":0,"event_name":"Scrap Ooze","floor":11,"gold_loss":0},{"damage_healed":0,"gold_gain":0,"player_choice":"Entered Light","damage_taken":13,"max_hp_gain":0,"max_hp_loss":0,"event_name":"Shining Light","floor":14,"gold_loss":0,"cards_upgraded":["Flying Knee","Backstab"]}],"is_beta":false,"boss_relics":[],"items_purged_floors":[],"is_endless":false,"potions_floor_spawned":[3,10],"killed_by":"Slime Boss","ascension_level":14}}