{"host":"jak4ncvfzor9mys0","time":1610865808,"event":{"mods":["2.2 Compatiblity","AchievementEnabler","BaseMod","Better Altar","Better Match","Better Note","Better Sensory Stone","Better Skull","Better Third Choice","BetterRewards","Block Reminder","Colored Map","Colored Powertips","Dark Map","Energized Spire","Gold Saver","Hubris","Infinite Spire","Key Reminder","Minty Spire (QoL Compilation)","Rare Cards Sparkle","Red Circlet Mod","Relic Sorter","Relic Stats","Replay The Spire","Retaliation","Spicy Shops","StSLib","SuperFastMode","The Blue Laboratory"],"gold_per_floor":[479,513,525,372,382,398,398,430,480,497,516,516,169,187,187,187,187],"floor_reached":16,"language":"ENG","playtime":700,"items_purged":["Defend_R","Strike_R"],"score":109,"play_id":"663f05f0-b467-462e-850d-96508195ce00","local_time":"20210116224328","is_ascension_mode":true,"campfire_choices":[{"floor":7,"key":"REST"},{"data":"Fire Breathing","floor":12,"key":"SMITH"},{"floor":15,"key":"REST"}],"circlet_count":0,"master_deck":["Strike_R","Strike_R","Strike_R","Strike_R","Defend_R","Defend_R","Defend_R","Bash","Perfected Strike","hubris:ReadiedAction","Shrug It Off","Fire Breathing+1","Spreading Infection","Reckless Charge","ReplayTheSpireMod:Stacked","Perfected Strike"],"relics":["Burning Blood","Ancient Tea Set","Oddly Smooth Stone","ReplayTheSpireMod:CursedCoin","Shovel","Boot","Replay:Ringing Soul"],"acts_visited":["Exordium"],"potions_floor_usage":[6,16,16],"damage_taken":[{"damage":0,"enemies":"Small Slimes","floor":1,"turns":3},{"damage":1,"enemies":"Cultist","floor":3,"turns":3},{"damage":17,"enemies":"infinitespire:Voidling","floor":5,"turns":4},{"damage":13,"enemies":"Gremlin Gang","floor":6,"turns":5},{"damage":17,"enemies":"Replay:BlueRogue","floor":8,"turns":6},{"damage":1,"enemies":"Large Slime","floor":10,"turns":6},{"damage":10,"enemies":"Looter","floor":11,"turns":4},{"damage":22,"enemies":"2 Fungi Beasts","floor":14,"turns":4},{"damage":59,"enemies":"Hexaghost","floor":16,"turns":7}],"seed_played":"-5028596786689563116","potions_obtained":[{"floor":1,"key":"PowerPotion"},{"floor":2,"key":"blueLaboratory:BottledHope"},{"floor":2,"key":"AttackPotion"}],"is_trial":false,"path_per_floor":["M","?","M","$","M","M","R","E","T","M","M","R","$","M","R","B"],"character_chosen":"IRONCLAD","items_purchased":["Oddly Smooth Stone","Fire Breathing","ReplayTheSpireMod:CursedCoin","Replay:Ringing Soul"],"campfire_rested":2,"item_purchase_floors":[4,4,4,13],"current_hp_per_floor":[80,48,53,53,42,35,59,48,48,53,49,49,49,33,57,0,0],"gold":187,"neow_bonus":"RANDOM_COMMON_RELIC","is_daily":false,"chose_seed":false,"campfire_upgraded":1,"win_rate":0.0,"timestamp":1610865808,"path_taken":["M","?","M","$","?","M","R","E","T","?","M","R","$","M","R","BOSS"],"items_purchased_type":["Relic","Card","Relic","Relic"],"build_version":"2020-12-22","purchased_purges":2,"victory":false,"max_hp_per_floor":[80,80,80,80,80,80,80,80,80,80,80,80,80,80,80,80,80],"relic_stats":{"Shovel":0,"counters":[9,42],"Boot":[5],"obtain_stats":[{"Replay:Ringing Soul":13,"Shovel":8,"ReplayTheSpireMod:CursedCoin":4,"Oddly Smooth Stone":4,"Ancient Tea Set":0,"Boot":9,"Burning Blood":0},{"Replay:Ringing Soul":7,"Shovel":5,"ReplayTheSpireMod:CursedCoin":2,"Oddly Smooth Stone":2,"Ancient Tea Set":0,"Boot":5,"Burning Blood":0},{"Replay:Ringing Soul":31,"Shovel":21,"ReplayTheSpireMod:CursedCoin":6,"Oddly Smooth Stone":6,"Ancient Tea Set":0,"Boot":21,"Burning Blood":0}],"Burning Blood":42},"card_choices":[{"not_picked":["Rupture","Shockwave"],"picked":"Perfected Strike","floor":1},{"not_picked":["Run Through","Dropkick"],"picked":"hubris:ReadiedAction","floor":2},{"not_picked":["Anger","DDmod:EasePowerCard"],"picked":"Shrug It Off","floor":3},{"not_picked":["True Grit","hubris:ReadiedAction","Replay:Undeath\u0027s Touch"],"picked":"SKIP","floor":5},{"not_picked":["Havoc","Seeing Red","hubris:ReadiedAction"],"picked":"SKIP","floor":6},{"not_picked":["Body Slam","Headbutt"],"picked":"Reckless Charge","floor":8},{"not_picked":["Dark Embrace","Cleave"],"picked":"ReplayTheSpireMod:Stacked","floor":10},{"not_picked":["Sword Boomerang","DDmod:CallousedSkill"],"picked":"Perfected Strike","floor":11},{"not_picked":["Pommel Strike","DDmod:ScaleUpSkill","DDmod:SpikedSkill"],"picked":"SKIP","floor":14}],"player_experience":2772140,"relics_obtained":[{"floor":8,"key":"Shovel"},{"floor":9,"key":"Boot"}],"event_choices":[],"is_beta":false,"boss_relics":[],"items_purged_floors":[4,13],"is_endless":false,"potions_floor_spawned":[1,3,10],"killed_by":"Hexaghost","ascension_level":1}}