{"host":"i7jfea87xc8lz16p","time":1610886283,"event":{"mods":["AchievementEnabler","BaseMod","Colored Powertips","Minty Spire (QoL Compilation)","Relic Stats"],"gold_per_floor":[115,115,115,125,50,85,85,110,110,130,145,145,178,189,189,189,189],"floor_reached":16,"language":"ENG","playtime":536,"items_purged":["Strike_R"],"score":290,"play_id":"34297e2e-d255-4239-937e-1359b91afeb9","local_time":"20210117132443","is_ascension_mode":true,"campfire_choices":[{"data":"Cleave","floor":12,"key":"SMITH"},{"data":"Feel No Pain","floor":15,"key":"SMITH"}],"circlet_count":0,"master_deck":["AscendersBane","Strike_R","Strike_R","Strike_R","Defend_R","Defend_R+1","Defend_R+1","Defend_R","Bash+1","Feel No Pain+1","Thunderclap","Headbutt","Bash","Havoc+1","Cleave+1","Power Through+1","Burning Pact+1","Combust","Pommel Strike"],"relics":["Burning Blood","NeowsBlessing","Toxic Egg 2","Oddly Smooth Stone","Art of War","War Paint"],"acts_visited":["Exordium"],"potions_floor_usage":[8,16],"damage_taken":[{"damage":0,"enemies":"Jaw Worm","floor":1,"turns":1},{"damage":0,"enemies":"2 Louse","floor":4,"turns":1},{"damage":0,"enemies":"Gremlin Nob","floor":6,"turns":1},{"damage":44,"enemies":"Lagavulin","floor":8,"turns":6},{"damage":0,"enemies":"Small Slimes","floor":10,"turns":2},{"damage":8,"enemies":"Red Slaver","floor":11,"turns":5},{"damage":18,"enemies":"3 Sentries","floor":13,"turns":6},{"damage":15,"enemies":"3 Louse","floor":14,"turns":3},{"damage":21,"enemies":"Hexaghost","floor":16,"turns":9}],"seed_played":"-4817127842703105679","potions_obtained":[{"floor":1,"key":"FearPotion"},{"floor":6,"key":"Energy Potion"},{"floor":10,"key":"ElixirPotion"},{"floor":14,"key":"Energy Potion"}],"is_trial":false,"path_per_floor":["M","?","?","M","$","E","?","E","T","M","M","R","E","M","R","B"],"character_chosen":"IRONCLAD","items_purchased":[],"campfire_rested":0,"item_purchase_floors":[],"current_hp_per_floor":[74,74,67,73,73,75,75,37,37,43,41,41,29,20,20,0,0],"gold":189,"neow_bonus":"THREE_ENEMY_KILL","is_daily":false,"chose_seed":false,"campfire_upgraded":2,"win_rate":0.0,"timestamp":1610886283,"path_taken":["M","?","?","M","?","E","?","E","T","M","M","R","E","M","R","BOSS"],"items_purchased_type":[],"build_version":"2020-12-22","purchased_purges":1,"victory":false,"max_hp_per_floor":[75,75,75,75,75,75,75,75,75,75,75,75,75,75,75,75,75],"relic_stats":{"counters":[9,34],"Art of War":[3],"War Paint":["Defend_R","Defend_R"],"obtain_stats":[{"NeowsBlessing":0,"Oddly Smooth Stone":8,"Art of War":9,"Toxic Egg 2":6,"War Paint":13,"Burning Blood":0},{"NeowsBlessing":0,"Oddly Smooth Stone":4,"Art of War":4,"Toxic Egg 2":3,"War Paint":7,"Burning Blood":0},{"NeowsBlessing":0,"Oddly Smooth Stone":9,"Art of War":9,"Toxic Egg 2":3,"War Paint":22,"Burning Blood":0}],"Burning Blood":44},"card_choices":[{"not_picked":["Sword Boomerang","Iron Wave"],"picked":"Feel No Pain","floor":1},{"not_picked":["Body Slam","Ghostly Armor"],"picked":"Thunderclap","floor":4},{"not_picked":["Twin Strike","Clash"],"picked":"Headbutt","floor":6},{"not_picked":["Warcry+1","Bloodletting+1"],"picked":"Cleave","floor":8},{"not_picked":["Reckless Charge","Twin Strike"],"picked":"Power Through+1","floor":10},{"not_picked":["Feel No Pain","Battle Trance+1"],"picked":"Burning Pact+1","floor":11},{"not_picked":["Burning Pact+1","Second Wind+1"],"picked":"Combust","floor":13},{"not_picked":["Headbutt","Sword Boomerang"],"picked":"Pommel Strike","floor":14}],"player_experience":1785822,"relics_obtained":[{"floor":6,"key":"Toxic Egg 2"},{"floor":8,"key":"Oddly Smooth Stone"},{"floor":9,"key":"Art of War"},{"floor":13,"key":"War Paint"}],"event_choices":[{"damage_healed":0,"gold_gain":0,"player_choice":"Grow","damage_taken":0,"max_hp_gain":0,"max_hp_loss":0,"event_name":"Living Wall","floor":2,"gold_loss":0,"cards_upgraded":["Bash"]},{"cards_removed":["Strike_R"],"damage_healed":0,"gold_gain":0,"player_choice":"Card Removal","damage_taken":7,"max_hp_gain":0,"max_hp_loss":0,"event_name":"Golden Wing","floor":3,"gold_loss":0},{"damage_healed":0,"gold_gain":0,"player_choice":"2 cards matched","damage_taken":0,"max_hp_gain":0,"max_hp_loss":0,"event_name":"Match and Keep!","floor":7,"gold_loss":0,"cards_obtained":["Bash","Havoc"]}],"is_beta":false,"boss_relics":[],"items_purged_floors":[5],"is_endless":false,"potions_floor_spawned":[1,6,10,14],"killed_by":"Hexaghost","ascension_level":20}}