{"host":"pfy6u49v5s5r680p","time":1610869905,"event":{"mods":["BaseMod","Colored Map","DeckTracker","Highlight Path","Keyboard Shortcuts","Minty Spire (QoL Compilation)","Permanent Neow","Quick Restart","StSLib","SuperFastMode","everything is the same but u backflip on backflip"],"gold_per_floor":[117,129,204,129,148,148,166,185,185,198,198,198,198,227,227,227,227],"floor_reached":16,"language":"KOR","playtime":472,"items_purged":["Strike_B"],"score":92,"play_id":"699e11f2-66dd-4e13-93be-7a423e1be64b","local_time":"20210117165145","is_ascension_mode":false,"campfire_choices":[{"data":"Hologram","floor":6.0,"key":"SMITH"},{"data":"Genetic Algorithm","floor":11.0,"key":"SMITH"},{"floor":15.0,"key":"REST"}],"circlet_count":0,"master_deck":["Strike_B","Strike_B","Strike_B","Defend_B","Defend_B","Defend_B","Defend_B","Zap","Dualcast","Streamline","Hologram+1","Lockon","Stack","Double Energy","Genetic Algorithm+1","Compile Driver"],"relics":["Cracked Core","Incense Burner","Dead Branch","Unceasing Top","Golden Idol","Odd Mushroom"],"acts_visited":["Exordium"],"potions_floor_usage":[],"damage_taken":[{"damage":0.0,"enemies":"Cultist","floor":1.0,"turns":4.0},{"damage":0.0,"enemies":"Small Slimes","floor":2.0,"turns":3.0},{"damage":6.0,"enemies":"2 Louse","floor":5.0,"turns":3.0},{"damage":0.0,"enemies":"Large Slime","floor":7.0,"turns":3.0},{"damage":10.0,"enemies":"Exordium Wildlife","floor":8.0,"turns":2.0},{"damage":7.0,"enemies":"3 Louse","floor":10.0,"turns":3.0},{"damage":18.0,"enemies":"The Mushroom Lair","floor":14.0,"turns":3.0},{"damage":42,"enemies":"The Guardian","floor":16,"turns":8}],"seed_played":"-2065025812151345916","potions_obtained":[{"floor":1.0,"key":"Regen Potion"},{"floor":2.0,"key":"Fruit Juice"}],"is_trial":false,"path_per_floor":["M","M","?","$","M","R","M","M","T","M","R","?","?","?","R","B"],"character_chosen":"DEFECT","items_purchased":[],"campfire_rested":1,"item_purchase_floors":[],"current_hp_per_floor":[54,54,47,47,41,41,41,31,31,38,38,31,31,13,35,0,0],"gold":227,"neow_bonus":"ONE_RARE_RELIC","is_daily":false,"chose_seed":false,"campfire_upgraded":2,"win_rate":0.0,"timestamp":1610869905,"path_taken":["M","M","?","$","?","R","M","M","T","M","R","?","?","?","R","BOSS"],"items_purchased_type":[],"build_version":"2020-12-22","purchased_purges":1,"victory":false,"max_hp_per_floor":[75,75,75,75,75,75,75,75,75,80,80,80,74,74,74,74,74],"card_choices":[{"not_picked":["Cold Snap","Scrape"],"picked":"Streamline","floor":1.0},{"not_picked":["Redo","Go for the Eyes"],"picked":"Hologram","floor":2.0},{"not_picked":["Barrage","Leap"],"picked":"Lockon","floor":5.0},{"not_picked":["Lockon","Ball Lightning"],"picked":"Stack","floor":7.0},{"not_picked":["Genetic Algorithm","Beam Cell"],"picked":"Double Energy","floor":8.0},{"not_picked":["Loop","Redo"],"picked":"Genetic Algorithm","floor":10.0},{"not_picked":["Steam","Steam Power"],"picked":"Compile Driver","floor":14.0}],"player_experience":147292,"relics_obtained":[{"floor":9.0,"key":"Dead Branch"},{"floor":14.0,"key":"Odd Mushroom"}],"event_choices":[{"damage_healed":0.0,"max_hp_gain":0.0,"max_hp_loss":0.0,"gold_gain":75.0,"event_name":"FaceTrader","player_choice":"Touch","floor":3.0,"gold_loss":0.0,"damage_taken":7.0},{"damage_healed":0.0,"max_hp_gain":0.0,"max_hp_loss":0.0,"gold_gain":0.0,"event_name":"Scrap Ooze","player_choice":"Success","floor":12.0,"gold_loss":0.0,"damage_taken":7.0,"relics_obtained":["Unceasing Top"]},{"damage_healed":0.0,"max_hp_gain":0.0,"max_hp_loss":6.0,"gold_gain":0.0,"event_name":"Golden Idol","player_choice":"Lose Max HP","floor":13.0,"gold_loss":0.0,"damage_taken":0.0,"relics_obtained":["Golden Idol"]},{"damage_healed":0.0,"max_hp_gain":0.0,"max_hp_loss":0.0,"gold_gain":0.0,"event_name":"Mushrooms","player_choice":"Fought Mushrooms","floor":14.0,"gold_loss":0.0,"damage_taken":0.0}],"is_beta":false,"boss_relics":[],"items_purged_floors":[4],"is_endless":false,"potions_floor_spawned":[1,2],"killed_by":"The Guardian","ascension_level":0}}