{"host":"d5i1qeb9dejicw1z","time":1610856009,"event":{"mods":["AchievementEnabler","BaseMod","Better Note","BetterRewards","Downfall","Gold Saver","Hermit","Minty Spire (QoL Compilation)","StSLib"],"gold_per_floor":[432,432,451,464,464,491,491,519,519,519,519,536,546,566,566,566,566],"floor_reached":16,"language":"ENG","playtime":765,"items_purged":[],"score":190,"play_id":"4bcf6c59-0681-4360-acb2-31f7f858d90d","local_time":"20210116200009","is_ascension_mode":true,"campfire_choices":[{"data":"Footwork","floor":7,"key":"SMITH"},{"data":"Dagger Spray","floor":10,"key":"SMITH"},{"floor":15,"key":"REST"}],"circlet_count":0,"master_deck":["AscendersBane","Strike_G","Strike_G","Strike_G","Strike_G","Strike_G","Defend_G","Defend_G","Defend_G","Defend_G","Survivor","Neutralize","Bandage Up","Backflip","Distraction","Dagger Spray+1","Footwork+1","Backstab","Backstab","PiercingWail+1","Dodge and Roll+1"],"relics":["Ring of the Snake","CaptainsWheel","Orichalcum","Omamori","Toxic Egg 2"],"acts_visited":["Exordium"],"potions_floor_usage":[6,8,16,16],"damage_taken":[{"damage":9,"enemies":"Jaw Worm","floor":1,"turns":7},{"damage":5,"enemies":"Cultist","floor":3,"turns":6},{"damage":1,"enemies":"Small Slimes","floor":4,"turns":5},{"damage":9,"enemies":"Gremlin Nob","floor":6,"turns":5},{"damage":26,"enemies":"3 Sentries","floor":8,"turns":11},{"damage":1,"enemies":"Red Slaver","floor":12,"turns":6},{"damage":8,"enemies":"Blue Slaver","floor":13,"turns":3},{"damage":0,"enemies":"3 Louse","floor":14,"turns":2},{"damage":55,"enemies":"Slime Boss","floor":16,"turns":12}],"seed_played":"-8018895035157712611","potions_obtained":[{"floor":1,"key":"Poison Potion"},{"floor":6,"key":"Swift Potion"},{"floor":8,"key":"sneckomod:MuddlingPotion"},{"floor":13,"key":"Guardian:BlockOnCardUsePotion"}],"is_trial":false,"path_per_floor":["M","?","M","M","T","E","R","E","T","R","?","M","M","M","R","B"],"character_chosen":"THE_SILENT","items_purchased":[],"campfire_rested":1,"item_purchase_floors":[],"current_hp_per_floor":[54,54,53,56,56,51,51,29,29,29,29,32,28,28,47,0,0],"gold":566,"neow_bonus":"RANDOM_COLORLESS","is_daily":false,"chose_seed":false,"campfire_upgraded":2,"win_rate":0.0,"timestamp":1610856009,"path_taken":["M","?","M","?","?","E","R","E","T","R","?","M","M","?","R","BOSS"],"items_purchased_type":[],"build_version":"2020-12-22","purchased_purges":0,"victory":false,"max_hp_per_floor":[66,66,66,66,66,66,66,66,66,66,66,66,66,66,66,66,66],"card_choices":[{"not_picked":["Purity","Dark Shackles"],"picked":"Bandage Up","floor":0},{"not_picked":["Deadly Poison","Heel Hook"],"picked":"Backflip","floor":1},{"not_picked":["Dodge and Roll","Leg Sweep","Concentrate"],"picked":"SKIP","floor":3},{"not_picked":["Prepared","Bouncing Flask"],"picked":"Dagger Spray","floor":4},{"not_picked":["Poisoned Stab","Sucker Punch"],"picked":"Footwork","floor":6},{"not_picked":["Deflect","Dagger Spray"],"picked":"Backstab","floor":8},{"not_picked":["Bane","Sucker Punch"],"picked":"Backstab","floor":12},{"not_picked":["Underhanded Strike","Flying Knee"],"picked":"PiercingWail+1","floor":13},{"not_picked":["Glass Knife","Caltrops"],"picked":"Dodge and Roll+1","floor":14}],"player_experience":1204347,"relics_obtained":[{"floor":5,"key":"CaptainsWheel"},{"floor":6,"key":"Orichalcum"},{"floor":8,"key":"Omamori"},{"floor":9,"key":"Toxic Egg 2"}],"event_choices":[{"damage_healed":0,"gold_gain":0,"player_choice":"1 cards matched","damage_taken":0,"max_hp_gain":0,"max_hp_loss":0,"event_name":"Match and Keep!","floor":2,"gold_loss":0,"cards_obtained":["Distraction"]},{"cards_removed":["Defend_G"],"damage_healed":0,"gold_gain":0,"player_choice":"Purged","damage_taken":0,"max_hp_gain":0,"max_hp_loss":0,"event_name":"Purifier","floor":11,"gold_loss":0}],"is_beta":false,"boss_relics":[],"items_purged_floors":[],"is_endless":false,"potions_floor_spawned":[1,6,8,13],"killed_by":"Slime Boss","ascension_level":14}}