{"host":"cjmwurvrz00ml9vd","time":1610922372,"event":{"mods":["2.2 Compatiblity","AchievementEnabler","Act Like it!","Aspiration","BaseMod","Beaked The Cultist","Better Third Choice","BetterRewards","Colored Powertips","Conspire","Energized Spire","Infinite Spire","Marisa????????","Marked Mod","Minty Spire (QoL Compilation)","Replay The Spire","Say the Spire","StSLib","The Blackbeard","The Cursed","The Disciple","The Hierophant","The Jungle","The Necromancer","The Servant 0.9.4","TheFirefly","vexMod"],"gold_per_floor":[110,122,122,64,64,92,92,92,117,132,132,132,132,147,147,245,245,264,274,125,141,153,153,153,153,153,153,68,118,151,170,170,275,275,289,289,289,302,302,302],"floor_reached":39,"language":"ENG","playtime":1313,"items_purged":["Doubt"],"score":516,"play_id":"66e536ba-886c-41a6-a4b0-873761a1fe10","local_time":"20210117232612","is_ascension_mode":true,"campfire_choices":[{"floor":8,"key":"REST"},{"data":"Master of Strategy","floor":12,"key":"SMITH"},{"data":"MillisecondPulsars","floor":15,"key":"SMITH"},{"data":"MasterSpark","floor":23,"key":"SMITH"},{"floor":32,"key":"REST"}],"circlet_count":0,"master_deck":["Strike_MRS","Strike_MRS","Strike_MRS","Strike_MRS","Defend_MRS","Defend_MRS","Defend_MRS","MasterSpark+1","UpSweep","Master of Strategy+1","Singularity+1","PropBag","MillisecondPulsars+1","SporeBomb+1","ShootTheMoon","infinitespire:NeuralNetwork","BinaryStars","FairyDestructionRay+1","infinitespire:Gouge","PowerUp+1"],"relics":["MiniHakkero","ReplayTheSpireMod:CursedCoin","Toy Ornithopter","infinitespire:Satchel","Centennial Puzzle","Art of War","energizedSpire:RedRose","Lee\u0027s Waffle","aspiration:StickyExplosives_weak","Replay:WaspNest","infinitespire:Lychee Nut","infinitespire:Bottled Soul","Chameleon Ring","aspiration:IroncladSkillbook","Mercury Hourglass"],"acts_visited":["Exordium","TheCity","TheBeyond"],"potions_floor_usage":[21,22,33],"damage_taken":[{"damage":7,"enemies":"Small Slimes","floor":1,"turns":2},{"damage":1,"enemies":"2 Louse","floor":2,"turns":2},{"damage":20,"enemies":"Lagavulin","floor":6,"turns":7},{"damage":2,"enemies":"Jaw Worm","floor":10,"turns":3},{"damage":3,"enemies":"2 Fungi Beasts","floor":14,"turns":3},{"damage":30,"enemies":"The Guardian","floor":16,"turns":11},{"damage":0,"enemies":"Spheric Guardian","floor":18,"turns":3},{"damage":22,"enemies":"2 Thieves","floor":19,"turns":3},{"damage":12,"enemies":"3 Cultists","floor":21,"turns":4},{"damage":13,"enemies":"Centurion and Healer","floor":22,"turns":4},{"damage":46,"enemies":"Slavers","floor":30,"turns":3},{"damage":9,"enemies":"Shelled Parasite and Fungi","floor":31,"turns":3},{"damage":38,"enemies":"Collector","floor":33,"turns":4},{"damage":9,"enemies":"3 Shapes","floor":35,"turns":4},{"damage":4,"enemies":"3 Darklings","floor":38,"turns":3},{"damage":82,"enemies":"Writhing Mass","floor":39,"turns":3}],"seed_played":"-776940795105752388","potions_obtained":[{"floor":16,"key":"Reflective Coating"},{"floor":19,"key":"Toxic Potion"},{"floor":30,"key":"BlessingOfTheForge"},{"floor":38,"key":"Venom Potion"}],"is_trial":false,"path_per_floor":["M","M","?","$","?","E","?","R","T","M","?","R","T","M","R","B",null,"M","M","$","M","M","R","T","AVR","T","R","?","?","E","M","R","B",null,"M","?","AVR","M","M"],"character_chosen":"MARISA","items_purchased":["ReplayTheSpireMod:CursedCoin","Master of Strategy","Singularity+1","Lee\u0027s Waffle"],"campfire_rested":2,"item_purchase_floors":[0,0,4,20],"current_hp_per_floor":[61,60,60,60,35,15,15,37,37,35,42,42,42,39,39,9,59,59,37,82,70,62,62,62,62,61,61,61,61,17,13,31,4,47,48,48,48,53,0,0],"gold":302,"neow_bonus":"","is_daily":false,"chose_seed":false,"campfire_upgraded":3,"win_rate":0.0,"timestamp":1610922372,"path_taken":["M","M","?","$","?","E","?","R","T","?","?","R","?","M","R","BOSS","M","M","$","M","M","R","?","AVR","T","R","?","?","E","?","R","BOSS","M","?","AVR","M","M"],"items_purchased_type":["Relic","Card","Card","Relic"],"build_version":"2020-12-22","purchased_purges":1,"victory":false,"max_hp_per_floor":[75,75,75,75,75,75,75,75,75,75,75,75,75,75,75,75,75,75,75,82,82,82,82,82,82,61,61,61,61,61,61,61,61,61,61,61,61,61,61,61],"card_choices":[{"not_picked":["SporeBomb","SprinkleStarSeal","LuminesStrike"],"picked":"SKIP","floor":1},{"not_picked":["Occultation","WitchLeyline","MysteriousBeam"],"picked":"SKIP","floor":2},{"not_picked":["ManaConvection","DC","Orbital"],"picked":"SKIP","floor":6},{"not_picked":["SporeBomb","Acceleration"],"picked":"PropBag","floor":10},{"not_picked":["SporeBomb","NonDirectionalLaser"],"picked":"MillisecondPulsars","floor":14},{"not_picked":["OrrerysSun","WitchLeyline","OortCloud"],"picked":"SKIP","floor":18},{"not_picked":["WitchOfGreed","ShootingEcho"],"picked":"SporeBomb+1","floor":19},{"not_picked":["GalacticHalo","NonDirectionalLaser"],"picked":"ShootTheMoon","floor":21},{"not_picked":["WitchLeyline","GravityBeat","WitchOfGreed"],"picked":"SKIP","floor":22},{"not_picked":["LuminesStrike","DoubleSpark+1"],"picked":"BinaryStars","floor":30},{"not_picked":["DC+1","BlazeAway","DeepEcoloBomb"],"picked":"SKIP","floor":31},{"not_picked":["Flex+1","Wild Strike+1","WitchLeyline+1"],"picked":"FairyDestructionRay+1","floor":35},{"not_picked":["LuminesStrike+1","GasGiant","Spot Weakness"],"picked":"PowerUp+1","floor":38}],"player_experience":624746,"relics_obtained":[{"floor":6,"key":"infinitespire:Satchel"},{"floor":9,"key":"Centennial Puzzle"},{"floor":13,"key":"Art of War"},{"floor":24,"key":"aspiration:StickyExplosives_weak"},{"floor":26,"key":"infinitespire:Lychee Nut"},{"floor":30,"key":"Chameleon Ring"}],"event_choices":[{"damage_healed":0,"gold_gain":1,"player_choice":"Relic ","damage_taken":25,"max_hp_gain":0,"max_hp_loss":0,"event_name":"betterThird:BetterScrap","floor":5,"gold_loss":0,"cards_obtained":["Fluid Movement"]},{"damage_healed":0,"gold_gain":0,"player_choice":"Obtained Relic","damage_taken":0,"relics_obtained":["infinitespire:Bottled Soul"],"max_hp_gain":0,"max_hp_loss":0,"event_name":"Addict","floor":28,"gold_loss":85},{"damage_healed":0,"gold_gain":100,"player_choice":"Bet on Murderer","damage_taken":0,"max_hp_gain":0,"max_hp_loss":0,"event_name":"The Joust","floor":29,"gold_loss":50},{"cards_removed":["Defend_MRS"],"damage_healed":0,"gold_gain":0,"player_choice":"Removed Skill","damage_taken":0,"max_hp_gain":0,"max_hp_loss":0,"event_name":"Falling","floor":36,"gold_loss":0}],"is_beta":false,"boss_relics":[{"not_picked":["aspiration:FutureDiary","SlaversCollar"],"picked":"energizedSpire:RedRose"},{"not_picked":["Replay:Ancient Bell","energizedSpire:SpiderWeb"],"picked":"aspiration:IroncladSkillbook"}],"items_purged_floors":[0],"is_endless":false,"potions_floor_spawned":[16,19,30,38],"killed_by":"Writhing Mass","ascension_level":6}}