{"host":"idjwbq71yrpkph1r","time":1610848316,"event":{"mods":["Alarm Clock","BaseMod","Better Third Choice","Block Reminder","Colored Powertips","Conspire","Hubris","Minty Spire (QoL Compilation)","Rare Cards Sparkle","StSLib","The Blue Laboratory","Waifu the Spire","everything is the same but u backflip on backflip"],"gold_per_floor":[115,127,144,163,175,175,205,205,231,231,252,275,299,314,314,314,314],"floor_reached":16,"language":"ENG","playtime":821,"items_purged":[],"score":108,"play_id":"bb042d8f-c436-496c-926f-c6a3b5bc3432","local_time":"20210117025156","is_ascension_mode":false,"campfire_choices":[{"data":"Backstab","floor":6,"key":"SMITH"},{"floor":8,"key":"REST"},{"floor":15,"key":"REST"}],"circlet_count":0,"master_deck":["Strike_G","Strike_G","Strike_G","Strike_G","Strike_G","Defend_G","Defend_G","Defend_G","Defend_G","Defend_G","Survivor","Neutralize","Backstab+1","Dodge and Roll","Quick Slash","PiercingWail","Cloak And Dagger","Backstab","hubris:SlightOfHand","PiercingWail","Cloak And Dagger"],"relics":["Philosopher\u0027s Stone","Bag of Marbles","Boot","Golden Idol"],"acts_visited":["Exordium"],"potions_floor_usage":[16],"damage_taken":[{"damage":3,"enemies":"Cultist","floor":1,"turns":6},{"damage":0,"enemies":"conspire:RoseBush","floor":2,"turns":2},{"damage":0,"enemies":"2 Louse","floor":3,"turns":2},{"damage":3,"enemies":"Large Slime","floor":4,"turns":7},{"damage":1,"enemies":"Red Slaver","floor":5,"turns":3},{"damage":51,"enemies":"Gremlin Nob","floor":7,"turns":6},{"damage":0,"enemies":"Looter","floor":11,"turns":1},{"damage":8,"enemies":"Exordium Wildlife","floor":12,"turns":2},{"damage":0,"enemies":"3 Louse","floor":13,"turns":1},{"damage":1,"enemies":"Gremlin Gang","floor":14,"turns":2},{"damage":44,"enemies":"Hexaghost","floor":16,"turns":12}],"seed_played":"-6065420837310241930","potions_obtained":[{"floor":2,"key":"blueLaboratory:EnvenomedCoating"},{"floor":3,"key":"CunningPotion"},{"floor":11,"key":"Poison Potion"}],"is_trial":false,"path_per_floor":["M","M","M","M","M","R","E","R","T","?","M","M","M","M","R","B"],"character_chosen":"THE_SILENT","items_purchased":[],"campfire_rested":2,"item_purchase_floors":[],"current_hp_per_floor":[67,67,67,64,63,63,12,33,33,33,33,25,25,24,43,0,0],"gold":314,"neow_bonus":"BOSS_RELIC","is_daily":false,"chose_seed":false,"campfire_upgraded":1,"win_rate":0.0,"timestamp":1610848316,"path_taken":["M","?","?","?","M","R","E","R","T","?","M","M","M","M","R","BOSS"],"items_purchased_type":[],"build_version":"2020-12-22","purchased_purges":0,"victory":false,"max_hp_per_floor":[70,70,70,70,70,70,70,70,70,65,65,65,65,65,65,65,65],"card_choices":[{"not_picked":["Backflip","Riddle With Holes"],"picked":"Backstab","floor":1},{"not_picked":["Endless Agony","Quick Slash"],"picked":"Dodge and Roll","floor":2},{"not_picked":["Sucker Punch","Deflect"],"picked":"Quick Slash","floor":3},{"not_picked":["Masterful Stab","Underhanded Strike"],"picked":"PiercingWail","floor":4},{"not_picked":["PiercingWail","Noxious Fumes"],"picked":"Cloak And Dagger","floor":5},{"not_picked":["Dash","Poisoned Stab"],"picked":"Backstab","floor":7},{"not_picked":["Well Laid Plans","PiercingWail"],"picked":"hubris:SlightOfHand","floor":11},{"not_picked":["Bane","Crippling Poison","PiercingWail"],"picked":"SKIP","floor":12},{"not_picked":["Malaise","Underhanded Strike"],"picked":"PiercingWail","floor":13},{"not_picked":["Poisoned Stab","Well Laid Plans"],"picked":"Cloak And Dagger","floor":14}],"player_experience":218623,"relics_obtained":[{"floor":7,"key":"Bag of Marbles"},{"floor":9,"key":"Boot"}],"event_choices":[{"damage_healed":0,"gold_gain":0,"player_choice":"Lose Max HP","damage_taken":0,"relics_obtained":["Golden Idol"],"max_hp_gain":0,"max_hp_loss":5,"event_name":"Golden Idol","floor":10,"gold_loss":0}],"is_beta":false,"boss_relics":[],"items_purged_floors":[],"is_endless":false,"potions_floor_spawned":[2,3,11,14],"killed_by":"Hexaghost","ascension_level":0}}