{"host":"mgc7o2tpy0ck407l","time":1610920048,"event":{"mods":["Alarm Clock","AlwaysNeverKeys","BaseMod","Better Altar","Better Match","Better Note","Better Sensory Stone","Better Skull","Better Third Choice","Better Vampires","Block Reminder","Booster Modes","Challenge The Spire","Colored Map","Colored Powertips","Disable Question Mark Monsters","Displayed Cursed Tome","Emptier Cage","Energized Spire","Evolution","Infinite Spire","Minty Spire (QoL Compilation)","Permanent Neow","Quick Restart","Rare Cards Sparkle","Reorder Act Four","Spicy Shops","StSLib","SuperFastMode","Transform Curses","Unceasing Turn Reminder"],"gold_per_floor":[109,109,34,34,34,77,77,101,101,101,114,135,135,158,158,289,289,302,402,46,46,67,67,111,111,111,111,127,150,150,150,150,275,275,296,296,312,332,177,177,193,236,236,236,17,37,53,97,97,97,97],"floor_reached":50,"language":"ENG","playtime":1394,"items_purged":["Decay"],"score":675,"play_id":"074a4a5d-421e-4434-99a5-1a7e067078b6","local_time":"20210117164728","is_ascension_mode":true,"campfire_choices":[{"data":"1","floor":7.0,"key":"LIFT"},{"data":"2","floor":10.0,"key":"LIFT"},{"floor":13.0,"key":"REST"},{"data":"3","floor":13.0,"key":"LIFT"},{"data":"Cloak And Dagger","floor":15.0,"key":"SMITH"},{"data":"Apotheosis","floor":23.0,"key":"SMITH"},{"data":"Bullet Time","floor":27.0,"key":"SMITH"},{"data":"Neutralize","floor":32.0,"key":"SMITH"},{"data":"Sucker Punch","floor":40.0,"key":"SMITH"},{"floor":49,"key":"REST"},{"data":"Adrenaline","floor":49,"key":"SMITH"}],"circlet_count":0,"master_deck":["Poisoned Stab+1","Poisoned Stab","Poisoned Stab","Poisoned Stab+1","Poisoned Stab","Cloak And Dagger","Cloak And Dagger","Cloak And Dagger","Defend_G","Survivor","Neutralize+1","Sucker Punch+1","Backstab","Footwork+1","Accuracy+1","Cloak And Dagger+1","Bullet Time+1","Blade Dance","Apotheosis+1","Trip+1","Calculated Gamble+1","Footwork+1","After Image+1","Envenom+1","Cloak And Dagger+1","Dodge and Roll+1","Adrenaline+1","A Thousand Cuts+1","Parasite"],"relics":["Ring of the Snake","EVO:Axolotl","Girya","Golden Idol","TheAbacus","infinitespire:Magic Flask","infinitespire:WardingShard","Frozen Egg 2","Runic Dome","Ninja Scroll","infinitespire:Golems Mask","infinitespire:CheckeredPen","energizedSpire:DeadBattery","Whetstone","Toy Ornithopter","infinitespire:BottledMercury","Sling","Gremlin Horn"],"acts_visited":["Exordium","TheCity","TheBeyond"],"potions_floor_usage":[47,47],"damage_taken":[{"damage":0.0,"enemies":"2 Louse","floor":1.0,"turns":2.0},{"damage":18.0,"enemies":"Lagavulin","floor":6.0,"turns":4.0},{"damage":0.0,"enemies":"Small Slimes","floor":8.0,"turns":3.0},{"damage":0.0,"enemies":"Jaw Worm","floor":11.0,"turns":2.0},{"damage":0.0,"enemies":"Gremlin Gang","floor":12.0,"turns":4.0},{"damage":1.0,"enemies":"2 Fungi Beasts","floor":14.0,"turns":3.0},{"damage":26.0,"enemies":"The Guardian","floor":16.0,"turns":7.0},{"damage":0.0,"enemies":"3 Byrds","floor":18.0,"turns":4.0},{"damage":0.0,"enemies":"Chosen","floor":22.0,"turns":2.0},{"damage":0.0,"enemies":"Book of Stabbing","floor":24.0,"turns":3.0},{"damage":0.0,"enemies":"Centurion and Healer","floor":28.0,"turns":2.0},{"damage":0.0,"enemies":"3 Cultists","floor":29.0,"turns":2.0},{"damage":0.0,"enemies":"Automaton","floor":33.0,"turns":6.0},{"damage":0.0,"enemies":"3 Shapes","floor":35.0,"turns":2.0},{"damage":0.0,"enemies":"3 Darklings","floor":37.0,"turns":4.0},{"damage":7.0,"enemies":"Maw","floor":38.0,"turns":5.0},{"damage":6.0,"enemies":"Spire Growth","floor":41.0,"turns":3.0},{"damage":40.0,"enemies":"Nemesis","floor":42.0,"turns":3.0},{"damage":0.0,"enemies":"4 Shapes","floor":46.0,"turns":2.0},{"damage":0,"enemies":"Writhing Mass","floor":47,"turns":3},{"damage":1,"enemies":"Giant Head","floor":48,"turns":5},{"damage":41,"enemies":"infinitespire:MassOfShapes","floor":50,"turns":4}],"seed_played":"8835224780693425545","potions_obtained":[{"floor":1.0,"key":"Ancient Potion"},{"floor":8.0,"key":"Block Potion"},{"floor":11.0,"key":"Energy Potion"},{"floor":14.0,"key":"CultistPotion"},{"floor":16.0,"key":"CunningPotion"},{"floor":18.0,"key":"DistilledChaos"},{"floor":41.0,"key":"DuplicationPotion"}],"is_trial":false,"path_per_floor":["M","?","$","?","?","E","R","M","T","R","M","M","R","M","R","B",null,"M","?","$","T","M","R","E","?","T","R","M","M","?","?","R","B",null,"M","?","M","M","$","R","M","E","T","?","$","M","M","E","R","B"],"character_chosen":"THE_SILENT","items_purchased":["TheAbacus","Apotheosis","Trip","Whetstone","Adrenaline","Sling"],"campfire_rested":2,"item_purchase_floors":[3,20,20,39,45,45],"current_hp_per_floor":[49,49,49,49,49,31,31,31,31,31,31,31,50,49,49,23,65,65,65,65,65,65,65,65,65,65,65,65,65,65,65,65,65,65,65,65,65,58,58,58,52,12,12,12,12,12,22,21,40,0,0],"gold":97,"neow_bonus":"ONE_RARE_RELIC","is_daily":false,"chose_seed":false,"campfire_upgraded":6,"win_rate":0.0,"timestamp":1610920048,"path_taken":["M","?","$","?","?","E","R","?","T","R","M","M","R","M","R","BOSS","M","?","$","?","M","R","E","?","T","R","?","M","?","?","R","BOSS","M","?","M","M","$","R","M","E","T","?","$","M","M","E","R","BOSS"],"items_purchased_type":["Relic","Card","Card","Relic","Card","Relic"],"build_version":"2020-12-22","purchased_purges":1,"victory":false,"max_hp_per_floor":[70,65,65,65,65,65,65,65,65,65,65,65,65,65,65,65,65,65,65,65,65,65,65,65,65,65,65,65,65,65,65,65,65,65,65,65,65,65,65,65,65,65,65,65,65,65,65,65,65,65,65],"card_choices":[{"not_picked":["Leg Sweep","Deadly Poison"],"picked":"Sucker Punch","floor":1.0},{"not_picked":["Predator","Dagger Spray","Deadly Poison"],"picked":"SKIP","floor":6.0},{"not_picked":["Caltrops","Skewer"],"picked":"Backstab","floor":8.0},{"not_picked":["Deadly Poison","Dagger Throw"],"picked":"Footwork+1","floor":11.0},{"not_picked":["Dodge and Roll","Slice"],"picked":"Accuracy+1","floor":12.0},{"not_picked":["Prepared","Bane"],"picked":"Cloak And Dagger","floor":14.0},{"not_picked":["Night Terror","Malaise"],"picked":"Bullet Time","floor":16.0},{"not_picked":["Cloak And Dagger","Sucker Punch"],"picked":"Blade Dance","floor":18.0},{"not_picked":["Dagger Throw","Outmaneuver","Poisoned Stab"],"picked":"SKIP","floor":22.0},{"not_picked":["PiercingWail","Dodge and Roll"],"picked":"Calculated Gamble+1","floor":24.0},{"not_picked":["Noxious Fumes+1","Backflip","Deadly Poison"],"picked":"SKIP","floor":28.0},{"not_picked":["Flechettes+1","Deadly Poison"],"picked":"Footwork+1","floor":29.0},{"not_picked":["Phantasmal Killer","Venomology"],"picked":"Envenom+1","floor":33.0},{"not_picked":["Underhanded Strike","Bane","Crippling Poison"],"picked":"SKIP","floor":35.0},{"not_picked":["Acrobatics+1","PiercingWail+1","Dodge and Roll"],"picked":"SKIP","floor":37.0},{"not_picked":["Acrobatics","Footwork+1"],"picked":"Cloak And Dagger+1","floor":38.0},{"not_picked":["Deflect","Finisher+1","Poisoned Stab+1"],"picked":"SKIP","floor":41.0},{"not_picked":["Noxious Fumes+1","Flying Knee+1"],"picked":"Dodge and Roll+1","floor":42.0},{"not_picked":["Outmaneuver+1","Sucker Punch"],"picked":"A Thousand Cuts+1","floor":46.0},{"not_picked":["Underhanded Strike","Expertise+1","Bouncing Flask"],"picked":"SKIP","floor":47},{"not_picked":["Predator","Catalyst+1","Sucker Punch"],"picked":"SKIP","floor":48}],"player_experience":758174,"relics_obtained":[{"floor":4.0,"key":"infinitespire:Magic Flask"},{"floor":6.0,"key":"infinitespire:WardingShard"},{"floor":9.0,"key":"Frozen Egg 2"},{"floor":21.0,"key":"Ninja Scroll"},{"floor":24.0,"key":"infinitespire:Golems Mask"},{"floor":26.0,"key":"infinitespire:CheckeredPen"},{"floor":42.0,"key":"Toy Ornithopter"},{"floor":43.0,"key":"infinitespire:BottledMercury"},{"floor":48,"key":"Gremlin Horn"}],"event_choices":[{"damage_healed":0.0,"max_hp_gain":0.0,"max_hp_loss":5.0,"gold_gain":0.0,"event_name":"Golden Idol","player_choice":"Lose Max HP","floor":2.0,"gold_loss":0.0,"damage_taken":0.0,"relics_obtained":["Golden Idol"]},{"damage_healed":0.0,"max_hp_gain":0.0,"max_hp_loss":0.0,"gold_gain":0.0,"event_name":"Wheel of Change","player_choice":"Cursed","floor":5.0,"gold_loss":0.0,"damage_taken":0.0,"cards_obtained":["Decay"]},{"damage_healed":0.0,"max_hp_gain":0.0,"max_hp_loss":0.0,"gold_gain":100.0,"event_name":"Golden Shrine","player_choice":"Pray","floor":19.0,"gold_loss":0.0,"damage_taken":0.0},{"damage_healed":0.0,"max_hp_gain":0.0,"max_hp_loss":0.0,"gold_gain":0.0,"event_name":"Accursed Blacksmith","player_choice":"Forge","floor":25.0,"gold_loss":0.0,"damage_taken":0.0,"cards_upgraded":["Trip"]},{"cards_removed":["Apotheosis"],"damage_healed":0.0,"max_hp_gain":0.0,"max_hp_loss":0.0,"gold_gain":0.0,"event_name":"betterNote:BetterNote","player_choice":"Give","floor":30.0,"gold_loss":0.0,"damage_taken":0.0,"cards_obtained":["Defend_G"]},{"damage_healed":0.0,"max_hp_gain":0.0,"max_hp_loss":0.0,"gold_gain":0.0,"event_name":"The Library","player_choice":"Read","floor":31.0,"gold_loss":0.0,"damage_taken":0.0,"cards_obtained":["After Image"]},{"cards_removed":["Defend_G"],"damage_healed":0.0,"max_hp_gain":0.0,"max_hp_loss":0.0,"gold_gain":0.0,"event_name":"Falling","player_choice":"Removed Skill","floor":36.0,"gold_loss":0.0,"damage_taken":0.0},{"damage_healed":0.0,"max_hp_gain":0.0,"max_hp_loss":0.0,"gold_gain":0.0,"event_name":"Tomb of Lord Red Mask","player_choice":"Ignored","floor":44.0,"gold_loss":0.0,"damage_taken":0.0}],"is_beta":false,"boss_relics":[{"not_picked":["energizedSpire:HighHeels","energizedSpire:MagnifyingGlass"],"picked":"Runic Dome"},{"not_picked":["Tiny House","Snecko Eye"],"picked":"energizedSpire:DeadBattery"}],"items_purged_floors":[20],"is_endless":false,"potions_floor_spawned":[1,8,11,14,16,18,28,29,37,41,46],"killed_by":"infinitespire:MassOfShapes","ascension_level":1}}