{"host":"lf8w6lk2ipwfzeol","time":1610845026,"event":{"mods":["ATMod(°¢èªMod)","Act Like it!","BaseMod","Downfall","Hermit","Minty Spire (QoL Compilation)","Quick Restart","Robot Space Explorer","StSLib","The Bladedancer","The Cursed","The Hierophant","The Runesmith","The Servant 0.9.4","Youmu£¨»êÆÇÑýÃÎ£©"],"gold_per_floor":[10,10,10,25,25,55,55,130,176,176,236,305,33,128,128,128,128],"floor_reached":16,"language":"ZHS","playtime":930,"items_purged":[],"score":100,"play_id":"b6945749-5650-4058-ad62-e687174f4531","local_time":"20210117085706","is_ascension_mode":false,"campfire_choices":[{"floor":10,"key":"REST"},{"floor":15,"key":"REST"}],"circlet_count":0,"master_deck":["TheCursedMod:Strike_TheCursed","TheCursedMod:Strike_TheCursed","TheCursedMod:Strike_TheCursed+1","TheCursedMod:Defend_TheCursed","TheCursedMod:Defend_TheCursed+1","TheCursedMod:Defend_TheCursed","TheCursedMod:CursedWand","TheCursedMod:CleanUpWorkshop","TheCursedMod:Dregs","AT_ChampionStep","TheCursedMod:CircleOfFlame","TheCursedMod:HellfireBreathing","TheCursedMod:ReleasedKnowledge","TheCursedMod:Wield","TheCursedMod:BloodBarrier","TheCursedMod:CircleOfCorruption","TheCursedMod:Stretching","TheCursedMod:CircleOfWindfury","TheCursedMod:CursedAmulet","TheCursedMod:DoubleShield"],"relics":["TheCursedMod:BlackMagic101","AT_ATBox","StoneCalendar","HornCleat","Darkstone Periapt","AT_MibuBalloonWealth","AT_ChloranthyRing"],"acts_visited":["Exordium"],"potions_floor_usage":[],"damage_taken":[{"damage":0,"enemies":"Cultist","floor":1,"turns":4},{"damage":20,"enemies":"Jaw Worm","floor":4,"turns":4},{"damage":24,"enemies":"Gremlin Nob","floor":6,"turns":5},{"damage":0,"enemies":"2 Louse","floor":11,"turns":4},{"damage":17,"enemies":"Exordium Wildlife","floor":12,"turns":5},{"damage":7,"enemies":"3 Louse","floor":14,"turns":4},{"damage":27,"enemies":"Slime Boss","floor":16,"turns":3}],"seed_played":"-2157233245760206195","potions_obtained":[{"floor":12,"key":"LiquidBronze"},{"floor":14,"key":"EssenceOfSteel"}],"is_trial":false,"path_per_floor":["M","?","?","M","?","E","T","?","T","R","M","M","$","M","R","B"],"character_chosen":"THE_CURSED","items_purchased":["AT_ChloranthyRing","TheCursedMod:CircleOfWindfury","TheCursedMod:CursedAmulet"],"campfire_rested":2,"item_purchase_floors":[13,13,13],"current_hp_per_floor":[75,75,75,55,40,16,16,5,5,27,27,10,10,3,25,0,0],"gold":128,"neow_bonus":"ONE_RARE_RELIC","is_daily":false,"chose_seed":false,"campfire_upgraded":0,"win_rate":0.0,"timestamp":1610845026,"path_taken":["M","?","?","?","?","E","?","?","T","R","M","M","?","M","R","BOSS"],"items_purchased_type":["Relic","Card","Card"],"build_version":"2020-12-22","purchased_purges":0,"victory":false,"max_hp_per_floor":[75,75,75,75,75,75,75,75,75,75,75,75,75,75,75,75,75],"card_choices":[{"not_picked":["TheCursedMod:CursedMace","TheCursedMod:TacticalStrike"],"picked":"TheCursedMod:CircleOfFlame","floor":1},{"not_picked":["TheCursedMod:VitalStrike","TheCursedMod:CircleOfBlood"],"picked":"TheCursedMod:Wield","floor":4},{"not_picked":["TheCursedMod:CircleOfFocus","TheCursedMod:Stigma"],"picked":"TheCursedMod:BloodBarrier","floor":6},{"not_picked":["TheCursedMod:Grudge","TheCursedMod:Wield"],"picked":"TheCursedMod:CircleOfCorruption","floor":11},{"not_picked":["TheCursedMod:Stigma","TheCursedMod:ReleasedKnowledge"],"picked":"TheCursedMod:Stretching","floor":12},{"not_picked":["TheCursedMod:CircleOfCorruption","TheCursedMod:ForbiddenAlchemy"],"picked":"TheCursedMod:DoubleShield","floor":14}],"player_experience":116178,"relics_obtained":[{"floor":6,"key":"HornCleat"},{"floor":7,"key":"Darkstone Periapt"},{"floor":9,"key":"AT_MibuBalloonWealth"}],"event_choices":[{"damage_healed":0,"gold_gain":0,"cards_transformed":["TheCursedMod:Defend_TheCursed"],"player_choice":"Change","damage_taken":0,"max_hp_gain":0,"max_hp_loss":0,"event_name":"Living Wall","floor":2,"gold_loss":0,"cards_obtained":["TheCursedMod:HellfireBreathing"]},{"damage_healed":0,"gold_gain":0,"cards_transformed":["TheCursedMod:Strike_TheCursed"],"player_choice":"Transformed","damage_taken":0,"max_hp_gain":0,"max_hp_loss":0,"event_name":"Transmorgrifier","floor":3,"gold_loss":0,"cards_obtained":["TheCursedMod:ReleasedKnowledge"]},{"damage_healed":0,"gold_gain":0,"player_choice":"Entered Light","damage_taken":15,"max_hp_gain":0,"max_hp_loss":0,"event_name":"Shining Light","floor":5,"gold_loss":0,"cards_upgraded":["TheCursedMod:Defend_TheCursed","TheCursedMod:Strike_TheCursed"]},{"damage_healed":0,"gold_gain":75,"player_choice":"Gather Gold","damage_taken":11,"max_hp_gain":0,"max_hp_loss":0,"event_name":"World of Goop","floor":8,"gold_loss":0}],"is_beta":false,"boss_relics":[],"items_purged_floors":[],"is_endless":false,"potions_floor_spawned":[12,14],"killed_by":"Slime Boss","ascension_level":0}}