{"host":"9v3x998ddbx8o276","time":1610872577,"event":{"mods":["AchievementEnabler","BaseMod","Colored Map","Colored Powertips","Highlight Path","Minty Spire (QoL Compilation)","Quick Restart","Rare Cards Sparkle"],"gold_per_floor":[116,116,36,50,28,28,28,28,81,112,112,132,132,148,148,245,245,263,25,0,0,19,19,19,19],"floor_reached":24,"language":"ENG","playtime":623,"items_purged":[],"score":284,"play_id":"40a89abb-e136-4676-b125-958d2783ca68","local_time":"20210117190617","is_ascension_mode":true,"campfire_choices":[{"data":"1","floor":6,"key":"LIFT"},{"data":"Searing Blow","floor":8,"key":"SMITH"},{"data":"2","floor":11,"key":"LIFT"},{"data":"3","floor":13,"key":"LIFT"},{"floor":15,"key":"REST"},{"floor":23,"key":"REST"}],"circlet_count":0,"master_deck":["Defend_R","Defend_R","Defend_R","Defend_R","Bash","Thunderclap","Searing Blow+1","Seeing Red","Anger","Demon Form","Metallicize","Shrug It Off","Blood for Blood+1","Reaper+1","Burning Pact","Immolate+1","Feel No Pain","Bite+1","Bite+1","Bite+1","Bite+1","Bite+1","Warcry+1"],"relics":["Burning Blood","Girya","Juzu Bracelet","Molten Egg 2","Black Star"],"acts_visited":["Exordium","TheCity"],"potions_floor_usage":[14,22],"damage_taken":[{"damage":12,"enemies":"Small Slimes","floor":1,"turns":4},{"damage":1,"enemies":"Cultist","floor":4,"turns":4},{"damage":35,"enemies":"3 Sentries","floor":10,"turns":7},{"damage":0,"enemies":"2 Louse","floor":12,"turns":2},{"damage":14,"enemies":"Gremlin Gang","floor":14,"turns":4},{"damage":9,"enemies":"Hexaghost","floor":16,"turns":7},{"damage":4,"enemies":"Chosen","floor":18,"turns":4},{"damage":46,"enemies":"Shell Parasite","floor":22,"turns":6},{"damage":49,"enemies":"Book of Stabbing","floor":24,"turns":4}],"seed_played":"1366298548440147634","potions_obtained":[{"floor":4,"key":"PowerPotion"}],"is_trial":false,"path_per_floor":["M","?","$","M","$","R","?","R","T","E","R","M","R","M","R","B",null,"M","$","?","?","M","R","E"],"character_chosen":"IRONCLAD","items_purchased":["Searing Blow","Anger","Immolate+1","Feel No Pain","Block Potion"],"campfire_rested":2,"item_purchase_floors":[3,5,19,19,19],"current_hp_per_floor":[45,45,45,50,50,50,50,50,50,21,21,27,27,19,43,40,70,72,72,72,56,36,52,9,9],"gold":19,"neow_bonus":"ONE_RARE_RELIC","is_daily":false,"chose_seed":false,"campfire_upgraded":1,"win_rate":0.0,"timestamp":1610872577,"path_taken":["M","?","?","M","$","R","?","R","T","E","R","M","R","M","R","BOSS","M","$","?","?","M","R","E"],"items_purchased_type":["Card","Card","Card","Card","Potion"],"build_version":"2020-12-22","purchased_purges":0,"victory":false,"max_hp_per_floor":[80,80,80,80,80,80,80,80,80,80,80,80,80,80,80,80,80,80,80,80,56,56,56,56,56],"card_choices":[{"not_picked":["Body Slam","Infernal Blade"],"picked":"Thunderclap","floor":1},{"not_picked":["Entrench","Cleave"],"picked":"Seeing Red","floor":4},{"not_picked":["Perfected Strike+1","Twin Strike+1"],"picked":"Metallicize","floor":10},{"not_picked":["Warcry","Twin Strike+1"],"picked":"Shrug It Off","floor":12},{"not_picked":["Reckless Charge+1","Perfected Strike+1"],"picked":"Blood for Blood+1","floor":14},{"not_picked":["Impervious","Offering"],"picked":"Reaper+1","floor":16},{"not_picked":["Perfected Strike+1","Warcry"],"picked":"Burning Pact","floor":18},{"not_picked":["Metallicize","Entrench"],"picked":"Warcry+1","floor":22}],"player_experience":1667802,"relics_obtained":[{"floor":9,"key":"Juzu Bracelet"},{"floor":10,"key":"Molten Egg 2"}],"event_choices":[{"cards_removed":["Strike_R"],"damage_healed":0,"gold_gain":0,"player_choice":"Offered Basic","damage_taken":0,"max_hp_gain":0,"max_hp_loss":0,"event_name":"Bonfire Elementals","floor":2,"gold_loss":0},{"damage_healed":0,"gold_gain":0,"cards_transformed":["Strike_R"],"player_choice":"Transformed","damage_taken":0,"max_hp_gain":0,"max_hp_loss":0,"event_name":"Transmorgrifier","floor":7,"gold_loss":0,"cards_obtained":["Demon Form"]},{"damage_healed":0,"gold_gain":0,"player_choice":"Paid Fearfully","damage_taken":0,"max_hp_gain":0,"max_hp_loss":0,"event_name":"Masked Bandits","floor":20,"gold_loss":25},{"damage_healed":0,"gold_gain":0,"player_choice":"Became a vampire","damage_taken":0,"max_hp_gain":0,"max_hp_loss":24,"event_name":"Vampires","floor":21,"gold_loss":0,"cards_obtained":["Bite","Bite","Bite","Bite","Bite"]}],"is_beta":false,"boss_relics":[{"not_picked":["Fusion Hammer","Ectoplasm"],"picked":"Black Star"}],"items_purged_floors":[],"is_endless":false,"potions_floor_spawned":[4],"killed_by":"Book of Stabbing","ascension_level":7}}