{"host":"0ueeacaatm8t6jyh","time":1610903075,"event":{"mods":["AchievementEnabler","BaseMod","Colored Powertips","Minty Spire (QoL Compilation)","Quick Restart","Rare Cards Sparkle","Shop Mod","StSLib"],"gold_per_floor":[110,260,280,299,299,299,330,330,330,330,344,344,373,393,393,466,466,481,481,506,104,104,136,136,136,186,220,220,255,269,269,269],"floor_reached":31,"language":"ZHS","playtime":1035,"items_purged":["Doubt"],"score":838,"play_id":"1535dbca-e4d9-4f3b-8a7c-611035b4e4e7","local_time":"20210118010435","daily_mods":["SealedDeck","Diverse","Heirloom","DeadlyEvents","Elite Swarm"],"is_ascension_mode":true,"campfire_choices":[{"floor":6.0,"key":"REST"},{"floor":8.0,"key":"DIG"},{"floor":10.0,"key":"REST"},{"floor":12.0,"key":"DIG"},{"data":"Armaments","floor":15.0,"key":"SMITH"},{"floor":24.0,"key":"REST"},{"floor":28.0,"key":"REST"}],"circlet_count":0,"master_deck":["AscendersBane","Ball Lightning+1","Rampage","Consecrate","Leap","Intimidate","Caltrops+1","Dark Embrace","Burning Pact","Armaments+1","FTL","Noxious Fumes","Electrodynamics","Shockwave","Devotion+1","Offering","Melter","LessonLearned","DeusExMachina","Adrenaline","Corruption"],"relics":["Unceasing Top","Shovel","TungstenRod","Magic Flower","PreservedInsect","Mummified Hand","Red Skull","Boot","SacredBark","Ginger","FossilizedHelix","Shuriken","StrikeDummy","Happy Flower","Calipers","CaptainsWheel"],"acts_visited":["Exordium","TheCity"],"potions_floor_usage":[31,31],"damage_taken":[{"damage":10.0,"enemies":"Small Slimes","floor":1.0,"turns":2.0},{"damage":4.0,"enemies":"Jaw Worm","floor":3.0,"turns":2.0},{"damage":6.0,"enemies":"Cultist","floor":4.0,"turns":3.0},{"damage":26.0,"enemies":"3 Sentries","floor":7.0,"turns":6.0},{"damage":12.0,"enemies":"Looter","floor":11.0,"turns":3.0},{"damage":10.0,"enemies":"Lagavulin","floor":13.0,"turns":4.0},{"damage":3.0,"enemies":"Blue Slaver","floor":14.0,"turns":3.0},{"damage":15.0,"enemies":"The Guardian","floor":16.0,"turns":8.0},{"damage":5.0,"enemies":"3 Byrds","floor":18.0,"turns":2.0},{"damage":13.0,"enemies":"Slavers","floor":20.0,"turns":2.0},{"damage":35.0,"enemies":"Book of Stabbing","floor":23.0,"turns":4.0},{"damage":24.0,"enemies":"Slavers","floor":27.0,"turns":3.0},{"damage":11.0,"enemies":"Book of Stabbing","floor":29.0,"turns":2.0},{"damage":5.0,"enemies":"Shell Parasite","floor":30.0,"turns":2.0},{"damage":13,"enemies":"Slavers","floor":31,"turns":1}],"seed_played":"2283565226006235264","potions_obtained":[{"floor":1.0,"key":"Ancient Potion"},{"floor":13.0,"key":"BloodPotion"},{"floor":14.0,"key":"GamblersBrew"},{"floor":16.0,"key":"Swift Potion"},{"floor":23.0,"key":"ElixirPotion"},{"floor":29.0,"key":"SpeedPotion"}],"is_trial":true,"path_per_floor":["M","?","M","M","?","R","E","R","T","R","M","R","E","M","R","B",null,"M","?","E","$","T","E","R","$","T","E","R","E","M","E"],"character_chosen":"IRONCLAD","items_purchased":["FossilizedHelix"],"campfire_rested":4,"item_purchase_floors":[21],"current_hp_per_floor":[58,58,54,48,22,44,18,18,18,40,28,28,18,38,38,23,62,57,54,41,41,41,6,28,28,28,4,26,15,10,0,0],"gold":269,"neow_bonus":"","is_daily":false,"chose_seed":false,"campfire_upgraded":1,"win_rate":0.0,"timestamp":1610903075,"path_taken":["M","?","M","M","?","R","E","R","T","R","M","R","E","M","R","BOSS","M","?","?","$","?","E","R","$","T","E","R","E","?","?"],"items_purchased_type":["Relic"],"build_version":"2020-12-22","purchased_purges":1,"victory":false,"max_hp_per_floor":[75,75,75,75,75,75,75,75,75,75,75,75,75,75,75,75,75,75,75,75,75,75,75,75,75,75,75,75,75,75,75,75],"card_choices":[{"not_picked":["Reflex","Wireheading","Heel Hook"],"picked":"SKIP","floor":1.0},{"not_picked":["Redo","Headbutt"],"picked":"Noxious Fumes","floor":3.0},{"not_picked":["Halt","CrushJoints","Steam"],"picked":"SKIP","floor":4.0},{"not_picked":["Multi-Cast","Wraith Form v2"],"picked":"Electrodynamics","floor":7.0},{"not_picked":["Cold Snap","Tempest"],"picked":"Shockwave","floor":11.0},{"not_picked":["Night Terror","Reboot"],"picked":"Devotion","floor":13.0},{"not_picked":["Backstab","Clothesline","Dagger Throw"],"picked":"SKIP","floor":14.0},{"not_picked":["Grand Finale","All For One"],"picked":"Offering","floor":16.0},{"not_picked":["Anger","Sanctity"],"picked":"Melter","floor":18.0},{"not_picked":["Malaise","Storm of Steel"],"picked":"LessonLearned","floor":20.0},{"not_picked":["Creative AI","Alpha"],"picked":"DeusExMachina","floor":23.0},{"not_picked":["Limit Break","Offering"],"picked":"Adrenaline","floor":27.0},{"not_picked":["Burst","Unload"],"picked":"Corruption","floor":29.0},{"not_picked":["Compile Driver","Weave+1","EmptyBody"],"picked":"SKIP","floor":30.0}],"player_experience":388021,"relics_obtained":[{"floor":7.0,"key":"Magic Flower"},{"floor":8.0,"key":"PreservedInsect"},{"floor":9.0,"key":"Mummified Hand"},{"floor":12.0,"key":"Red Skull"},{"floor":13.0,"key":"Boot"},{"floor":20.0,"key":"Ginger"},{"floor":22.0,"key":"Shuriken"},{"floor":23.0,"key":"StrikeDummy"},{"floor":26.0,"key":"Happy Flower"},{"floor":27.0,"key":"Calipers"},{"floor":29.0,"key":"CaptainsWheel"}],"event_choices":[{"damage_healed":0.0,"max_hp_gain":0.0,"max_hp_loss":0.0,"gold_gain":150.0,"event_name":"Liars Game","player_choice":"AGREE","floor":2.0,"gold_loss":0.0,"damage_taken":0.0,"cards_obtained":["Doubt"]},{"damage_healed":0.0,"max_hp_gain":0.0,"max_hp_loss":0.0,"gold_gain":0.0,"event_name":"Scrap Ooze","player_choice":"Success","floor":5.0,"gold_loss":0.0,"damage_taken":26.0,"relics_obtained":["TungstenRod"]},{"damage_healed":0.0,"max_hp_gain":0.0,"max_hp_loss":0.0,"gold_gain":0.0,"event_name":"The Woman in Blue","player_choice":"Bought 0 Potions","floor":19.0,"gold_loss":0.0,"damage_taken":0.0}],"is_beta":false,"boss_relics":[{"not_picked":["Cursed Key","Coffee Dripper"],"picked":"SacredBark"}],"items_purged_floors":[21],"is_endless":true,"potions_floor_spawned":[1,13,14,16,18,23,29],"killed_by":"Slavers","ascension_level":20}}