{"host":"c5slkkw8hp42e20v","time":1610867206,"event":{"mods":["AchievementEnabler","BaseMod","Better Note","BetterRewards","Colored Powertips","DeckTracker","Friendly Minions","GifTheSpireLib","Hermit","Highlight Path","Minty Spire (QoL Compilation)","Quick Restart","Rare Cards Sparkle","Replay The Spire","Spicy Shops","StSLib","The Animator","The Hierophant","The Poker Player","????"],"gold_per_floor":[114,114,127,202,56,56,231,258,327,345,362,390,403,31,31,31,31],"floor_reached":16,"language":"ENG","playtime":599,"items_purged":["Doubt"],"score":135,"play_id":"fd4f0ec9-015a-46d3-a361-fc4a9c6db940","local_time":"20210117010646","is_ascension_mode":false,"campfire_choices":[{"data":"Accuracy","floor":6,"key":"SMITH"},{"floor":15,"key":"REST"}],"circlet_count":0,"master_deck":["Strike_G","Strike_G","Strike_G","Strike_G+1","Strike_G","Defend_G","Defend_G","Defend_G","Defend_G","Defend_G","Survivor","Neutralize","Dash","Draining Mist","Accuracy+1","Caltrops","Cloak And Dagger","Deadly Poison","Toxin Wave","Cloak And Dagger"],"relics":["Ring of the Snake","NeowsBlessing","HandDrill","Oddly Smooth Stone","Ornamental Fan","Replay:Mystery Machine","PreservedInsect","Nunchaku"],"acts_visited":["Exordium"],"potions_floor_usage":[],"damage_taken":[{"damage":0,"enemies":"2 Louse","floor":1,"turns":1},{"damage":0,"enemies":"Jaw Worm","floor":3,"turns":1},{"damage":0,"enemies":"Lagavulin","floor":8,"turns":1},{"damage":0,"enemies":"Cultist","floor":10,"turns":3},{"damage":12,"enemies":"3 Louse","floor":11,"turns":4},{"damage":18,"enemies":"3 Sentries","floor":12,"turns":9},{"damage":6,"enemies":"2 Fungi Beasts","floor":13,"turns":4},{"damage":47,"enemies":"Slime Boss","floor":16,"turns":9}],"seed_played":"4266236811404553018","potions_obtained":[{"floor":3,"key":"SteroidPotion"},{"floor":12,"key":"SteroidPotion"}],"is_trial":false,"path_per_floor":["M","?","M","?","$","R","?","E","T","M","M","E","M","$","R","B"],"character_chosen":"THE_SILENT","items_purchased":["HandDrill","Accuracy","PreservedInsect","Nunchaku"],"campfire_rested":1,"item_purchase_floors":[5,5,14,14],"current_hp_per_floor":[70,70,70,59,59,59,59,59,59,59,47,29,23,23,44,0,0],"gold":31,"neow_bonus":"THREE_ENEMY_KILL","is_daily":false,"chose_seed":false,"campfire_upgraded":1,"win_rate":0.0,"timestamp":1610867206,"path_taken":["M","?","M","?","?","R","?","E","T","M","M","E","M","$","R","BOSS"],"items_purchased_type":["Relic","Card","Relic","Relic"],"build_version":"2020-12-22","purchased_purges":1,"victory":false,"max_hp_per_floor":[70,70,70,70,70,70,70,70,70,70,70,70,70,70,70,70,70],"card_choices":[{"not_picked":["Prepared","Backflip"],"picked":"Dash","floor":1},{"not_picked":["Bane","Sucker Punch"],"picked":"Draining Mist","floor":3},{"not_picked":["Skewer","Flying Knee"],"picked":"Caltrops","floor":8},{"not_picked":["Flying Knee","Deflect"],"picked":"Cloak And Dagger","floor":10},{"not_picked":["Tactician","Deflect"],"picked":"Deadly Poison","floor":11},{"not_picked":["Acrobatics","Underhanded Strike"],"picked":"Toxin Wave","floor":12},{"not_picked":["ReplayTheSpireMod:Scrap Shanks","Deadly Poison"],"picked":"Cloak And Dagger","floor":13}],"player_experience":55326,"relics_obtained":[{"floor":8,"key":"Oddly Smooth Stone"},{"floor":9,"key":"Ornamental Fan"},{"floor":12,"key":"Replay:Mystery Machine"}],"event_choices":[{"damage_healed":0,"gold_gain":75,"player_choice":"Gather Gold","damage_taken":11,"max_hp_gain":0,"max_hp_loss":0,"event_name":"World of Goop","floor":4,"gold_loss":0},{"damage_healed":0,"gold_gain":175,"player_choice":"AGREE","damage_taken":0,"max_hp_gain":0,"max_hp_loss":0,"event_name":"Liars Game","floor":7,"gold_loss":0,"cards_obtained":["Doubt"]}],"is_beta":false,"boss_relics":[],"items_purged_floors":[14],"is_endless":false,"potions_floor_spawned":[3,12],"killed_by":"Slime Boss","ascension_level":0}}