{"host":"wonp23fsqqcu31ie","time":1610922887,"event":{"mods":["2.2 Compatiblity","AchievementEnabler","Aspiration","BaseMod","Bestiary","Better Altar","Better Match","Better Sensory Stone","Better Skull","Better Third Choice","BetterRewards","Block Reminder","Colored Map","Colored Powertips","Conspire","Curses Come First","DeckTracker","Displayed Cursed Tome","Downfall","Energized Spire","Evolution","Hermit","Highlight Path","Hubris","Infinite Spire","Marisa????????","Minty Spire (QoL Compilation)","Permanent Neow","Prisma Mod","Quick Restart","Rare Cards Sparkle","Relic Stats","Robot Space Explorer","Shade Mod","Shop Mod","StSLib","SuperFastMode","The Animator","The Bug Knight","The Construct","The Cursed","The Disciple","The Dragon Tamer","The Gatherer","The Hierophant","The Marked","The Necromancer","The Poker Player","The Runesmith","The Saiyan","The Servant 0.9.4","TheBandit"],"gold_per_floor":[118,118,118,129,142,171,188,203,203,203,203,58,120,17,17,118,118,128,138,138,151,151,151,182,182,259,259,271,302,312,312,312,415,415,415,3,3,3],"floor_reached":37,"language":"ENG","playtime":1435,"items_purged":[],"score":430,"play_id":"055fda82-55b5-4358-84a6-c2c476b609cf","local_time":"20210118093447","is_ascension_mode":false,"campfire_choices":[{"data":"HollowMod:HeavyBlow","floor":10,"key":"SMITH"},{"floor":15,"key":"REST"},{"data":"infinitespire:FinalStrike","floor":23,"key":"SMITH"},{"floor":25,"key":"REST"},{"floor":32,"key":"RECALL"},{"data":"HollowMod:CycloneSlash","floor":35,"key":"SMITH"}],"circlet_count":0,"master_deck":["HollowMod:SoulStrike","HollowMod:SoulStrike","HollowMod:SoulStrike","HollowMod:SoulStrike","HollowMod:DoubleDash","HollowMod:DoubleDash","HollowMod:DoubleDash","HollowMod:QuickDashStart","HollowMod:FocusHealStart","HollowMod:PogoStrike","HollowMod:HeavyBlow","HollowMod:GoodIntentions+1","HollowMod:HeavyBlow+1","HollowMod:DashSlash","HollowMod:CycloneSlash+1","HollowMod:SoulMaster","HollowMod:GreatSlash+1","HollowMod:HowlingWraiths","infinitespire:FinalStrike+1","infinitespire:NeuralNetwork","HollowMod:QuirrelsAssistance+1","HollowMod:LifebloodCocoon+1","HollowMod:NewLittleFool+1","HollowMod:Weaversong","HollowMod:LifebloodCocoon","HollowMod:CloakDash","HollowMod:ShapeofUnn","HollowMod:FastStrike"],"relics":["HollowMod:VesselMask","EVO:Axolotl","Burning Blood","hubris:BottledRain","aspiration:Lifesprig","Happy Flower","HollowMod:PaleOreRelic","aspiration:SecretTechniqueScroll","Sundial","hubris:Towel","energizedSpire:NeverEndingSparkler","Membership Card","MerchantsRug","Girya"],"acts_visited":["Exordium","TheCity","TheEnding"],"potions_floor_usage":[6,7,8,16,24,24,37,37,37],"damage_taken":[{"damage":5,"enemies":"Small Slimes","floor":1,"turns":3},{"damage":0,"enemies":"Cultist","floor":4,"turns":3},{"damage":0,"enemies":"2 Louse","floor":5,"turns":4},{"damage":55,"enemies":"Lagavulin","floor":6,"turns":10},{"damage":14,"enemies":"Large Slime","floor":7,"turns":7},{"damage":3,"enemies":"Gremlin Gang","floor":8,"turns":4},{"damage":39,"enemies":"Slime Boss","floor":16,"turns":15},{"damage":7,"enemies":"Chosen","floor":18,"turns":6},{"damage":18,"enemies":"3 Byrds","floor":19,"turns":6},{"damage":24,"enemies":"Cultist and Chosen","floor":21,"turns":6},{"damage":71,"enemies":"Nightmare","floor":24,"turns":10},{"damage":8,"enemies":"3 Cultists","floor":28,"turns":3},{"damage":30,"enemies":"Gremlin Leader","floor":29,"turns":6},{"damage":5,"enemies":"Centurion and Healer","floor":30,"turns":6},{"damage":62,"enemies":"hubris:MusketHawk","floor":33,"turns":9},{"damage":115,"enemies":"Shield and Spear","floor":37,"turns":5}],"seed_played":"8068438378657421582","potions_obtained":[{"floor":4,"key":"Dexterity Potion"},{"floor":5,"key":"DuplicationPotion"},{"floor":6,"key":"DistilledChaos"},{"floor":16,"key":"SpeedPotion"},{"floor":21,"key":"Weak Potion"},{"floor":29,"key":"construct:ShiftPotion"},{"floor":33,"key":"Strength Potion"}],"is_trial":false,"path_per_floor":["M","?","T","M","M","E","M","M","T","R","?","$","?","$","R","B",null,"M","M","?","M","AVR","R","NM","R","T","?","M","E","M","?","R","B",null,"R","$","E"],"character_chosen":"THE_BUGKNIGHT","items_purchased":["HollowMod:PaleOreRelic","Regen Potion","HollowMod:CycloneSlash","Membership Card","Mango","MerchantsRug","Girya","Dexterity Potion","LiquidBronze","SpeedPotion","HollowMod:LifebloodCocoon","HollowMod:CloakDash","HollowMod:ShapeofUnn","HollowMod:FastStrike"],"campfire_rested":2,"item_purchase_floors":[12,14,14,36,36,36,36,36,36,36,36,36,36,36],"current_hp_per_floor":[75,75,75,75,75,38,40,43,43,43,43,43,43,43,65,52,75,75,73,73,61,61,61,8,30,30,30,28,51,52,75,75,31,75,75,89,0,0],"gold":3,"neow_bonus":"NOSTALGIA","is_daily":false,"chose_seed":false,"campfire_upgraded":3,"win_rate":0.0,"timestamp":1610922887,"path_taken":["M","?","?","M","M","E","?","M","T","R","?","$","?","$","R","BOSS","M","M","?","?","AVR","R","NM","R","T","?","M","E","M","?","R","BOSS","R","$","E"],"items_purchased_type":["Relic","Potion","Card","Relic","Relic","Relic","Relic","Potion","Potion","Potion","Card","Card","Card","Card"],"build_version":"2020-12-22","purchased_purges":0,"victory":false,"max_hp_per_floor":[75,75,75,75,75,75,75,75,75,75,75,75,75,75,75,75,75,75,75,75,75,75,75,75,75,75,75,75,75,75,75,75,75,75,75,89,89,89],"relic_stats":{"Happy Flower":[24],"counters":[16,103],"Sundial":[6],"obtain_stats":[{"Potion Belt":29,"MerchantsRug":36,"Girya":36,"aspiration:Lifesprig":9,"Happy Flower":9,"aspiration:Nostalgia":0,"infinitespire:CursedDice":22,"HollowMod:VesselMask":0,"Mango":36,"EVO:Axolotl":0,"aspiration:SecretTechniqueScroll":17,"hubris:Towel":27,"HollowMod:KingsBrand":24,"Burning Blood":0,"Matryoshka":2,"Sundial":26,"energizedSpire:NeverEndingSparkler":34,"Gambling Chip":6,"HollowMod:PaleOreRelic":12,"Membership Card":36,"hubris:BottledRain":3},{"Potion Belt":13,"MerchantsRug":15,"Girya":15,"aspiration:Lifesprig":6,"Happy Flower":6,"aspiration:Nostalgia":0,"infinitespire:CursedDice":10,"HollowMod:VesselMask":0,"Mango":15,"EVO:Axolotl":0,"aspiration:SecretTechniqueScroll":7,"hubris:Towel":11,"HollowMod:KingsBrand":11,"Burning Blood":0,"Matryoshka":1,"Sundial":11,"energizedSpire:NeverEndingSparkler":15,"Gambling Chip":4,"HollowMod:PaleOreRelic":6,"Membership Card":15,"hubris:BottledRain":1},{"Potion Belt":83,"MerchantsRug":98,"Girya":98,"aspiration:Lifesprig":31,"Happy Flower":31,"aspiration:Nostalgia":0,"infinitespire:CursedDice":64,"HollowMod:VesselMask":0,"Mango":98,"EVO:Axolotl":0,"aspiration:SecretTechniqueScroll":46,"hubris:Towel":74,"HollowMod:KingsBrand":74,"Burning Blood":0,"Matryoshka":3,"Sundial":74,"energizedSpire:NeverEndingSparkler":98,"Gambling Chip":20,"HollowMod:PaleOreRelic":31,"Membership Card":98,"hubris:BottledRain":3}],"Burning Blood":72},"card_choices":[{"not_picked":["HollowMod:PureNailStrike","HollowMod:RecoilStrike"],"picked":"HollowMod:HeavyBlow","floor":1},{"not_picked":["HollowMod:SoulStrike","HollowMod:WraithStrike"],"picked":"HollowMod:GoodIntentions","floor":4},{"not_picked":["HollowMod:NewInfectedGuardian","HollowMod:InfectedAttack","HollowMod:CornifersMapStart"],"picked":"SKIP","floor":5},{"not_picked":["HollowMod:GoodIntentions","HollowMod:ShadowDash"],"picked":"HollowMod:HeavyBlow","floor":6},{"not_picked":["HollowMod:InfectedCysts","HollowMod:BaldurShell"],"picked":"HollowMod:DashSlash","floor":7},{"not_picked":["HollowMod:VengefulVoid","HollowMod:InfectedCysts","HollowMod:FastStrike"],"picked":"SKIP","floor":8},{"not_picked":["HollowMod:PureVessel","HollowMod:NewInfectedGuardian"],"picked":"HollowMod:SoulMaster","floor":16},{"not_picked":["HollowMod:NewJinnsSoul","HollowMod:RecoilStrike+1","HollowMod:InfectedAttack"],"picked":"SKIP","floor":18},{"not_picked":["HollowMod:LifebloodCocoon+1","HollowMod:SoulSplash"],"picked":"HollowMod:GreatSlash+1","floor":19},{"not_picked":["HollowMod:GoodIntentions","HollowMod:SiblingsSouls"],"picked":"HollowMod:HowlingWraiths","floor":21},{"not_picked":["hubris:Rewind","infinitespire:UltimateForm"],"picked":"infinitespire:NeuralNetwork","floor":24},{"not_picked":["HollowMod:HeavyBlow","HollowMod:InfectedCysts"],"picked":"HollowMod:QuirrelsAssistance+1","floor":24},{"not_picked":["HollowMod:InfectionAssault","HollowMod:PureVessel","HollowMod:BrokenVessel"],"picked":"SKIP","floor":28},{"not_picked":["HollowMod:TaintedHusks","HollowMod:SoulStrike"],"picked":"HollowMod:LifebloodCocoon+1","floor":29},{"not_picked":["HollowMod:MothsMistake","HollowMod:CloakDash"],"picked":"HollowMod:NewLittleFool+1","floor":30},{"not_picked":["HollowMod:VoidDash","HollowMod:NewInfectedGuardian"],"picked":"HollowMod:Weaversong","floor":33}],"player_experience":550913,"relics_obtained":[{"floor":2,"key":"Matryoshka"},{"floor":3,"key":"hubris:BottledRain"},{"floor":6,"key":"Gambling Chip"},{"floor":9,"key":"aspiration:Lifesprig"},{"floor":9,"key":"Happy Flower"},{"floor":24,"key":"HollowMod:KingsBrand"},{"floor":26,"key":"Sundial"},{"floor":29,"key":"Potion Belt"}],"event_choices":[{"damage_healed":0,"gold_gain":0,"player_choice":"Grow","damage_taken":0,"max_hp_gain":0,"max_hp_loss":0,"event_name":"Living Wall","floor":11,"gold_loss":0,"cards_upgraded":["HollowMod:GoodIntentions"]},{"damage_healed":0,"gold_gain":62,"player_choice":"Gained Gold","damage_taken":0,"max_hp_gain":0,"max_hp_loss":0,"event_name":"Golden Wing","floor":13,"gold_loss":0},{"damage_healed":0,"gold_gain":0,"player_choice":"Ignored","damage_taken":0,"max_hp_gain":0,"max_hp_loss":0,"event_name":"Purifier","floor":20,"gold_loss":0},{"damage_healed":25,"gold_gain":0,"player_choice":"Heal","damage_taken":0,"max_hp_gain":0,"max_hp_loss":0,"event_name":"The Library","floor":31,"gold_loss":0}],"is_beta":false,"boss_relics":[{"not_picked":["Astrolabe","Runic Pyramid"],"picked":"aspiration:SecretTechniqueScroll"},{"not_picked":["aspiration:RitualDagger","construct:ClawGrip"],"picked":"energizedSpire:NeverEndingSparkler"}],"items_purged_floors":[],"is_endless":true,"potions_floor_spawned":[4,5,6,16,21,29,33],"killed_by":"Shield and Spear","ascension_level":0}}