{"host":"mdbnki27vzqujy5q","time":1610869811,"event":{"mods":["BaseMod","Better Note","Better Skull","Colored Map","Colored Powertips","DeckTracker","Highlight Path","Minty Spire (QoL Compilation)","Quick Restart","Rare Cards Sparkle","StSLib"],"gold_per_floor":[360,42,42,60,10,35,35,55,106,106,126,138,157,57,57,160,160,172,192,192,192,192,192],"floor_reached":22,"language":"ENG","playtime":909,"items_purged":["Normality","Strike_G"],"score":214,"play_id":"fa8715b5-b1f8-4c8a-80c1-0993c931dea0","local_time":"20210116235011","is_ascension_mode":true,"campfire_choices":[{"data":"Cloak And Dagger","floor":10.0,"key":"SMITH"},{"floor":15.0,"key":"REST"}],"circlet_count":0,"master_deck":["Strike_G","Strike_G","Strike_G","Strike_G","Defend_G","Defend_G","Defend_G","Survivor","Neutralize","Skewer","Cloak And Dagger+1","Infinite Blades","Cloak And Dagger","Dash","Finisher","Envenom","Prepared","Corpse Explosion","Backflip+1","Caltrops"],"relics":["Ring of the Snake","Boot","Art of War","Shuriken","Ancient Tea Set","SlaversCollar","Juzu Bracelet"],"acts_visited":["Exordium","TheCity"],"potions_floor_usage":[],"damage_taken":[{"damage":2.0,"enemies":"Small Slimes","floor":1.0,"turns":5.0},{"damage":3.0,"enemies":"Jaw Worm","floor":4.0,"turns":3.0},{"damage":19.0,"enemies":"Lagavulin","floor":6.0,"turns":7.0},{"damage":0.0,"enemies":"Cultist","floor":8.0,"turns":3.0},{"damage":0.0,"enemies":"Red Slaver","floor":11.0,"turns":2.0},{"damage":2.0,"enemies":"Exordium Wildlife","floor":12.0,"turns":3.0},{"damage":1.0,"enemies":"Large Slime","floor":13.0,"turns":6.0},{"damage":25.0,"enemies":"Slime Boss","floor":16.0,"turns":7.0},{"damage":28.0,"enemies":"2 Thieves","floor":18.0,"turns":4.0},{"damage":17.0,"enemies":"Spheric Guardian","floor":19.0,"turns":5.0},{"damage":26,"enemies":"Snake Plant","floor":22,"turns":2}],"seed_played":"-3095277751650485212","potions_obtained":[{"floor":8.0,"key":"GhostInAJar"},{"floor":13.0,"key":"AttackPotion"},{"floor":16.0,"key":"FearPotion"},{"floor":18.0,"key":"CultistPotion"},{"floor":21.0,"key":"PowerPotion"},{"floor":21.0,"key":"SkillPotion"}],"is_trial":false,"path_per_floor":["M","$","?","M","?","E","?","M","T","R","M","M","M","$","R","B",null,"M","M","?","?","M"],"character_chosen":"THE_SILENT","items_purchased":["Boot","Cloak And Dagger","Infinite Blades"],"campfire_rested":1,"item_purchase_floors":[2,2,2],"current_hp_per_floor":[68,68,61,58,58,39,39,39,39,39,39,37,36,36,57,32,70,42,25,25,25,0,0],"gold":192,"neow_bonus":"TWO_FIFTY_GOLD","is_daily":false,"chose_seed":false,"campfire_upgraded":1,"win_rate":0.0,"timestamp":1610869811,"path_taken":["M","$","?","M","?","E","?","M","T","R","M","M","?","?","R","BOSS","M","M","?","?","M"],"items_purchased_type":["Relic","Card","Card"],"build_version":"2020-12-22","purchased_purges":2,"victory":false,"max_hp_per_floor":[70,70,70,70,70,70,70,70,70,70,70,70,70,70,70,70,70,70,70,70,70,70,70],"card_choices":[{"not_picked":["Crippling Poison","Bane"],"picked":"Skewer","floor":1.0},{"not_picked":["Prepared","Deflect"],"picked":"Cloak And Dagger","floor":4.0},{"not_picked":["Setup","Skewer"],"picked":"Dash","floor":6.0},{"not_picked":["Masterful Stab","Deadly Poison","Acrobatics"],"picked":"SKIP","floor":8.0},{"not_picked":["Slice","Backflip"],"picked":"Finisher","floor":11.0},{"not_picked":["Underhanded Strike","Dagger Spray"],"picked":"Envenom","floor":12.0},{"not_picked":["Backflip","Masterful Stab"],"picked":"Prepared","floor":13.0},{"not_picked":["Grand Finale","Glass Knife"],"picked":"Corpse Explosion","floor":16.0},{"not_picked":["Setup","Prepared"],"picked":"Backflip+1","floor":18.0},{"not_picked":["Finisher","Prepared"],"picked":"Caltrops","floor":19.0}],"player_experience":100926,"relics_obtained":[{"floor":6.0,"key":"Art of War"},{"floor":7.0,"key":"Shuriken"},{"floor":9.0,"key":"Ancient Tea Set"}],"event_choices":[{"cards_removed":["Defend_G"],"damage_healed":0.0,"max_hp_gain":0.0,"max_hp_loss":0.0,"gold_gain":0.0,"event_name":"Golden Wing","player_choice":"Card Removal","floor":3.0,"gold_loss":0.0,"damage_taken":7.0},{"cards_removed":["Defend_G"],"damage_healed":0.0,"max_hp_gain":0.0,"max_hp_loss":0.0,"gold_gain":0.0,"event_name":"The Cleric","player_choice":"Card Removal","floor":5.0,"gold_loss":50.0,"damage_taken":0.0},{"damage_healed":0.0,"max_hp_gain":0.0,"max_hp_loss":0.0,"gold_gain":0.0,"event_name":"Wheel of Change","player_choice":"Relic","floor":7.0,"gold_loss":0.0,"damage_taken":0.0},{"damage_healed":0.0,"max_hp_gain":0.0,"max_hp_loss":0.0,"gold_gain":0.0,"event_name":"WeMeetAgain","player_choice":"Gave Potion","floor":20.0,"gold_loss":0.0,"damage_taken":0.0,"relics_obtained":["Juzu Bracelet"]},{"damage_healed":0.0,"max_hp_gain":0.0,"max_hp_loss":0.0,"gold_gain":0.0,"event_name":"Lab","player_choice":"Got Potions","floor":21.0,"gold_loss":0.0,"damage_taken":0.0}],"is_beta":false,"boss_relics":[{"not_picked":["Velvet Choker","Runic Dome"],"picked":"SlaversCollar"}],"items_purged_floors":[2,14],"is_endless":false,"potions_floor_spawned":[8,13,16,18],"killed_by":"Snake Plant","ascension_level":3}}