{"host":"3jjxuhjpio8e4zkv","time":1610898912,"event":{"mods":["BaseMod","Colored Map","Highlight Path","Minty Spire (QoL Compilation)","Permanent Neow","Relic Stats","StSLib"],"gold_per_floor":[361,361,375,395,414,414,441,441,441,441,451,479,490,506,506,584,584,594,612,169,188,188,188,213,213,213,230,230,242,253,278,278,350,350,360,360,371,202,217,248,248,281,308,318,318,353,378,410,410,410,410,410,410,25,56,56],"floor_reached":57,"language":"ENG","playtime":2965,"items_purged":["Strike_R","Strike_R","Corruption"],"score":2873,"play_id":"49203e3f-45dd-4a7d-a58d-0d7dc0313b0e","local_time":"20210117105512","is_ascension_mode":true,"campfire_choices":[{"data":"Searing Blow","floor":6,"key":"SMITH"},{"data":"Searing Blow+1","floor":8,"key":"SMITH"},{"data":"Searing Blow+2","floor":10,"key":"SMITH"},{"data":"Searing Blow+3","floor":15,"key":"SMITH"},{"data":"Searing Blow+4","floor":23,"key":"SMITH"},{"data":"Searing Blow+5","floor":25,"key":"SMITH"},{"data":"Searing Blow+6","floor":28,"key":"SMITH"},{"data":"Searing Blow+7","floor":32,"key":"SMITH"},{"data":"Searing Blow+8","floor":41,"key":"SMITH"},{"floor":45,"key":"RECALL"},{"data":"Searing Blow+9","floor":49,"key":"SMITH"},{"data":"Searing Blow+10","floor":53,"key":"SMITH"}],"circlet_count":0,"master_deck":["AscendersBane","Defend_R+1","Defend_R","Defend_R+1","Defend_R","Bash","Uppercut","Cleave","Shrug It Off","Searing Blow+11","Pommel Strike","Evolve","Thunderclap","Feed","Feel No Pain+1","Burning Pact","Impervious","Disarm+1","Double Tap+1","Corruption+1","Sentinel+1","Dark Shackles","Clothesline","Shockwave","Sentinel+1","Entrench","Power Through"],"relics":["Burning Blood","War Paint","Pantograph","Magic Flower","Snecko Eye","Membership Card","Self Forming Clay","Dream Catcher","Orichalcum","Astrolabe","PreservedInsect","Bottled Lightning","Darkstone Periapt","Bag of Marbles","Boot","Turnip","Anchor","Paper Frog","Bronze Scales","Lantern"],"acts_visited":["Exordium","TheCity","TheBeyond","TheEnding"],"potions_floor_usage":[7,7,12,16,16,16,19,31,33,42,42,51,56],"damage_taken":[{"damage":6,"enemies":"Cultist","floor":1,"turns":3},{"damage":9,"enemies":"Small Slimes","floor":3,"turns":3},{"damage":2,"enemies":"Jaw Worm","floor":4,"turns":3},{"damage":12,"enemies":"2 Fungi Beasts","floor":5,"turns":3},{"damage":8,"enemies":"Gremlin Nob","floor":7,"turns":3},{"damage":3,"enemies":"Looter","floor":11,"turns":3},{"damage":23,"enemies":"Lagavulin","floor":12,"turns":6},{"damage":9,"enemies":"Red Slaver","floor":13,"turns":2},{"damage":6,"enemies":"Lots of Slimes","floor":14,"turns":3},{"damage":16,"enemies":"Slime Boss","floor":16,"turns":8},{"damage":11,"enemies":"3 Byrds","floor":18,"turns":4},{"damage":20,"enemies":"2 Thieves","floor":19,"turns":4},{"damage":16,"enemies":"Snake Plant","floor":21,"turns":3},{"damage":26,"enemies":"Slavers","floor":24,"turns":4},{"damage":18,"enemies":"Snecko","floor":27,"turns":3},{"damage":17,"enemies":"Cultist and Chosen","floor":29,"turns":5},{"damage":8,"enemies":"Centurion and Healer","floor":30,"turns":8},{"damage":14,"enemies":"Book of Stabbing","floor":31,"turns":4},{"damage":14,"enemies":"Automaton","floor":33,"turns":8},{"damage":17,"enemies":"3 Darklings","floor":35,"turns":8},{"damage":0,"enemies":"Orb Walker","floor":37,"turns":3},{"damage":25,"enemies":"Maw","floor":39,"turns":6},{"damage":1,"enemies":"Nemesis","floor":40,"turns":5},{"damage":14,"enemies":"Reptomancer","floor":42,"turns":4},{"damage":3,"enemies":"Jaw Worm Horde","floor":44,"turns":7},{"damage":29,"enemies":"Nemesis","floor":46,"turns":7},{"damage":0,"enemies":"Mind Bloom Boss Battle","floor":47,"turns":7},{"damage":15,"enemies":"Giant Head","floor":48,"turns":7},{"damage":27,"enemies":"Time Eater","floor":50,"turns":10},{"damage":83,"enemies":"Awakened One","floor":51,"turns":11},{"damage":13,"enemies":"Shield and Spear","floor":55,"turns":5},{"damage":64,"enemies":"The Heart","floor":56,"turns":10}],"seed_played":"-270490025598849110","potions_obtained":[{"floor":1,"key":"Regen Potion"},{"floor":3,"key":"AttackPotion"},{"floor":7,"key":"FearPotion"},{"floor":14,"key":"EntropicBrew"},{"floor":16,"key":"FearPotion"},{"floor":21,"key":"HeartOfIron"},{"floor":31,"key":"Fire Potion"},{"floor":33,"key":"ColorlessPotion"},{"floor":37,"key":"SkillPotion"},{"floor":44,"key":"Block Potion"},{"floor":48,"key":"SpeedPotion"}],"is_trial":false,"path_per_floor":["M","?","M","M","M","R","E","R","T","R","M","E","M","M","R","B",null,"M","M","$","M","?","R","E","R","T","M","R","M","M","E","R","B",null,"M","?","M","$","M","E","R","E","T","M","R","E","?","E","R","B","B",null,"R","$","E","B",null],"character_chosen":"IRONCLAD","items_purchased":["Membership Card","Self Forming Clay","Feed","BloodPotion","PreservedInsect","Shockwave","Paper Frog","Bronze Scales","Power Through","BloodPotion","BlessingOfTheForge"],"campfire_rested":0,"item_purchase_floors":[20,20,20,20,38,38,54,54,54,54,54],"current_hp_per_floor":[68,68,65,69,63,63,70,70,70,70,73,56,56,59,59,68,73,71,60,60,53,53,53,36,36,36,27,27,24,30,49,49,76,80,72,62,71,71,60,68,68,63,63,74,74,59,93,87,87,75,24,78,78,78,74,41],"gold":56,"neow_bonus":"TWO_FIFTY_GOLD","is_daily":false,"chose_seed":false,"campfire_upgraded":11,"win_rate":0.0,"timestamp":1610898912,"path_taken":["M","?","M","M","M","R","E","R","T","R","M","E","?","M","R","BOSS","M","M","$","M","?","R","E","R","T","M","R","M","M","E","R","BOSS","M","?","M","$","M","E","R","E","T","M","R","E","?","E","R","BOSS","BOSS","R","$","E","BOSS"],"items_purchased_type":["Relic","Relic","Card","Potion","Relic","Card","Relic","Relic","Card","Potion","Potion"],"build_version":"2020-12-22","purchased_purges":3,"victory":true,"max_hp_per_floor":[75,75,75,75,75,75,75,75,75,75,75,75,75,75,75,75,75,75,75,75,75,75,75,75,75,75,75,75,78,81,81,81,81,81,81,81,81,81,84,84,84,84,84,87,87,90,93,93,93,93,96,96,96,96,96,96],"relic_stats":{"Darkstone Periapt":0,"counters":[32,170],"Self Forming Clay":[186],"Astrolabe":["Disarm","Double Tap","Corruption"],"Magic Flower":[105],"PreservedInsect":369,"War Paint":["Defend_R","Defend_R"],"Orichalcum":[96],"Boot":[7],"Burning Blood":258,"Dream Catcher":0,"Pantograph":125,"Bronze Scales":[153],"Snecko Eye":[215,224,266,270],"Turnip":[4],"obtain_stats":[{"Darkstone Periapt":42,"Lantern":55,"Self Forming Clay":20,"Astrolabe":34,"Magic Flower":12,"PreservedInsect":38,"War Paint":7,"Orichalcum":31,"Boot":46,"Burning Blood":0,"Dream Catcher":24,"Anchor":48,"Pantograph":9,"Bronze Scales":54,"Snecko Eye":17,"Turnip":47,"Bag of Marbles":43,"Membership Card":20,"Bottled Lightning":40,"Paper Frog":54},{"Darkstone Periapt":24,"Lantern":31,"Self Forming Clay":12,"Astrolabe":19,"Magic Flower":7,"PreservedInsect":21,"War Paint":5,"Orichalcum":18,"Boot":26,"Burning Blood":0,"Dream Catcher":14,"Anchor":28,"Pantograph":5,"Bronze Scales":30,"Snecko Eye":10,"Turnip":27,"Bag of Marbles":24,"Membership Card":12,"Bottled Lightning":23,"Paper Frog":30},{"Darkstone Periapt":106,"Lantern":160,"Self Forming Clay":45,"Astrolabe":80,"Magic Flower":24,"PreservedInsect":91,"War Paint":15,"Orichalcum":72,"Boot":120,"Burning Blood":0,"Dream Catcher":52,"Anchor":134,"Pantograph":15,"Bronze Scales":155,"Snecko Eye":37,"Turnip":127,"Bag of Marbles":106,"Membership Card":45,"Bottled Lightning":102,"Paper Frog":155}]},"card_choices":[{"not_picked":["True Grit","Twin Strike"],"picked":"Uppercut","floor":1},{"not_picked":["Dropkick","Armaments"],"picked":"Cleave","floor":3},{"not_picked":["Twin Strike","Infernal Blade"],"picked":"Shrug It Off","floor":4},{"not_picked":["Clash","Dropkick"],"picked":"Searing Blow","floor":5},{"not_picked":["Demon Form","Carnage","Entrench"],"picked":"SKIP","floor":7},{"not_picked":["Infernal Blade","Cleave","Clash"],"picked":"SKIP","floor":11},{"not_picked":["Seeing Red","Uppercut"],"picked":"Pommel Strike","floor":12},{"not_picked":["Flame Barrier","Cleave"],"picked":"Evolve","floor":13},{"not_picked":["Dual Wield","Clothesline"],"picked":"Thunderclap","floor":14},{"not_picked":["Reaper","Berserk"],"picked":"Corruption","floor":16},{"not_picked":["Pommel Strike+1","Cleave","Sentinel"],"picked":"SKIP","floor":18},{"not_picked":["True Grit","Body Slam+1","Iron Wave"],"picked":"SKIP","floor":19},{"not_picked":["Burning Pact","Cleave+1","Whirlwind"],"picked":"SKIP","floor":21},{"not_picked":["Perfected Strike+1","Cleave","Headbutt"],"picked":"SKIP","floor":24},{"not_picked":["Sever Soul","Fire Breathing","Rampage"],"picked":"SKIP","floor":27},{"not_picked":["Heavy Blade","Infernal Blade","Clash+1"],"picked":"SKIP","floor":29},{"not_picked":["Pommel Strike","Sentinel"],"picked":"Feel No Pain+1","floor":30},{"not_picked":["Metallicize","Pummel"],"picked":"Burning Pact","floor":31},{"not_picked":["Demon Form","Fiend Fire"],"picked":"Impervious","floor":33},{"not_picked":["True Grit","Thunderclap"],"picked":"Sentinel+1","floor":35},{"not_picked":["Mind Blast","Purity"],"picked":"Dark Shackles","floor":36},{"not_picked":["Spot Weakness","Clothesline","Clash"],"picked":"SKIP","floor":37},{"not_picked":["Spot Weakness","Clash"],"picked":"Clothesline","floor":37},{"not_picked":["Rampage+1","Shockwave","Thunderclap"],"picked":"SKIP","floor":39},{"not_picked":["Corruption","Sever Soul","Sentinel+1"],"picked":"SKIP","floor":40},{"not_picked":["Corruption","Sever Soul"],"picked":"Sentinel+1","floor":40},{"not_picked":["Sentinel","Anger","Pommel Strike"],"picked":"SKIP","floor":42},{"not_picked":["Ghostly Armor","Clothesline","Spot Weakness+1"],"picked":"SKIP","floor":44},{"not_picked":["Spot Weakness+1","Thunderclap","Whirlwind"],"picked":"SKIP","floor":46},{"not_picked":["Demon Form","Inflame","Entrench"],"picked":"SKIP","floor":48},{"not_picked":["Demon Form","Inflame","Entrench"],"picked":"SKIP","floor":48},{"not_picked":["Demon Form","Inflame"],"picked":"Entrench","floor":48},{"not_picked":["Sword Boomerang+1","Seeing Red","Pommel Strike"],"picked":"SKIP","floor":55}],"player_experience":1213068,"relics_obtained":[{"floor":7,"key":"War Paint"},{"floor":9,"key":"Pantograph"},{"floor":12,"key":"Magic Flower"},{"floor":24,"key":"Dream Catcher"},{"floor":31,"key":"Orichalcum"},{"floor":40,"key":"Bottled Lightning"},{"floor":42,"key":"Darkstone Periapt"},{"floor":43,"key":"Bag of Marbles"},{"floor":46,"key":"Boot"},{"floor":47,"key":"Turnip"},{"floor":48,"key":"Anchor"},{"floor":55,"key":"Lantern"}],"event_choices":[{"cards_removed":["Regret"],"damage_healed":0,"gold_gain":0,"player_choice":"Card Removal","damage_taken":0,"max_hp_gain":0,"max_hp_loss":0,"event_name":"Wheel of Change","floor":2,"gold_loss":0},{"damage_healed":0,"gold_gain":0,"player_choice":"Ignored","damage_taken":0,"max_hp_gain":0,"max_hp_loss":0,"event_name":"Vampires","floor":22,"gold_loss":0},{"damage_healed":0,"gold_gain":0,"player_choice":"Memory 3","damage_taken":10,"max_hp_gain":0,"max_hp_loss":0,"event_name":"SensoryStone","floor":36,"gold_loss":0},{"damage_healed":0,"gold_gain":0,"player_choice":"Fight","damage_taken":0,"max_hp_gain":0,"max_hp_loss":0,"event_name":"MindBloom","floor":47,"gold_loss":0}],"is_beta":false,"boss_relics":[{"not_picked":["SlaversCollar","Runic Dome"],"picked":"Snecko Eye"},{"not_picked":["Black Blood","SacredBark"],"picked":"Astrolabe"}],"items_purged_floors":[20,38,54],"is_endless":false,"potions_floor_spawned":[1,3,7,14,16,21,29,31,33,35,37,44,48],"ascension_level":20}}