{"host":"cimxalwyqyblhb3d","time":1610915884,"event":{"mods":["AchievementEnabler","BaseMod","Colored Powertips","Evolution","Minty Spire (QoL Compilation)","Quick Restart","Relic Stats","StSLib"],"gold_per_floor":[116,162,162,162,180,180,212,212,212,239,251,251,265,293,293,396,396,412,427,437,280,280,280,309,324,324,337,337,337],"floor_reached":28,"language":"FRA","playtime":876,"items_purged":["Streamline"],"score":375,"play_id":"62114009-8e7a-4d39-8e33-6f1c52b27416","local_time":"20210117213804","is_ascension_mode":true,"campfire_choices":[{"data":"Streamline","floor":6,"key":"SMITH"},{"data":"Ball Lightning","floor":8,"key":"SMITH"},{"data":"Streamline","floor":15,"key":"SMITH"},{"data":"Self Repair","floor":23,"key":"SMITH"}],"circlet_count":0,"master_deck":["Rebound","Rebound","Rebound","Rebound","Conserve Battery","Conserve Battery","Conserve Battery","Conserve Battery","Zap+1","Dualcast","Ball Lightning+1","Streamline+1","Lockon","Hologram","Streamline+1","Self Repair+1","All For One","Static Discharge","BootSequence"],"relics":["Cracked Core","EVO:Axolotl","PreservedInsect","Eternal Feather","Ancient Tea Set","Symbiotic Virus","Emotion Chip","Anchor","Runic Pyramid","Orichalcum","Bottled Tornado"],"acts_visited":["Exordium","TheCity"],"potions_floor_usage":[12,18,20],"damage_taken":[{"damage":0,"enemies":"Cultist","floor":1,"turns":2},{"damage":0,"enemies":"Small Slimes","floor":5,"turns":2},{"damage":3,"enemies":"3 Sentries","floor":7,"turns":3},{"damage":0,"enemies":"Gremlin Nob","floor":10,"turns":2},{"damage":8,"enemies":"2 Louse","floor":11,"turns":2},{"damage":0,"enemies":"Red Slaver","floor":13,"turns":3},{"damage":6,"enemies":"3 Sentries","floor":14,"turns":4},{"damage":39,"enemies":"The Guardian","floor":16,"turns":6},{"damage":34,"enemies":"3 Byrds","floor":18,"turns":4},{"damage":5,"enemies":"Chosen","floor":19,"turns":4},{"damage":6,"enemies":"Shelled Parasite and Fungi","floor":20,"turns":4},{"damage":19,"enemies":"Slavers","floor":24,"turns":2},{"damage":19,"enemies":"Snake Plant","floor":25,"turns":4},{"damage":5,"enemies":"Centurion and Healer","floor":27,"turns":4},{"damage":27,"enemies":"Snecko","floor":28,"turns":3}],"seed_played":"-4446695953831925399","potions_obtained":[{"floor":1,"key":"DuplicationPotion"},{"floor":5,"key":"SpeedPotion"},{"floor":12,"key":"Fruit Juice"},{"floor":12,"key":"CultistPotion"},{"floor":18,"key":"Block Potion"},{"floor":20,"key":"BlessingOfTheForge"}],"is_trial":false,"path_per_floor":["M","T","?","?","M","R","E","R","T","E","M","?","M","E","R","B",null,"M","M","M","$","?","R","E","M","T","M","M"],"character_chosen":"DEFECT","items_purchased":["All For One"],"campfire_rested":0,"item_purchase_floors":[21],"current_hp_per_floor":[75,75,75,75,75,75,72,75,75,75,67,72,72,66,75,43,80,53,55,49,49,49,58,39,20,20,25,0,0],"gold":337,"neow_bonus":"UPGRADE_CARD","is_daily":false,"chose_seed":false,"campfire_upgraded":4,"win_rate":0.0,"timestamp":1610915884,"path_taken":["M","?","?","?","M","R","E","R","T","E","?","?","?","E","R","BOSS","M","M","?","$","?","R","E","M","T","M","?"],"items_purchased_type":["Card"],"build_version":"2020-12-22","purchased_purges":1,"victory":false,"max_hp_per_floor":[75,75,75,75,75,75,75,75,75,75,75,80,80,80,80,80,80,80,80,80,80,80,80,80,80,80,80,80,80],"relic_stats":{"Emotion Chip":[34,23,0,11,0],"counters":[15,49],"Eternal Feather":21,"PreservedInsect":135,"Orichalcum":[12],"obtain_stats":[{"Emotion Chip":10,"Anchor":14,"Eternal Feather":3,"PreservedInsect":2,"EVO:Axolotl":0,"Orichalcum":24,"Bottled Tornado":26,"Cracked Core":0,"Ancient Tea Set":7,"Symbiotic Virus":9,"Runic Pyramid":17},{"Emotion Chip":4,"Anchor":7,"Eternal Feather":1,"PreservedInsect":1,"EVO:Axolotl":0,"Orichalcum":12,"Bottled Tornado":13,"Cracked Core":0,"Ancient Tea Set":3,"Symbiotic Virus":3,"Runic Pyramid":8},{"Emotion Chip":9,"Anchor":18,"Eternal Feather":2,"PreservedInsect":2,"EVO:Axolotl":0,"Orichalcum":38,"Bottled Tornado":42,"Cracked Core":0,"Ancient Tea Set":7,"Symbiotic Virus":7,"Runic Pyramid":24}]},"card_choices":[{"not_picked":["Steam Power","Reprogram"],"picked":"Ball Lightning","floor":1},{"not_picked":["Undo","Sweeping Beam"],"picked":"Streamline","floor":5},{"not_picked":["Creative AI","Coolheaded"],"picked":"Lockon","floor":7},{"not_picked":["Storm","Heatsinks"],"picked":"Hologram","floor":10},{"not_picked":["Conserve Battery","Beam Cell"],"picked":"Streamline","floor":11},{"not_picked":["Rebound","Barrage","Consume"],"picked":"SKIP","floor":13},{"not_picked":["Coolheaded","Turbo"],"picked":"Self Repair","floor":14},{"not_picked":["Buffer","Core Surge"],"picked":"All For One","floor":16},{"not_picked":["Compile Driver+1","Force Field"],"picked":"Streamline","floor":18},{"not_picked":["Sunder+1","Compile Driver","Coolheaded"],"picked":"SKIP","floor":19},{"not_picked":["Genetic Algorithm+1","Hello World"],"picked":"Static Discharge","floor":20},{"not_picked":["Consume+1","Streamline"],"picked":"BootSequence","floor":24},{"not_picked":["Sweeping Beam","Barrage+1","Ball Lightning"],"picked":"SKIP","floor":25},{"not_picked":["Steam Power","Static Discharge","Cold Snap"],"picked":"SKIP","floor":27}],"player_experience":515972,"relics_obtained":[{"floor":2,"key":"PreservedInsect"},{"floor":7,"key":"Ancient Tea Set"},{"floor":9,"key":"Symbiotic Virus"},{"floor":10,"key":"Emotion Chip"},{"floor":14,"key":"Anchor"},{"floor":24,"key":"Orichalcum"},{"floor":26,"key":"Bottled Tornado"}],"event_choices":[{"damage_healed":0,"gold_gain":0,"player_choice":"Box","damage_taken":0,"relics_obtained":["Eternal Feather"],"max_hp_gain":0,"max_hp_loss":0,"event_name":"Big Fish","floor":3,"gold_loss":0,"cards_obtained":["Regret"]},{"cards_removed":["Regret"],"damage_healed":0,"gold_gain":0,"player_choice":"Removed Curses","damage_taken":0,"max_hp_gain":0,"max_hp_loss":0,"event_name":"Fountain of Cleansing","floor":4,"gold_loss":0},{"damage_healed":0,"gold_gain":0,"player_choice":"Got Potions","damage_taken":0,"max_hp_gain":0,"max_hp_loss":0,"event_name":"Lab","floor":12,"gold_loss":0},{"cards_removed":["All For One"],"damage_healed":0,"gold_gain":0,"player_choice":"Purged","damage_taken":0,"max_hp_gain":0,"max_hp_loss":0,"event_name":"Purifier","floor":22,"gold_loss":0}],"is_beta":false,"boss_relics":[{"not_picked":["Ectoplasm","Snecko Eye"],"picked":"Runic Pyramid"}],"items_purged_floors":[21],"is_endless":false,"potions_floor_spawned":[1,5,13,16,18,20],"killed_by":"Snecko","ascension_level":3}}