{"host":"osk2oboccoevp2u5","time":1610898496,"event":{"mods":["AchievementEnabler","Alarm Clock","BaseMod","Colored Powertips","Disable Question Mark Monsters","Displayed Cursed Tome","Key Reminder","Minty Spire (QoL Compilation)","Potion Indicator Mod","Quick Restart","Rare Cards Sparkle","Reorder Act Four","StSLib","Steal the Spire","The Wild Card","Useless Jewels Mod"],"gold_per_floor":[110,122,136,148,168,168,186,26,26,41,6,44,44,64,64,175,175,175,175,175,175,175,175,175,21,21,21,21,21,21,21,21,21,21],"floor_reached":33,"language":"ENG","playtime":3250,"items_purged":["theWildCard:BasicStrike","theWildCard:BasicStrike"],"score":275,"play_id":"00025217-802c-4f52-868b-678cde9bc159","local_time":"20210117114816","is_ascension_mode":false,"campfire_choices":[{"data":"theWildCard:StingingStrike","floor":6,"key":"SMITH"},{"floor":13,"key":"REST"},{"data":"theWildCard:ManOfManyFaces","floor":15,"key":"SMITH"},{"data":"theWildCard:PaleRider","floor":27,"key":"SMITH"},{"data":"theWildCard:Arsene","floor":29,"key":"SMITH"},{"data":"theWildCard:FinalHour","floor":32,"key":"SMITH"}],"circlet_count":0,"master_deck":["theWildCard:BasicStrike","theWildCard:BasicStrike","theWildCard:BasicDefend","theWildCard:BasicDefend","theWildCard:BasicDefend","theWildCard:BasicDefend","theWildCard:CallToAdventure","theWildCard:Arsene+1","theWildCard:ManOfManyFaces+1","theWildCard:StingingStrike+1","theWildCard:Providence","theWildCard:PaleRider+1","theWildCard:MagicalMight","Deep Breath","theWildCard:SeveringSlash+1","theWildCard:StingingStrike+1","theWildCard:ArcaneArts","theWildCard:FinalHour+1","theWildCard:SeveringSlash+1","RitualDagger+1","theWildCard:EnergizedStroke+1","theWildCard:ArcaneArts","theWildCard:EnergizedStroke+1","theWildCard:PowerOfTheArcana+1","theWildCard:CryOfAgony+1","theWildCard:EnergizedStroke+1"],"relics":["theWildCard:VelvetContract","Molten Egg 2","CeramicFish","Ectoplasm","Dead Branch","Gambling Chip"],"acts_visited":["Exordium","TheCity"],"potions_floor_usage":[2,2,3,5,5,12,14,16,18,22,30,33],"damage_taken":[{"damage":0,"enemies":"Cultist","floor":1,"turns":3},{"damage":0,"enemies":"2 Louse","floor":2,"turns":2},{"damage":1,"enemies":"Jaw Worm","floor":3,"turns":8},{"damage":0,"enemies":"Looter","floor":4,"turns":4},{"damage":0,"enemies":"Exordium Thugs","floor":5,"turns":7},{"damage":38,"enemies":"Gremlin Gang","floor":7,"turns":7},{"damage":3,"enemies":"Lots of Slimes","floor":10,"turns":4},{"damage":9,"enemies":"3 Sentries","floor":12,"turns":6},{"damage":0,"enemies":"3 Louse","floor":14,"turns":2},{"damage":32,"enemies":"Hexaghost","floor":16,"turns":10},{"damage":0,"enemies":"Spheric Guardian","floor":18,"turns":2},{"damage":6,"enemies":"Shell Parasite","floor":20,"turns":6},{"damage":0,"enemies":"Cultist and Chosen","floor":22,"turns":4},{"damage":45,"enemies":"Book of Stabbing","floor":23,"turns":6},{"damage":6,"enemies":"3 Cultists","floor":24,"turns":3},{"damage":0,"enemies":"Chosen and Byrds","floor":28,"turns":3},{"damage":0,"enemies":"Shelled Parasite and Fungi","floor":30,"turns":2},{"damage":0,"enemies":"Cultist and Chosen","floor":31,"turns":3},{"damage":57,"enemies":"Collector","floor":33,"turns":5}],"seed_played":"3902956220236645778","potions_obtained":[{"floor":0,"key":"Weak Potion"},{"floor":0,"key":"EssenceOfSteel"},{"floor":0,"key":"AttackPotion"},{"floor":2,"key":"ColorlessPotion"},{"floor":3,"key":"Dexterity Potion"},{"floor":5,"key":"Ancient Potion"},{"floor":7,"key":"Ancient Potion"},{"floor":12,"key":"SteroidPotion"},{"floor":16,"key":"Swift Potion"},{"floor":20,"key":"SkillPotion"},{"floor":28,"key":"ColorlessPotion"},{"floor":30,"key":"EssenceOfSteel"}],"is_trial":false,"path_per_floor":["M","M","M","M","M","R","M","$","T","M","?","E","R","M","R","B",null,"M","?","M","?","M","E","M","$","T","R","M","R","M","M","R","B"],"character_chosen":"THE_WILD_CARD","items_purchased":["Deep Breath","theWildCard:EnergizedStroke+1"],"campfire_rested":1,"item_purchase_floors":[8,25],"current_hp_per_floor":[60,60,59,59,60,60,22,22,22,21,36,29,47,47,47,17,60,60,50,45,39,40,57,52,52,52,52,53,53,54,55,55,0,0],"gold":21,"neow_bonus":"THREE_SMALL_POTIONS","is_daily":false,"chose_seed":false,"campfire_upgraded":5,"win_rate":0.0,"timestamp":1610898496,"path_taken":["M","M","M","M","M","R","?","$","T","?","?","E","R","M","R","BOSS","M","?","M","?","?","E","?","$","T","R","M","R","?","M","R","BOSS"],"items_purchased_type":["Card","Card"],"build_version":"2020-12-22","purchased_purges":2,"victory":false,"max_hp_per_floor":[60,60,60,60,60,60,60,60,60,60,60,60,60,60,60,60,60,60,65,65,65,65,65,65,65,65,65,65,65,65,65,65,65,65],"card_choices":[{"not_picked":["theWildCard:MaskChange","theWildCard:ArchaicAssault","theWildCard:MagicalMight"],"picked":"SKIP","floor":1},{"not_picked":["theWildCard:Michael","theWildCard:Unburden"],"picked":"theWildCard:ManOfManyFaces","floor":2},{"not_picked":["theWildCard:Unburden","theWildCard:StalwartBlade"],"picked":"theWildCard:StingingStrike","floor":3},{"not_picked":["theWildCard:AllOutAttack","theWildCard:PaleRider"],"picked":"theWildCard:Providence","floor":4},{"not_picked":["theWildCard:StingingStrike","theWildCard:MaskChange"],"picked":"theWildCard:PaleRider","floor":5},{"not_picked":["theWildCard:ArcaneArts","theWildCard:Loki"],"picked":"theWildCard:MagicalMight","floor":7},{"not_picked":["theWildCard:StalwartBlade+1","theWildCard:Michael"],"picked":"theWildCard:SeveringSlash+1","floor":10},{"not_picked":["theWildCard:Thanatos","theWildCard:TheArcanaUnleashed"],"picked":"theWildCard:StingingStrike+1","floor":12},{"not_picked":["theWildCard:Proficiency","theWildCard:MasterPlan"],"picked":"theWildCard:ArcaneArts","floor":14},{"not_picked":["theWildCard:Caesar","theWildCard:Thanatos"],"picked":"theWildCard:FinalHour","floor":16},{"not_picked":["theWildCard:Proficiency","theWildCard:ArcaneArts+1"],"picked":"theWildCard:SeveringSlash+1","floor":18},{"not_picked":["theWildCard:CryOfAgony+1","theWildCard:PaleRider","theWildCard:Salvation+1"],"picked":"SKIP","floor":20},{"not_picked":["theWildCard:ShieldOfMany+1","theWildCard:Providence+1"],"picked":"theWildCard:EnergizedStroke+1","floor":22},{"not_picked":["theWildCard:Proficiency","theWildCard:Providence+1","theWildCard:FuelForTheFire"],"picked":"SKIP","floor":23},{"not_picked":["theWildCard:ArcanaArtistry","theWildCard:Patience"],"picked":"theWildCard:ArcaneArts","floor":24},{"not_picked":["theWildCard:StingingStrike+1","theWildCard:Michael"],"picked":"theWildCard:PowerOfTheArcana+1","floor":28},{"not_picked":["theWildCard:MasterPlan","theWildCard:Desolation+1"],"picked":"theWildCard:CryOfAgony+1","floor":30},{"not_picked":["theWildCard:Michael+1","theWildCard:Sakuya"],"picked":"theWildCard:EnergizedStroke+1","floor":31}],"player_experience":920504,"relics_obtained":[{"floor":9,"key":"Molten Egg 2"},{"floor":12,"key":"CeramicFish"},{"floor":23,"key":"Dead Branch"},{"floor":26,"key":"Gambling Chip"}],"event_choices":[{"damage_healed":15,"gold_gain":0,"player_choice":"Healed","damage_taken":0,"max_hp_gain":0,"max_hp_loss":0,"event_name":"The Cleric","floor":11,"gold_loss":35},{"damage_healed":0,"gold_gain":0,"player_choice":"Shed Blood","damage_taken":15,"max_hp_gain":5,"max_hp_loss":0,"event_name":"Forgotten Altar","floor":19,"gold_loss":0},{"damage_healed":0,"gold_gain":0,"player_choice":"Joined the Cult","damage_taken":6,"max_hp_gain":0,"max_hp_loss":0,"event_name":"Nest","floor":21,"gold_loss":0,"cards_obtained":["RitualDagger"]}],"is_beta":false,"boss_relics":[{"not_picked":["Tiny House","SlaversCollar"],"picked":"Ectoplasm"}],"items_purged_floors":[8,25],"is_endless":false,"potions_floor_spawned":[2,3,5,7,12,16,20,28,30],"killed_by":"Collector","ascension_level":0}}