{"host":"ixenv8b8actib82w","time":1610890442,"event":{"mods":["Act Like it!","BaseMod","Conspire","Energized Spire","Hallownest","Hermit","Lobotomy","Minty Spire (QoL Compilation)","Replay The Spire","Spicy Shops","StSLib","The Blackbeard","The Cursed","The Gatherer","The Hierophant","The Marked","vexMod"],"gold_per_floor":[113,113,123,123,73,73,88,13,39,39,50,0,0,0,0,96,96,115,115,115,129,84,84,34,45,69,103,103,103],"floor_reached":28,"language":"ZHS","playtime":1110,"items_purged":["Strike_B","Streamline","Compile Driver"],"score":204,"play_id":"6a248b44-cde9-4743-90f0-90f09e9a0999","local_time":"20210117213402","is_ascension_mode":false,"campfire_choices":[{"data":"Zap","floor":6,"key":"SMITH"},{"data":"BasicCrystalCard","floor":13,"key":"SMITH"},{"floor":15,"key":"REST"},{"floor":23,"key":"REST"}],"circlet_count":0,"master_deck":["Zap+1","Dualcast+1","BeautyBeast","Cold Snap","BasicCrystalCard+1","Reprogram","Heatsinks","Heatsinks","Defragment","Darkness","Ball Lightning+1"],"relics":["Cracked Core","CogitoBucket","Prayer Wheel","Smiling Mask","Pandora\u0027s Box","Theresia","Centennial Puzzle","conspire:GlowingRock"],"acts_visited":["Exordium","Hallownest:CityofTears"],"potions_floor_usage":[16,16],"damage_taken":[{"damage":0,"enemies":"Small Slimes","floor":1,"turns":3},{"damage":0,"enemies":"Cultist","floor":3,"turns":2},{"damage":5,"enemies":"2 Louse","floor":7,"turns":2},{"damage":8,"enemies":"Looter","floor":11,"turns":2},{"damage":68,"enemies":"Slime Boss","floor":16,"turns":16},{"damage":20,"enemies":"Hallownest:Guard_and_Sentry","floor":18,"turns":6},{"damage":20,"enemies":"Hallownest:Flukemon_and_Top","floor":21,"turns":4},{"damage":19,"enemies":"Hallownest:Warrior_and_Youth","floor":25,"turns":5},{"damage":19,"enemies":"conspire:MimicChest","floor":27,"turns":6},{"damage":19,"enemies":"Hallownest:eliteSoulWarrior","floor":28,"turns":2}],"seed_played":"3558798061962964099","potions_obtained":[{"floor":3,"key":"Block Potion"},{"floor":7,"key":"GamblersBrew"},{"floor":18,"key":"Elixir"}],"is_trial":false,"path_per_floor":["M","?","M","?","?","R","M","$","T","?","M","$","R","$","R","B",null,"M","?","$","M","?","R","$","M","T","?","E"],"character_chosen":"DEFECT","items_purchased":[],"campfire_rested":2,"item_purchase_floors":[],"current_hp_per_floor":[75,75,75,60,60,60,55,55,55,55,47,47,47,47,69,1,75,55,51,51,31,31,53,53,34,34,15,0,0],"gold":103,"neow_bonus":"","is_daily":false,"chose_seed":false,"campfire_upgraded":2,"win_rate":0.0,"timestamp":1610890442,"path_taken":["M","?","?","?","?","R","M","?","T","?","M","$","R","?","R","BOSS","M","?","$","M","?","R","$","M","T","?","E"],"items_purchased_type":[],"build_version":"2020-12-22","purchased_purges":3,"victory":false,"max_hp_per_floor":[75,75,75,75,75,75,75,75,75,75,75,75,75,75,75,75,75,75,75,75,75,75,75,75,75,75,75,75,75],"card_choices":[{"not_picked":["BlackSwan","MeatLantern","HeroicMonk"],"picked":"Singing Bowl","floor":1},{"not_picked":["SpiderBud","FieryBird"],"picked":"DreamingCurrent","floor":1},{"not_picked":["Barrage","ReplayTheSpireMod:GoodbyeWorld"],"picked":"Streamline","floor":1},{"not_picked":["OldLady","Murderer","WallGazer"],"picked":"Singing Bowl","floor":3},{"not_picked":["Wellcheers","MHz"],"picked":"MeatLantern","floor":3},{"not_picked":["Turbo","Coolheaded"],"picked":"ReplayTheSpireMod:Fabricate Wheel","floor":3},{"not_picked":["OldLady","Scarecrow"],"picked":"BeautyBeast","floor":7},{"not_picked":["BootSequence","Leap"],"picked":"Cold Snap","floor":7},{"not_picked":["Beam Cell","Melter"],"picked":"BasicCrystalCard","floor":7},{"not_picked":["Laetitia","GreedKing","VoidDream"],"picked":"Singing Bowl","floor":11},{"not_picked":["Conserve Battery","Stack","ReplayRNGCard"],"picked":"SKIP","floor":11},{"not_picked":["ReplayGash","Reprogram","White Noise"],"picked":"SKIP","floor":11},{"not_picked":["Conserve Battery","Stack","ReplayRNGCard"],"picked":"SKIP","floor":11},{"not_picked":["ReplayGash","Reprogram","White Noise"],"picked":"SKIP","floor":11},{"not_picked":["Porccubus","PunishingBird","RedShoes"],"picked":"Singing Bowl","floor":18},{"not_picked":["Conserve Battery+1","Streamline+1","Scrape"],"picked":"SKIP","floor":18},{"not_picked":["Rebound","Turbo+1","Redo+1"],"picked":"SKIP","floor":18},{"not_picked":["Beam Cell","Static Discharge+1"],"picked":"Ball Lightning+1","floor":21},{"not_picked":["Genetic Algorithm","Hello World","Stack"],"picked":"SKIP","floor":21},{"not_picked":["Darkness","Go for the Eyes","Compile Driver"],"picked":"SKIP","floor":25},{"not_picked":["Barrage","Stack","Steam"],"picked":"SKIP","floor":25},{"not_picked":["HeroicMonk","Mercenary","RedShoes"],"picked":"Singing Bowl","floor":27}],"player_experience":163944,"relics_obtained":[{"floor":9,"key":"Smiling Mask"},{"floor":26,"key":"Centennial Puzzle"},{"floor":27,"key":"conspire:GlowingRock"}],"event_choices":[{"cards_removed":["DreamingCurrent"],"damage_healed":0,"gold_gain":0,"player_choice":"Purged","damage_taken":0,"max_hp_gain":0,"max_hp_loss":0,"event_name":"Purifier","floor":2,"gold_loss":0},{"damage_healed":0,"gold_gain":0,"player_choice":"Entered Light","damage_taken":15,"max_hp_gain":0,"max_hp_loss":0,"event_name":"Shining Light","floor":4,"gold_loss":0,"cards_upgraded":["Strike_B","Dualcast"]},{"cards_removed":["MeatLantern"],"damage_healed":0,"gold_gain":0,"player_choice":"Card Removal","damage_taken":0,"max_hp_gain":0,"max_hp_loss":0,"event_name":"The Cleric","floor":5,"gold_loss":50},{"damage_healed":0,"gold_gain":0,"player_choice":"Disagree","damage_taken":0,"max_hp_gain":0,"max_hp_loss":0,"event_name":"conspire:LoneGhost","floor":10,"gold_loss":0}],"is_beta":false,"boss_relics":[{"not_picked":["Coffee Dripper","Ectoplasm"],"picked":"Pandora\u0027s Box"}],"items_purged_floors":[8,12,24],"is_endless":false,"potions_floor_spawned":[3,7,18],"killed_by":"Hallownest:eliteSoulWarrior","ascension_level":0}}