{"host":"qvl114e0jmbc6yhm","time":1610841975,"event":{"mods":["Act Like it!","BaseMod","Hermit","Highlight Path","Hubris","Jedi Mod","Marisa????????","Marked Mod","Minty Spire (QoL Compilation)","Permanent Neow","Random Character Button","Relic Sorter","Relic Stats","Replay The Spire","Shop Mod","Spicy Shops","StSLib","The Jungle","The Runesmith"],"gold_per_floor":[117,128,138,150,150,150,167,167,167,167,197,214,245,257,257,328,328,341,360,29,49,67,98,98,130,179,179,189,223,233,253,253,253,253,330,330,340,355,32,82,99,131,185,185,211,211,243,259,9,25,25,25,25,25,25,57,57],"floor_reached":58,"language":"ENG","playtime":7537,"items_purged":["Strike_B","Strike_B","Defend_B"],"score":2533,"play_id":"0192c230-bf79-4585-aff1-04e4c8b8793e","local_time":"20210116190615","is_ascension_mode":true,"campfire_choices":[{"data":"Dualcast","floor":6,"key":"SMITH"},{"data":"Go for the Eyes","floor":8,"key":"SMITH"},{"data":"Genetic Algorithm","floor":10,"key":"SMITH"},{"data":"Loop","floor":15,"key":"SMITH"},{"data":"ReplayRNGCard","floor":24,"key":"SMITH"},{"data":"Fission","floor":27,"key":"SMITH"},{"floor":34,"key":"REST"},{"data":"Fusion","floor":44,"key":"SMITH"},{"data":"Coolheaded","floor":46,"key":"SMITH"},{"floor":51,"key":"RECALL"},{"data":"ReplayTheSpireMod:Calculation Training","floor":54,"key":"SMITH"}],"circlet_count":0,"master_deck":["AscendersBane","Zap+1","Dualcast+1","Conserve Battery","Go for the Eyes+1","Genetic Algorithm+1","Turbo","Rip and Tear+1","Sweeping Beam+1","Loop+1","Cold Snap+1","ReplayRNGCard+1","Conserve Battery","Gash+1","Gash+1","Echo Form","ReplayRNGCard+1","Fission+1","Skim+1","Sweeping Beam+1","Steam","jedi:BurstDark+1","Rebound+1","Reboot+1","jedi:bruteforce+1","Loop+1","Skim+1","Coolheaded+1","Redo+1","Chaos+1","Go for the Eyes+1","Fusion+1","ReplayTheSpireMod:Calculation Training+1","Compile Driver+1"],"relics":["Replay:Drink Me","Molten Egg 2","Chameleon Ring","Ancient Tea Set","Honey Jar","Chemical X","jedi:gremlinknob","Replay:Bottled Snecko","Strawberry","Astrolabe","hubris:BallOfYels","Tiny House","Durian","hubris:PeanutButter","Happy Flower","Replay:Bottled Flurry","Kunai","Replay:Mystery Machine"],"acts_visited":["Exordium","TheCity","TheBeyond","TheEnding"],"potions_floor_usage":[4,13,56,57],"damage_taken":[{"damage":0,"enemies":"Small Slimes","floor":1,"turns":3},{"damage":0,"enemies":"Cultist","floor":2,"turns":4},{"damage":0,"enemies":"2 Louse","floor":3,"turns":4},{"damage":21,"enemies":"Exordium Thugs","floor":4,"turns":10},{"damage":0,"enemies":"3 Louse","floor":7,"turns":4},{"damage":0,"enemies":"Lagavulin","floor":11,"turns":7},{"damage":0,"enemies":"Looter","floor":12,"turns":3},{"damage":12,"enemies":"3 Sentries","floor":13,"turns":6},{"damage":0,"enemies":"2 Fungi Beasts","floor":14,"turns":3},{"damage":0,"enemies":"Slime Boss","floor":16,"turns":9},{"damage":0,"enemies":"3 Byrds","floor":18,"turns":4},{"damage":0,"enemies":"Spheric Guardian","floor":19,"turns":3},{"damage":0,"enemies":"Centurion and Healer","floor":21,"turns":5},{"damage":0,"enemies":"Snecko","floor":22,"turns":4},{"damage":14,"enemies":"Slavers","floor":23,"turns":5},{"damage":0,"enemies":"Gremlin Leader","floor":25,"turns":5},{"damage":0,"enemies":"Shelled Parasite and Fungi","floor":28,"turns":4},{"damage":10,"enemies":"Slavers","floor":29,"turns":3},{"damage":0,"enemies":"Cultist and Chosen","floor":30,"turns":3},{"damage":0,"enemies":"Centurion and Healer","floor":31,"turns":3},{"damage":14,"enemies":"hubris:MusketHawk","floor":35,"turns":5},{"damage":0,"enemies":"3 Shapes","floor":37,"turns":2},{"damage":0,"enemies":"3 Darklings","floor":38,"turns":3},{"damage":0,"enemies":"Spire Growth","floor":41,"turns":3},{"damage":0,"enemies":"Giant Head","floor":42,"turns":6},{"damage":0,"enemies":"Reptomancer","floor":47,"turns":3},{"damage":0,"enemies":"Sphere and 2 Shapes","floor":48,"turns":2},{"damage":0,"enemies":"Transient","floor":50,"turns":5},{"damage":0,"enemies":"Awakened One","floor":52,"turns":6},{"damage":0,"enemies":"Shield and Spear","floor":56,"turns":4},{"damage":0,"enemies":"The Heart","floor":57,"turns":6}],"seed_played":"104718951528120243","potions_obtained":[{"floor":1,"key":"Flashbang"},{"floor":7,"key":"Elixir"},{"floor":11,"key":"jedi:StrikingPotion"},{"floor":14,"key":"jedi:wingpotion"},{"floor":16,"key":"EssenceOfSteel"},{"floor":21,"key":"FearPotion"},{"floor":28,"key":"jedi:mysterypotion"},{"floor":30,"key":"Weak Potion"},{"floor":40,"key":"Swift Potion"},{"floor":56,"key":"jedi:wingpotion"}],"is_trial":false,"path_per_floor":["M","M","M","M","?","R","M","R","T","R","E","M","E","M","R","B",null,"M","M","$","M","M","E","R","E","T","R","M","E","M","M","PTL","PTL","R","B",null,"M","M","$","?","M","E","?","R","T","R","E","M","$","M","R","B",null,"R","$","E","B",null],"character_chosen":"DEFECT","items_purchased":["Chemical X","Coolheaded","hubris:BallOfYels","Kunai"],"campfire_rested":1,"item_purchase_floors":[20,39,39,49],"current_hp_per_floor":[54,54,54,33,33,33,33,33,33,33,33,33,21,21,21,21,46,46,46,46,46,46,32,32,32,32,32,32,29,29,29,29,29,47,33,54,54,54,54,51,51,56,42,42,42,42,42,42,42,42,42,42,53,53,53,53,53],"gold":57,"neow_bonus":"BOSS_RELIC","is_daily":false,"chose_seed":false,"campfire_upgraded":9,"win_rate":0.0,"timestamp":1610841975,"path_taken":["M","M","M","M","?","R","M","R","T","R","E","?","E","M","R","BOSS","M","M","$","M","M","E","R","E","T","R","M","E","M","M","PTL","PTL","R","BOSS","M","M","$","?","?","E","?","R","T","R","E","M","$","M","R","BOSS","R","$","E","BOSS"],"items_purchased_type":["Relic","Card","Relic","Relic"],"build_version":"2020-12-22","purchased_purges":3,"victory":true,"max_hp_per_floor":[54,54,54,54,54,54,54,54,54,54,54,54,54,54,54,54,54,54,54,54,54,54,54,54,54,54,54,54,61,61,61,61,61,61,61,61,61,61,61,51,51,56,56,56,56,56,56,56,56,56,56,56,56,56,56,56,56],"relic_stats":{"Happy Flower":[8],"counters":[31,137],"Astrolabe":["Rebound","Reboot","jedi:bruteforce"],"Chemical X":[70],"Kunai":[18],"obtain_stats":[{"hubris:BallOfYels":39,"Tiny House":40,"Happy Flower":45,"Astrolabe":36,"jedi:gremlinknob":23,"jedi:command_boss":40,"Replay:Mystery Machine":56,"Ancient Tea Set":13,"Chameleon Ring":11,"Strawberry":29,"Honey Jar":17,"Molten Egg 2":9,"hubris:PeanutButter":43,"Durian":42,"Replay:Bottled Flurry":47,"Chemical X":20,"Replay:Bottled Snecko":25,"Kunai":49,"Cracked Core":0,"Replay:Drink Me":0},{"hubris:BallOfYels":23,"Tiny House":23,"Happy Flower":25,"Astrolabe":21,"jedi:gremlinknob":15,"jedi:command_boss":23,"Replay:Mystery Machine":30,"Ancient Tea Set":8,"Chameleon Ring":6,"Strawberry":18,"Honey Jar":10,"Molten Egg 2":5,"hubris:PeanutButter":25,"Durian":25,"Replay:Bottled Flurry":26,"Chemical X":12,"Replay:Bottled Snecko":16,"Kunai":27,"Cracked Core":0,"Replay:Drink Me":0},{"hubris:BallOfYels":102,"Tiny House":102,"Happy Flower":111,"Astrolabe":97,"jedi:gremlinknob":74,"jedi:command_boss":102,"Replay:Mystery Machine":131,"Ancient Tea Set":41,"Chameleon Ring":32,"Strawberry":86,"Honey Jar":53,"Molten Egg 2":25,"hubris:PeanutButter":111,"Durian":111,"Replay:Bottled Flurry":114,"Chemical X":60,"Replay:Bottled Snecko":79,"Kunai":116,"Cracked Core":0,"Replay:Drink Me":0}]},"card_choices":[{"not_picked":["Tempest","jedi:locknload"],"picked":"Conserve Battery","floor":1},{"not_picked":["Melter","Undo","Tempest"],"picked":"SKIP","floor":2},{"not_picked":["Steam","Conserve Battery"],"picked":"Go for the Eyes","floor":3},{"not_picked":["Steam Power","jedi:BurstLightning"],"picked":"Genetic Algorithm","floor":4},{"not_picked":["Streamline","Leap"],"picked":"Turbo","floor":7},{"not_picked":["Panic Button","jedi:BurstFrost"],"picked":"Rip and Tear+1","floor":11},{"not_picked":["Ball Lightning+1","ReplayTheSpireMod:Reroute Power"],"picked":"Sweeping Beam+1","floor":12},{"not_picked":["Conserve Battery","jedi:locknload"],"picked":"Loop","floor":13},{"not_picked":["Heatsinks","Storm"],"picked":"Cold Snap+1","floor":14},{"not_picked":["hubris:DoWhile","Meteor Strike+1"],"picked":"ReplayRNGCard","floor":16},{"not_picked":["Sweeping Beam+1","jedi:blockon","jedi:markofdeath"],"picked":"Conserve Battery","floor":18},{"not_picked":["ReplayGash+1","Recycle","ReplayTheSpireMod:System Scan"],"picked":"Gash+1","floor":19},{"not_picked":["Go for the Eyes+1","Barrage+1","Sweeping Beam+1"],"picked":"Gash+1","floor":21},{"not_picked":["Redo","jedi:BurstFrost","jedi:BurstLightning+1"],"picked":"Echo Form","floor":22},{"not_picked":["jedi:blockon","Ball Lightning+1","Steam"],"picked":"ReplayRNGCard","floor":23},{"not_picked":["Coolheaded","Static Discharge","Steam"],"picked":"Fission","floor":25},{"not_picked":["jedi:locknload","jedi:hex+1","Turbo"],"picked":"Skim+1","floor":28},{"not_picked":["Conserve Battery+1","Reinforced Body","Reprogram"],"picked":"ReplayTheSpireMod:GoodbyeWorld","floor":29},{"not_picked":["Panic Button","jedi:BurstLightning+1","Thunder Strike+1"],"picked":"Sweeping Beam+1","floor":30},{"not_picked":["jedi:BurstFrost","ReplayTheSpireMod:System Scan","jedi:BurstLightning+1"],"picked":"Steam","floor":31},{"not_picked":["Mirror Shield","ReplayTheSpireMod:Fabricate Wheel","hubris:SpecializedCircuitry"],"picked":"jedi:BurstDark+1","floor":35},{"not_picked":["Cold Snap+1","Compile Driver+1","Streamline+1"],"picked":"Loop+1","floor":37},{"not_picked":["Conserve Battery+1","Rebound+1","Steam Power+1"],"picked":"Skim+1","floor":38},{"not_picked":["Blizzard+1","Reinforced Body","Leap+1"],"picked":"Redo+1","floor":40},{"not_picked":["Ball Lightning+1","Force Field","jedi:overflow"],"picked":"Chaos+1","floor":41},{"not_picked":["jedi:bruteforce","jedi:blockon","White Noise"],"picked":"Go for the Eyes+1","floor":42},{"not_picked":["Streamline+1","Loop","Barrage+1"],"picked":"Fusion","floor":43},{"not_picked":["Cold Snap+1","jedi:BurstDark+1","jedi:hex","Compile Driver+1"],"picked":"SKIP","floor":47},{"not_picked":["Gash+1","Cold Snap+1","jedi:blockon"],"picked":"ReplayTheSpireMod:Calculation Training","floor":48},{"not_picked":["ReplayTheSpireMod:GoodbyeWorld+1","Chill","jedi:blockon"],"picked":"Compile Driver+1","floor":50},{"not_picked":["ReplayTheSpireMod:System Scan","Reinforced Body+1","Auto Shields","jedi:sharpshooter+1"],"picked":"SKIP","floor":56}],"player_experience":2452000,"relics_obtained":[{"floor":9,"key":"Molten Egg 2"},{"floor":11,"key":"Chameleon Ring"},{"floor":13,"key":"Ancient Tea Set"},{"floor":23,"key":"jedi:gremlinknob"},{"floor":25,"key":"Replay:Bottled Snecko"},{"floor":29,"key":"Strawberry"},{"floor":42,"key":"Durian"},{"floor":43,"key":"hubris:PeanutButter"},{"floor":45,"key":"Happy Flower"},{"floor":47,"key":"Replay:Bottled Flurry"},{"floor":56,"key":"Replay:Mystery Machine"}],"event_choices":[{"damage_healed":0,"gold_gain":0,"player_choice":"Upgraded","damage_taken":0,"max_hp_gain":0,"max_hp_loss":0,"event_name":"Upgrade Shrine","floor":5,"gold_loss":0,"cards_upgraded":["Zap"]}],"is_beta":false,"boss_relics":[{"not_picked":["hubris:Backtick","hubris:ScarierMask"],"picked":"Honey Jar"},{"not_picked":["ChewingGum","Velvet Choker"],"picked":"Astrolabe"}],"items_purged_floors":[20,20,39],"is_endless":false,"potions_floor_spawned":[1,7,11,14,16,21,28,30,38,42,47,48,56],"ascension_level":14}}