{"host":"e52c7hvho6xny3hd","time":1610890705,"event":{"mods":["AchievementEnabler","BaseMod","Colored Map","DeckTracker","Minty Spire (QoL Compilation)","Permanent Neow","StSLib"],"gold_per_floor":[117,131,146,162,179,179,206,206],"floor_reached":7,"language":"KOR","playtime":288,"items_purged":[],"score":85,"play_id":"8cf66344-a654-4267-9619-169a81312c3c","local_time":"20210117223825","is_ascension_mode":true,"campfire_choices":[{"data":"Eruption","floor":6,"key":"SMITH"}],"circlet_count":0,"master_deck":["AscendersBane","Strike_P","Strike_P","Strike_P","Defend_P","Defend_P","Defend_P","Defend_P","Eruption+1","Vigilance","LikeWater","Conclude","MentalFortress","BowlingBash","Consecrate","Prostrate","Tantrum"],"relics":["PureWater","Boot"],"acts_visited":["Exordium"],"potions_floor_usage":[4],"damage_taken":[{"damage":0.0,"enemies":"Jaw Worm","floor":1.0,"turns":4.0},{"damage":0.0,"enemies":"Small Slimes","floor":2.0,"turns":1.0},{"damage":0.0,"enemies":"2 Louse","floor":3.0,"turns":2.0},{"damage":7,"enemies":"Gremlin Gang","floor":4,"turns":3},{"damage":6,"enemies":"Exordium Thugs","floor":5,"turns":3},{"damage":41,"enemies":"Lagavulin","floor":7,"turns":8}],"seed_played":"-9220015263751186569","potions_obtained":[{"floor":1.0,"key":"Explosive Potion"},{"floor":3.0,"key":"BlessingOfTheForge"},{"floor":4,"key":"EntropicBrew"}],"is_trial":false,"path_per_floor":["M","M","M","M","M","R","E"],"character_chosen":"WATCHER","items_purchased":[],"campfire_rested":0,"item_purchase_floors":[],"current_hp_per_floor":[65,65,65,58,52,52,11,11],"gold":206,"neow_bonus":"TRANSFORM_CARD","is_daily":false,"chose_seed":false,"campfire_upgraded":1,"win_rate":0.0,"timestamp":1610890705,"path_taken":["M","M","M","M","M","R","E"],"items_purchased_type":[],"build_version":"2020-12-22","purchased_purges":0,"victory":false,"max_hp_per_floor":[72,72,72,72,72,72,72,72],"card_choices":[{"not_picked":["FlurryOfBlows","Crescendo"],"picked":"Conclude","floor":1.0},{"not_picked":["Nirvana","Consecrate"],"picked":"MentalFortress","floor":2.0},{"not_picked":["FlyingSleeves","CrushJoints"],"picked":"BowlingBash","floor":3.0},{"not_picked":["BowlingBash","Scrawl"],"picked":"Consecrate","floor":4},{"not_picked":["JustLucky","Consecrate"],"picked":"Prostrate","floor":5},{"not_picked":["Indignation","FollowUp"],"picked":"Tantrum","floor":7}],"player_experience":681272,"relics_obtained":[{"floor":7,"key":"Boot"}],"event_choices":[],"is_beta":false,"boss_relics":[],"items_purged_floors":[],"is_endless":false,"potions_floor_spawned":[1,3,4],"killed_by":"Lagavulin","ascension_level":11}}