{"host":"4jpe1m3cviuzvkch","time":1610865379,"event":{"mods":["BaseMod","Decade(王小明)","Marisa（F雨　魔理沙）","Minty Spire (QoL Compilation)","Remilia（蕾米莉亚）","StSLib","The Servant 0.9.4","Youmu（魂魄妖梦）"],"gold_per_floor":[418,593,593,593,16,16,16],"floor_reached":6,"language":"ZHS","playtime":208,"items_purged":["Defend_YM"],"score":34,"play_id":"fe5d17ae-d0a5-412d-bc80-3b103989cb86","local_time":"20210117143619","is_ascension_mode":true,"campfire_choices":[],"circlet_count":0,"master_deck":["Strike_YM","Strike_YM","Strike_YM","Defend_YM","Defend_YM","Defend_YM","SlashOfPresentWorld","WheelOfPainOfLivingAndDead","TwoHundredYojanaInOneSlash","Doubt","Injury","Finesse"],"relics":["HalfPhantom","Old Coin","Golden Idol","Ornamental Fan","Bag of Preparation"],"acts_visited":["Exordium"],"potions_floor_usage":[],"damage_taken":[{"damage":0,"enemies":"2 Louse","floor":1,"turns":2},{"damage":49,"enemies":"Lagavulin","floor":6,"turns":6}],"seed_played":"-2944119677016271611","potions_obtained":[],"is_trial":false,"path_per_floor":["M","?","?","?","$","E"],"character_chosen":"YOUMU","items_purchased":["Ornamental Fan","Bag of Preparation","Finesse"],"campfire_rested":0,"item_purchase_floors":[5,5,5],"current_hp_per_floor":[54,54,54,47,47,0,0],"gold":16,"neow_bonus":"ONE_RARE_RELIC","is_daily":false,"chose_seed":false,"campfire_upgraded":0,"win_rate":0.0,"timestamp":1610865379,"path_taken":["M","?","?","?","$","E"],"items_purchased_type":["Relic","Relic","Card"],"build_version":"2020-12-22","purchased_purges":1,"victory":false,"max_hp_per_floor":[75,75,75,75,75,75,75],"card_choices":[{"not_picked":["SwordExtraction","SanzenSekai"],"picked":"TwoHundredYojanaInOneSlash","floor":1}],"player_experience":293451,"relics_obtained":[],"event_choices":[{"damage_healed":0,"gold_gain":175,"player_choice":"AGREE","damage_taken":0,"max_hp_gain":0,"max_hp_loss":0,"event_name":"Liars Game","floor":2,"gold_loss":0,"cards_obtained":["Doubt"]},{"damage_healed":0,"gold_gain":0,"player_choice":"Take Wound","damage_taken":0,"relics_obtained":["Golden Idol"],"max_hp_gain":0,"max_hp_loss":0,"event_name":"Golden Idol","floor":3,"gold_loss":0,"cards_obtained":["Injury"]},{"cards_removed":["Strike_YM"],"damage_healed":0,"gold_gain":0,"player_choice":"Card Removal","damage_taken":7,"max_hp_gain":0,"max_hp_loss":0,"event_name":"Golden Wing","floor":4,"gold_loss":0}],"is_beta":false,"boss_relics":[],"items_purged_floors":[5],"is_endless":false,"potions_floor_spawned":[],"killed_by":"Lagavulin","ascension_level":1}}