{"host":"y89x8uui45kcjy42","time":1610877696,"event":{"mods":["2.2 Compatiblity","BaseMod","CapriCore","Colored Map","Colored Powertips","Custom Start","Friendly Minions","Keyboard Shortcuts","Minty Spire (QoL Compilation)","Relic Stats","Replay The Spire","Slay the Relics Exporter","StSLib","SuperFastMode","Uncapped"],"gold_per_floor":[111,111,127,787,787,820,820,848,848,848,880,896,896,952,952,1024,1024,1040,965,965,975,975,1007,1007,1007,1024,1024,1024],"floor_reached":27,"language":"KOR","playtime":974,"items_purged":[],"score":544,"play_id":"a9db35ec-ce97-4479-90f8-788fa3552642","local_time":"20210117190136","is_ascension_mode":true,"campfire_choices":[{"data":"Eruption","floor":7,"key":"SMITH"},{"data":"FearNoEvil","floor":10,"key":"SMITH"},{"data":"Replay:Battleflow","floor":13,"key":"SMITH"}],"circlet_count":0,"master_deck":["Strike_P","Defend_P","Eruption+1","Vigilance","FearNoEvil+1","Devotion+1","Replay:Battleflow+1","Replay:AtTheReady","Replay:AllIn","Replay:DivineShield"],"relics":["HolyWater","Vajra","Odd Mushroom","Oddly Smooth Stone","Quantum Egg","Prayer Wheel","Centennial Puzzle","Singing Bowl","WingedGreaves","Omamori","ReplayTheSpireMod:Ring of Exchange","Ring of Hypnosis","Toolbox","Coffee Dripper","Counterbalance","Unceasing Top","Lantern","Pocketwatch","Pondfish Scales","Potion Belt"],"acts_visited":["Exordium","TheCity"],"potions_floor_usage":[18],"damage_taken":[{"damage":6,"enemies":"Small Slimes","floor":1,"turns":4},{"damage":0,"enemies":"Cultist","floor":3,"turns":2},{"damage":16,"enemies":"Gremlin Nob","floor":6,"turns":3},{"damage":15,"enemies":"Replay:BlueRogue","floor":8,"turns":4},{"damage":16,"enemies":"Gremlin Nob","floor":11,"turns":3},{"damage":0,"enemies":"2 Louse","floor":12,"turns":2},{"damage":11,"enemies":"Gremlin Nob","floor":14,"turns":3},{"damage":182,"enemies":"Fading Forest","floor":16,"turns":13},{"damage":5,"enemies":"Spheric Guardian","floor":18,"turns":3},{"damage":6,"enemies":"3 Byrds","floor":21,"turns":5},{"damage":10,"enemies":"Gremlin Leader","floor":23,"turns":5},{"damage":41,"enemies":"Shelled Parasite and Fungi","floor":26,"turns":5},{"damage":16,"enemies":"Slavers","floor":27,"turns":1}],"seed_played":"-4960617584680751714","potions_obtained":[{"floor":1,"key":"Block Potion"},{"floor":8,"key":"DuplicationPotion"},{"floor":12,"key":"Reflective Coating"},{"floor":18,"key":"Swift Potion"},{"floor":23,"key":"Ambrosia"},{"floor":26,"key":"Explosive Potion"}],"is_trial":false,"path_per_floor":["M","?","M","$","?","E","R","E","T","R","E","M","R","?","R_BF","B",null,"M","?","?","M","?","E","PTL","PTL","M","E"],"character_chosen":"WATCHER","items_purchased":["Quantum Egg","FearNoEvil"],"campfire_rested":0,"item_purchase_floors":[4,4],"current_hp_per_floor":[61,61,61,61,61,45,45,30,30,30,76,76,76,67,67,78,78,77,77,77,75,50,42,42,42,3,0,0],"gold":1024,"neow_bonus":"TEN_PERCENT_HP_BONUS","is_daily":false,"chose_seed":false,"campfire_upgraded":3,"win_rate":0.0,"timestamp":1610877696,"path_taken":["M","?","?","$","?","E","R","E","T","R","E","M","R","?","R_BF","BOSS","M","?","?","?","?","E","PTL","PTL","M","E"],"items_purchased_type":["Relic","Card"],"build_version":"2020-12-22","purchased_purges":0,"victory":false,"max_hp_per_floor":[74,74,74,74,74,74,74,74,74,74,76,76,76,78,78,78,78,82,82,82,86,91,93,93,93,95,95,95],"relic_stats":{"Centennial Puzzle":[21],"Singing Bowl":16,"counters":[13,53],"Prayer Wheel":4,"obtain_stats":[{"Potion Belt":23,"ReplayTheSpireMod:Ring of Exchange":15,"Lantern":23,"Singing Bowl":11,"Ring of Hypnosis":15,"Quantum Egg":4,"Counterbalance":17,"Vajra":0,"Oddly Smooth Stone":0,"Omamori":15,"Odd Mushroom":0,"Centennial Puzzle":8,"Pondfish Scales":23,"HolyWater":0,"Toolbox":17,"Prayer Wheel":6,"WingedGreaves":14,"Coffee Dripper":17,"PureWater":0,"Unceasing Top":20,"Pocketwatch":23},{"Potion Belt":11,"ReplayTheSpireMod:Ring of Exchange":7,"Lantern":11,"Singing Bowl":5,"Ring of Hypnosis":7,"Quantum Egg":2,"Counterbalance":8,"Vajra":0,"Oddly Smooth Stone":0,"Omamori":7,"Odd Mushroom":0,"Centennial Puzzle":4,"Pondfish Scales":11,"HolyWater":0,"Toolbox":8,"Prayer Wheel":3,"WingedGreaves":7,"Coffee Dripper":8,"PureWater":0,"Unceasing Top":9,"Pocketwatch":11},{"Potion Belt":47,"ReplayTheSpireMod:Ring of Exchange":21,"Lantern":47,"Singing Bowl":16,"Ring of Hypnosis":21,"Quantum Egg":6,"Counterbalance":34,"Vajra":0,"Oddly Smooth Stone":0,"Omamori":21,"Odd Mushroom":0,"Centennial Puzzle":13,"Pondfish Scales":47,"HolyWater":0,"Toolbox":34,"Prayer Wheel":9,"WingedGreaves":21,"Coffee Dripper":34,"PureWater":0,"Unceasing Top":37,"Pocketwatch":47}],"Unceasing Top":[0],"Pocketwatch":[2]},"card_choices":[{"not_picked":["WreathOfFlame","FlurryOfBlows","BowlingBash"],"picked":"SKIP","floor":1},{"not_picked":["Prostrate","Omniscience"],"picked":"Replay:AtTheReady","floor":3},{"not_picked":["CutThroughFate","Vengeance","BowlingBash"],"picked":"SKIP","floor":6},{"not_picked":["SashWhip","WindmillStrike","Swivel"],"picked":"SKIP","floor":8},{"not_picked":["Halt","CutThroughFate","CarveReality"],"picked":"Singing Bowl","floor":11},{"not_picked":["Prostrate","Halt"],"picked":"Replay:Battleflow","floor":12},{"not_picked":["Evaluate","JustLucky"],"picked":"Replay:AtTheReady","floor":12},{"not_picked":["ForeignInfluence","FlurryOfBlows","JustLucky"],"picked":"Singing Bowl","floor":14},{"not_picked":["MasterReality","DevaForm"],"picked":"Replay:AllIn","floor":16},{"not_picked":["FlurryOfBlows","SashWhip","Replay:Hum"],"picked":"Singing Bowl","floor":18},{"not_picked":["Replay:BluntJabs+1","SandsOfTime","FollowUp"],"picked":"Singing Bowl","floor":18},{"not_picked":["Adaptation","WaveOfTheHand+1","Consecrate"],"picked":"Singing Bowl","floor":21},{"not_picked":["Wallop","FollowUp","JustLucky"],"picked":"Singing Bowl","floor":21},{"not_picked":["JustLucky","FlyingSleeves","Prostrate"],"picked":"Singing Bowl","floor":23},{"not_picked":["Halt","FlurryOfBlows"],"picked":"Replay:DivineShield","floor":26},{"not_picked":["TalkToTheHand","Alpha","SignatureMove"],"picked":"Singing Bowl","floor":26}],"player_experience":620609,"relics_obtained":[{"floor":6,"key":"Prayer Wheel"},{"floor":8,"key":"Centennial Puzzle"},{"floor":11,"key":"Singing Bowl"},{"floor":14,"key":"WingedGreaves"},{"floor":15,"key":"ReplayTheSpireMod:Ring of Exchange"},{"floor":15,"key":"Ring of Hypnosis"},{"floor":20,"key":"Unceasing Top"},{"floor":23,"key":"Lantern"}],"event_choices":[{"damage_healed":0,"gold_gain":0,"player_choice":"0 cards matched","damage_taken":0,"max_hp_gain":0,"max_hp_loss":0,"event_name":"Match and Keep!","floor":2,"gold_loss":0,"cards_obtained":[]},{"damage_healed":0,"gold_gain":0,"player_choice":"Searched \u00272\u0027 times","damage_taken":0,"max_hp_gain":0,"max_hp_loss":0,"event_name":"Dead Adventurer","floor":14,"gold_loss":0},{"cards_removed":["Strike_P"],"damage_healed":0,"gold_gain":0,"player_choice":"Gave Gold","damage_taken":0,"max_hp_gain":0,"max_hp_loss":0,"event_name":"Beggar","floor":19,"gold_loss":75},{"damage_healed":0,"gold_gain":0,"player_choice":"Relic","damage_taken":0,"max_hp_gain":0,"max_hp_loss":0,"event_name":"Wheel of Change","floor":20,"gold_loss":0},{"damage_healed":0,"gold_gain":0,"player_choice":"Shed Blood","damage_taken":30,"max_hp_gain":5,"max_hp_loss":0,"event_name":"Forgotten Altar","floor":22,"gold_loss":0}],"is_beta":false,"boss_relics":[{"not_picked":["Lee\u0027s Waffle","Velvet Choker"],"picked":"Toolbox"}],"items_purged_floors":[],"is_endless":false,"potions_floor_spawned":[1,8,12,14,18,23,26],"killed_by":"Slavers","ascension_level":20}}