{"host":"5icjlaq41ghjcr7h","time":1610861392,"event":{"mods":["AchievementEnabler","BaseMod","Colored Map","Minty Spire (QoL Compilation)","SuperFastMode","everything is the same but u backflip on backflip"],"gold_per_floor":[112,132,9,9,9,41,41,53,77,108,108,283,294,310,310,406,406,419,419,449,461,461,461,461,461],"floor_reached":24,"language":"KOR","playtime":545,"items_purged":["Strike_B"],"score":288,"play_id":"a0c74544-815e-4e4a-a369-0cd2f25193a6","local_time":"20210117142952","is_ascension_mode":true,"campfire_choices":[{"data":"Defragment","floor":7,"key":"SMITH"},{"data":"Defragment","floor":11,"key":"SMITH"},{"floor":15,"key":"REST"},{"floor":23,"key":"RECALL"}],"circlet_count":0,"master_deck":["Strike_B+1","Strike_B+1","Strike_B","Defend_B","Defend_B","Defend_B","Zap","Dualcast","Genetic Algorithm","Gash","Go for the Eyes","Defragment+1","Coolheaded","Defragment+1","Conserve Battery","Reinforced Body","Electrodynamics","Consume+1","Coolheaded+1"],"relics":["Cracked Core","NeowsBlessing","Centennial Puzzle","Girya","PreservedInsect","Lantern","Empty Cage","Red Mask","Pear"],"acts_visited":["Exordium","TheCity"],"potions_floor_usage":[10,18,20],"damage_taken":[{"damage":0,"enemies":"Jaw Worm","floor":1,"turns":1},{"damage":0,"enemies":"2 Louse","floor":2,"turns":1},{"damage":0,"enemies":"3 Sentries","floor":6,"turns":2},{"damage":0,"enemies":"Cultist","floor":8,"turns":3},{"damage":16,"enemies":"Lagavulin","floor":10,"turns":4},{"damage":4,"enemies":"Red Slaver","floor":13,"turns":3},{"damage":14,"enemies":"Lots of Slimes","floor":14,"turns":4},{"damage":8,"enemies":"Hexaghost","floor":16,"turns":13},{"damage":0,"enemies":"Shell Parasite","floor":18,"turns":5},{"damage":39,"enemies":"Masked Bandits","floor":20,"turns":4},{"damage":1,"enemies":"Chosen","floor":21,"turns":6},{"damage":33,"enemies":"Book of Stabbing","floor":24,"turns":7}],"seed_played":"-5108410649957790039","potions_obtained":[{"floor":1,"key":"Fire Potion"},{"floor":16,"key":"SkillPotion"},{"floor":18,"key":"BlessingOfTheForge"}],"is_trial":false,"path_per_floor":["M","M","$","?","?","E","R","M","T","E","R","?","M","M","R","B",null,"M","?","?","M","T","R","E"],"character_chosen":"DEFECT","items_purchased":["Go for the Eyes"],"campfire_rested":1,"item_purchase_floors":[3],"current_hp_per_floor":[75,75,75,68,53,53,53,53,53,37,37,37,33,19,41,33,75,75,61,22,21,31,31,0,0],"gold":461,"neow_bonus":"THREE_ENEMY_KILL","is_daily":false,"chose_seed":false,"campfire_upgraded":2,"win_rate":0.0,"timestamp":1610861392,"path_taken":["M","M","$","?","?","E","R","M","T","E","R","?","?","M","R","BOSS","M","?","?","M","?","R","E"],"items_purchased_type":["Card"],"build_version":"2020-12-22","purchased_purges":1,"victory":false,"max_hp_per_floor":[75,75,75,75,75,75,75,75,75,75,75,75,75,75,75,75,75,75,80,80,80,90,90,90,90],"card_choices":[{"not_picked":["Turbo","Sweeping Beam"],"picked":"Genetic Algorithm","floor":1},{"not_picked":["Sweeping Beam","Rebound"],"picked":"Gash","floor":2},{"not_picked":["Redo","Creative AI"],"picked":"Defragment","floor":6},{"not_picked":["Fusion","Melter"],"picked":"Coolheaded","floor":8},{"not_picked":["FTL","Ball Lightning"],"picked":"Defragment","floor":10},{"not_picked":["Redo","Genetic Algorithm"],"picked":"Conserve Battery","floor":13},{"not_picked":["Gash","Doom and Gloom"],"picked":"Reinforced Body","floor":14},{"not_picked":["Meteor Strike","Thunder Strike"],"picked":"Electrodynamics","floor":16},{"not_picked":["Genetic Algorithm","Auto Shields","Rebound+1"],"picked":"SKIP","floor":18},{"not_picked":["Hello World","Sweeping Beam"],"picked":"Consume+1","floor":20},{"not_picked":["Redo+1","Beam Cell"],"picked":"Coolheaded+1","floor":21}],"player_experience":136287,"relics_obtained":[{"floor":6,"key":"Girya"},{"floor":9,"key":"PreservedInsect"},{"floor":10,"key":"Lantern"},{"floor":20,"key":"Red Mask"},{"floor":22,"key":"Pear"}],"event_choices":[{"damage_healed":0,"gold_gain":0,"player_choice":"Success","damage_taken":7,"relics_obtained":["Centennial Puzzle"],"max_hp_gain":0,"max_hp_loss":0,"event_name":"Scrap Ooze","floor":4,"gold_loss":0},{"damage_healed":0,"gold_gain":0,"player_choice":"Entered Light","damage_taken":15,"max_hp_gain":0,"max_hp_loss":0,"event_name":"Shining Light","floor":5,"gold_loss":0,"cards_upgraded":["Strike_B","Strike_B"]},{"damage_healed":0,"gold_gain":175,"player_choice":"AGREE","damage_taken":0,"max_hp_gain":0,"max_hp_loss":0,"event_name":"Liars Game","floor":12,"gold_loss":0,"cards_obtained":["Doubt"]},{"damage_healed":0,"gold_gain":0,"player_choice":"Shed Blood","damage_taken":19,"max_hp_gain":5,"max_hp_loss":0,"event_name":"Forgotten Altar","floor":19,"gold_loss":0},{"damage_healed":0,"gold_gain":0,"player_choice":"Fought Bandits","damage_taken":0,"max_hp_gain":0,"max_hp_loss":0,"event_name":"Masked Bandits","floor":20,"gold_loss":0}],"is_beta":false,"boss_relics":[{"not_picked":["Black Star","Runic Pyramid"],"picked":"Empty Cage"}],"items_purged_floors":[3],"is_endless":false,"potions_floor_spawned":[1,16,18],"killed_by":"Book of Stabbing","ascension_level":3}}