{"host":"640uue19m79c7wbt","time":1610852229,"event":{"mods":["BaseMod","Colored Map","Googly Eyes","Highlight Path","Minty Spire (QoL Compilation)","Quick Restart","StSLib"],"gold_per_floor":[114,64,139,139,28,63,63,91,91,111,145,163,163,10,10,108,108,127,127,52,64,28,28,57,57,83,117,117,117,117,133,133,133,133],"floor_reached":33,"language":"ENG","playtime":924,"items_purged":["Strike_G"],"score":577,"play_id":"8ab90d09-cf1f-4ac0-b461-3bbaa7785aac","local_time":"20210116215709","is_ascension_mode":true,"campfire_choices":[{"data":"A Thousand Cuts","floor":7,"key":"SMITH"},{"data":"1","floor":15,"key":"LIFT"},{"data":"Storm of Steel","floor":23,"key":"SMITH"},{"floor":28,"key":"REST"},{"floor":30,"key":"REST"},{"data":"Envenom","floor":32,"key":"SMITH"}],"circlet_count":0,"master_deck":["AscendersBane","Strike_G+1","Strike_G","Defend_G","Defend_G","Defend_G","Defend_G","Survivor","Neutralize","Dagger Spray+1","Dash","A Thousand Cuts+1","Storm of Steel+1","Eviscerate","Tactician","Die Die Die","Accuracy","Cloak And Dagger","Blade Dance","Leg Sweep","Acrobatics","Envenom+1","Blur+1"],"relics":["Ring of the Snake","NeowsBlessing","Pen Nib","Whetstone","Bronze Scales","Girya","Vajra","HoveringKite","PreservedInsect","Juzu Bracelet","Boot","Eternal Feather"],"acts_visited":["Exordium","TheCity"],"potions_floor_usage":[10,11,16,18,24,31],"damage_taken":[{"damage":0,"enemies":"Jaw Worm","floor":1,"turns":1},{"damage":0,"enemies":"Lagavulin","floor":6,"turns":1},{"damage":0,"enemies":"3 Sentries","floor":8,"turns":1},{"damage":0,"enemies":"Small Slimes","floor":10,"turns":1},{"damage":0,"enemies":"Gremlin Nob","floor":11,"turns":2},{"damage":0,"enemies":"2 Louse","floor":12,"turns":1},{"damage":3,"enemies":"Hexaghost","floor":16,"turns":6},{"damage":0,"enemies":"3 Byrds","floor":18,"turns":1},{"damage":3,"enemies":"Spheric Guardian","floor":21,"turns":3},{"damage":35,"enemies":"Gremlin Leader","floor":24,"turns":3},{"damage":14,"enemies":"Book of Stabbing","floor":27,"turns":4},{"damage":14,"enemies":"Snake Plant","floor":31,"turns":4},{"damage":70,"enemies":"Automaton","floor":33,"turns":10}],"seed_played":"-3083755727649469023","potions_obtained":[{"floor":4,"key":"LiquidBronze"},{"floor":4,"key":"DistilledChaos"},{"floor":4,"key":"Strength Potion"},{"floor":10,"key":"DistilledChaos"},{"floor":16,"key":"GamblersBrew"},{"floor":21,"key":"FearPotion"},{"floor":27,"key":"SteroidPotion"}],"is_trial":false,"path_per_floor":["M","?","?","?","$","E","R","E","T","M","E","M","?","$","R","B",null,"M","?","?","M","$","R","E","?","T","E","R","?","R","M","R","B"],"character_chosen":"THE_SILENT","items_purchased":["Dash","Vajra","Leg Sweep"],"campfire_rested":2,"item_purchase_floors":[5,14,22],"current_hp_per_floor":[63,63,52,52,52,52,52,52,52,52,52,52,45,45,45,42,63,63,63,63,60,60,60,25,25,25,11,44,31,65,51,63,0,0],"gold":133,"neow_bonus":"THREE_ENEMY_KILL","is_daily":false,"chose_seed":false,"campfire_upgraded":3,"win_rate":0.0,"timestamp":1610852229,"path_taken":["M","?","?","?","$","E","R","E","T","?","E","M","?","?","R","BOSS","M","?","?","M","$","R","E","?","T","E","R","?","R","M","R","BOSS"],"items_purchased_type":["Card","Relic","Card"],"build_version":"2020-12-22","purchased_purges":1,"victory":false,"max_hp_per_floor":[70,70,70,70,70,70,70,70,70,70,70,70,70,70,70,70,70,70,70,70,70,70,70,70,70,70,70,70,75,75,75,75,75,75],"card_choices":[{"not_picked":["Sucker Punch","Acrobatics"],"picked":"Dagger Spray","floor":1},{"not_picked":["Riddle With Holes","Dagger Spray"],"picked":"A Thousand Cuts","floor":6},{"not_picked":["Acrobatics","Noxious Fumes"],"picked":"Storm of Steel","floor":8},{"not_picked":["Slice","Deflect"],"picked":"Eviscerate","floor":10},{"not_picked":["Deflect","Heel Hook","Storm of Steel"],"picked":"SKIP","floor":11},{"not_picked":["Dodge and Roll","Deflect"],"picked":"Tactician","floor":12},{"not_picked":["Burst","Doppelganger"],"picked":"Die Die Die","floor":16},{"not_picked":["Slice","Dodge and Roll"],"picked":"Accuracy","floor":18},{"not_picked":["PiercingWail","Backflip"],"picked":"Blade Dance","floor":21},{"not_picked":["A Thousand Cuts","Bouncing Flask"],"picked":"Acrobatics","floor":24},{"not_picked":["Flying Knee+1","Deadly Poison+1"],"picked":"Envenom","floor":27},{"not_picked":["Prepared","Backflip"],"picked":"Blur+1","floor":31}],"player_experience":593465,"relics_obtained":[{"floor":6,"key":"Pen Nib"},{"floor":8,"key":"Whetstone"},{"floor":9,"key":"Bronze Scales"},{"floor":11,"key":"Girya"},{"floor":24,"key":"PreservedInsect"},{"floor":26,"key":"Boot"},{"floor":27,"key":"Eternal Feather"}],"event_choices":[{"cards_removed":["Strike_G"],"damage_healed":0,"gold_gain":0,"player_choice":"Card Removal","damage_taken":0,"max_hp_gain":0,"max_hp_loss":0,"event_name":"The Cleric","floor":2,"gold_loss":50},{"damage_healed":0,"gold_gain":75,"player_choice":"Gather Gold","damage_taken":11,"max_hp_gain":0,"max_hp_loss":0,"event_name":"World of Goop","floor":3,"gold_loss":0},{"damage_healed":0,"gold_gain":0,"player_choice":"Got Potions","damage_taken":0,"max_hp_gain":0,"max_hp_loss":0,"event_name":"Lab","floor":4,"gold_loss":0},{"cards_removed":["Strike_G"],"damage_healed":0,"gold_gain":0,"player_choice":"Card Removal","damage_taken":7,"max_hp_gain":0,"max_hp_loss":0,"event_name":"Golden Wing","floor":13,"gold_loss":0},{"damage_healed":0,"gold_gain":0,"player_choice":"Read","damage_taken":0,"max_hp_gain":0,"max_hp_loss":0,"event_name":"The Library","floor":19,"gold_loss":0,"cards_obtained":["Cloak And Dagger"]},{"cards_removed":["Defend_G"],"damage_healed":0,"gold_gain":0,"player_choice":"Gave Gold","damage_taken":0,"max_hp_gain":0,"max_hp_loss":0,"event_name":"Beggar","floor":20,"gold_loss":75},{"damage_healed":0,"gold_gain":0,"player_choice":"Opened","damage_taken":0,"relics_obtained":["Juzu Bracelet"],"max_hp_gain":0,"max_hp_loss":0,"event_name":"The Mausoleum","floor":25,"gold_loss":0},{"damage_healed":0,"gold_gain":0,"player_choice":"Shed Blood","damage_taken":18,"max_hp_gain":5,"max_hp_loss":0,"event_name":"Forgotten Altar","floor":29,"gold_loss":0}],"is_beta":false,"boss_relics":[{"not_picked":["Snecko Eye","Busted Crown"],"picked":"HoveringKite"}],"items_purged_floors":[5],"is_endless":false,"potions_floor_spawned":[6,8,10,16,21,27],"killed_by":"Automaton","ascension_level":11}}