{"host":"qxeepl7ydvsgmfdb","time":1610861778,"event":{"mods":["AchievementEnabler","BaseMod","Colored Powertips","Minty Spire (QoL Compilation)","Quick Restart","slay the spire mod where everything is the same but ironclad has a cowboy hat"],"gold_per_floor":[109,128,53,53,69,97,97,124,169,186,211,72,72,103,103,204,204,214,214,1,17,28,28,38,50,50,66,91,91,91],"floor_reached":29,"language":"ENG","playtime":1045,"items_purged":["Strike_B","Strike_B"],"score":281,"play_id":"1ce18bd7-412b-432d-9635-4a6e848e7566","local_time":"20210117003618","is_ascension_mode":true,"campfire_choices":[{"data":"Rainbow","floor":7.0,"key":"SMITH"},{"floor":15.0,"key":"REST"},{"data":"Defragment","floor":23.0,"key":"SMITH"}],"circlet_count":0,"master_deck":["Strike_B","Strike_B","Defend_B","Defend_B","Zap","Dualcast","Chaos","Sweeping Beam","Leap","Rainbow+1","BootSequence","Defragment+1","Cold Snap+1","Coolheaded","Chaos","White Noise","Ball Lightning+1","Chill"],"relics":["Cracked Core","NeowsBlessing","Molten Egg 2","Anchor","DataDisk","Strawberry","Bottled Flame","Centennial Puzzle","Empty Cage","Bag of Preparation","Runic Capacitor","Shuriken","Red Mask"],"acts_visited":["Exordium","TheCity"],"potions_floor_usage":[29,29],"damage_taken":[{"damage":0.0,"enemies":"Small Slimes","floor":1.0,"turns":1.0},{"damage":0.0,"enemies":"Cultist","floor":2.0,"turns":1.0},{"damage":0.0,"enemies":"2 Louse","floor":5.0,"turns":1.0},{"damage":5.0,"enemies":"Lagavulin","floor":6.0,"turns":6.0},{"damage":7.0,"enemies":"3 Sentries","floor":8.0,"turns":3.0},{"damage":6.0,"enemies":"Looter","floor":10.0,"turns":3.0},{"damage":15.0,"enemies":"Gremlin Nob","floor":11.0,"turns":4.0},{"damage":10.0,"enemies":"3 Sentries","floor":14.0,"turns":7.0},{"damage":17.0,"enemies":"The Guardian","floor":16.0,"turns":9.0},{"damage":2.0,"enemies":"2 Thieves","floor":18.0,"turns":4.0},{"damage":0.0,"enemies":"Chosen","floor":21.0,"turns":4.0},{"damage":5.0,"enemies":"Centurion and Healer","floor":22.0,"turns":6.0},{"damage":8.0,"enemies":"3 Cultists","floor":24.0,"turns":5.0},{"damage":9.0,"enemies":"Snake Plant","floor":25.0,"turns":4.0},{"damage":0.0,"enemies":"Snecko","floor":27.0,"turns":4.0},{"damage":42.0,"enemies":"Masked Bandits","floor":28.0,"turns":4.0},{"damage":17,"enemies":"Gremlin Leader","floor":29,"turns":2}],"seed_played":"8358737742325119358","potions_obtained":[{"floor":2.0,"key":"AttackPotion"},{"floor":4.0,"key":"ColorlessPotion"},{"floor":4.0,"key":"SpeedPotion"},{"floor":10.0,"key":"LiquidMemories"},{"floor":21.0,"key":"EssenceOfSteel"},{"floor":22.0,"key":"Strength Potion"}],"is_trial":false,"path_per_floor":["M","M","$","?","M","E","R","E","T","M","E","$","T","E","R","B",null,"M","?","$","M","M","R","M","M","T","M","?","E"],"character_chosen":"DEFECT","items_purchased":["Defragment","Runic Capacitor","Chaos"],"campfire_rested":1,"item_purchase_floors":[12,20,20],"current_hp_per_floor":[75,75,75,75,75,70,70,63,63,57,49,49,49,39,63,46,82,80,80,80,80,75,75,67,58,58,58,16,0,0],"gold":91,"neow_bonus":"THREE_ENEMY_KILL","is_daily":false,"chose_seed":false,"campfire_upgraded":2,"win_rate":0.0,"timestamp":1610861778,"path_taken":["M","M","$","?","M","E","R","E","T","M","E","$","?","E","R","BOSS","M","?","$","M","M","R","?","M","T","M","?","E"],"items_purchased_type":["Card","Relic","Card"],"build_version":"2020-12-22","purchased_purges":2,"victory":false,"max_hp_per_floor":[75,75,75,75,75,75,75,75,75,75,82,82,82,82,82,82,82,82,82,82,82,82,82,82,82,82,82,82,82,82],"card_choices":[{"not_picked":["Ball Lightning","Go for the Eyes"],"picked":"Chaos","floor":1.0},{"not_picked":["Auto Shields","Compile Driver"],"picked":"Sweeping Beam","floor":2.0},{"not_picked":["Streamline","Conserve Battery"],"picked":"Leap","floor":5.0},{"not_picked":["Steam","Tempest"],"picked":"Rainbow","floor":6.0},{"not_picked":["Loop","Tempest","Blizzard+1"],"picked":"SKIP","floor":8.0},{"not_picked":["Sweeping Beam+1","Streamline+1"],"picked":"BootSequence","floor":10.0},{"not_picked":["Thunder Strike+1","Loop","Streamline+1"],"picked":"SKIP","floor":11.0},{"not_picked":["Core Surge+1","Rebound+1"],"picked":"Cold Snap+1","floor":14.0},{"not_picked":["Steam Power","Genetic Algorithm+1"],"picked":"Coolheaded","floor":18.0},{"not_picked":["Hologram","Turbo","Stack"],"picked":"SKIP","floor":21.0},{"not_picked":["Compile Driver+1","Seek","Rip and Tear+1"],"picked":"SKIP","floor":22.0},{"not_picked":["Stack","Ball Lightning+1"],"picked":"White Noise","floor":24.0},{"not_picked":["Consume","Rip and Tear+1"],"picked":"Ball Lightning+1","floor":25.0},{"not_picked":["Turbo+1","FTL+1","Beam Cell+1"],"picked":"SKIP","floor":27.0},{"not_picked":["Streamline+1","BootSequence"],"picked":"Chill","floor":28.0}],"player_experience":157076,"relics_obtained":[{"floor":6.0,"key":"Molten Egg 2"},{"floor":8.0,"key":"Anchor"},{"floor":9.0,"key":"DataDisk"},{"floor":11.0,"key":"Strawberry"},{"floor":13.0,"key":"Bottled Flame"},{"floor":14.0,"key":"Centennial Puzzle"},{"floor":26.0,"key":"Shuriken"},{"floor":28.0,"key":"Red Mask"}],"event_choices":[{"damage_healed":0.0,"max_hp_gain":0.0,"max_hp_loss":0.0,"gold_gain":0.0,"event_name":"Lab","player_choice":"Got Potions","floor":4.0,"gold_loss":0.0,"damage_taken":0.0},{"damage_healed":0.0,"max_hp_gain":0.0,"max_hp_loss":0.0,"gold_gain":0.0,"event_name":"WeMeetAgain","player_choice":"Gave Potion","floor":19.0,"gold_loss":0.0,"damage_taken":0.0,"relics_obtained":["Bag of Preparation"]},{"damage_healed":0.0,"max_hp_gain":0.0,"max_hp_loss":0.0,"gold_gain":0.0,"event_name":"Masked Bandits","player_choice":"Fought Bandits","floor":28.0,"gold_loss":0.0,"damage_taken":0.0}],"is_beta":false,"boss_relics":[{"not_picked":["Snecko Eye","Astrolabe"],"picked":"Empty Cage"}],"items_purged_floors":[3,12],"is_endless":false,"potions_floor_spawned":[2,5,10,21,22],"killed_by":"Gremlin Leader","ascension_level":2}}