{"host":"g8ufh7m4frdlkxwv","time":1610912497,"event":{"mods":["AchievementEnabler","BaseMod","Colored Map","Dark Map","Minty Spire (QoL Compilation)","Relic Stats","StSLib","ojb\u0027s Info Mod"],"gold_per_floor":[109,109,123,123,139,139,178,328,397,417,417,417,460,485,485,579,579,598,622,325,341,8,8,22,35,62,74,211,223,262,310,322,334,334],"floor_reached":33,"language":"ENG","playtime":1366,"items_purged":["Doubt"],"score":550,"play_id":"dc6dc783-fa17-497a-8d3f-9c728c64dcda","local_time":"20210117204137","is_ascension_mode":true,"campfire_choices":[{"data":"Sucker Punch","floor":6.0,"key":"SMITH"},{"data":"Phantasmal Killer","floor":11.0,"key":"SMITH"},{"data":"Dagger Spray","floor":15.0,"key":"SMITH"},{"data":"Corpse Explosion","floor":23,"key":"SMITH"},{"floor":27,"key":"REST"},{"data":"Cloak And Dagger","floor":29,"key":"SMITH"},{"data":"Terror","floor":32,"key":"SMITH"}],"circlet_count":0,"master_deck":["AscendersBane","Strike_G","Strike_G","Strike_G","Strike_G","Strike_G","Defend_G","Defend_G","Defend_G","Defend_G","Defend_G","Survivor","Neutralize","Dagger Spray","Terror+1","Sucker Punch+1","Phantasmal Killer+1","Dagger Spray+1","Corpse Explosion+1","Slice","PiercingWail+1","Backflip","Infinite Blades+1","Acrobatics+1","Cloak And Dagger+1","Slice"],"relics":["Ring of the Snake","NeowsBlessing","Golden Idol","MealTicket","Pear","GremlinMask","Toy Ornithopter","WristBlade","Bronze Scales","Ornamental Fan","MawBank","FossilizedHelix","Eternal Feather","Snake Skull","Ninja Scroll"],"acts_visited":["Exordium","TheCity"],"potions_floor_usage":[21,21,24,28,28,31],"damage_taken":[{"damage":0.0,"enemies":"Jaw Worm","floor":1.0,"turns":1.0},{"damage":0.0,"enemies":"Small Slimes","floor":3.0,"turns":1.0},{"damage":0.0,"enemies":"Cultist","floor":5.0,"turns":1.0},{"damage":24.0,"enemies":"3 Sentries","floor":7.0,"turns":7.0},{"damage":4.0,"enemies":"Exordium Wildlife","floor":10.0,"turns":5.0},{"damage":20.0,"enemies":"Lagavulin","floor":13.0,"turns":5.0},{"damage":3.0,"enemies":"Looter","floor":14.0,"turns":4.0},{"damage":21.0,"enemies":"Hexaghost","floor":16.0,"turns":9.0},{"damage":45.0,"enemies":"Spheric Guardian","floor":18.0,"turns":7.0},{"damage":7.0,"enemies":"Shell Parasite","floor":19.0,"turns":3.0},{"damage":5,"enemies":"Cultist and Chosen","floor":21,"turns":5},{"damage":7,"enemies":"Snake Plant","floor":24,"turns":4},{"damage":39,"enemies":"Shelled Parasite and Fungi","floor":25,"turns":6},{"damage":18,"enemies":"Colosseum Slavers","floor":28,"turns":2},{"damage":0,"enemies":"Colosseum Nobs","floor":28,"turns":2},{"damage":22,"enemies":"Book of Stabbing","floor":31,"turns":5},{"damage":54,"enemies":"Automaton","floor":33,"turns":6}],"seed_played":"8228130171710503972","potions_obtained":[{"floor":4.0,"key":"PowerPotion"},{"floor":4.0,"key":"Explosive Potion"},{"floor":7.0,"key":"SpeedPotion"},{"floor":10.0,"key":"SteroidPotion"},{"floor":13.0,"key":"AttackPotion"},{"floor":16.0,"key":"BlessingOfTheForge"},{"floor":19.0,"key":"ColorlessPotion"},{"floor":24,"key":"CunningPotion"},{"floor":25,"key":"SteroidPotion"},{"floor":28,"key":"AttackPotion"}],"is_trial":false,"path_per_floor":["M","?","M","?","M","R","E","?","T","M","R","?","E","M","R","B",null,"M","M","$","M","$","R","M","M","T","R","?","R","T","E","R","B"],"character_chosen":"THE_SILENT","items_purchased":["Bronze Scales","AttackPotion","Ornamental Fan","Block Potion"],"campfire_rested":1,"item_purchase_floors":[20,20,22,22],"current_hp_per_floor":[59,59,59,59,59,59,35,35,45,41,41,41,21,18,18,7,54,9,7,22,27,42,42,40,1,1,22,14,29,29,12,27,0,0],"gold":334,"neow_bonus":"THREE_ENEMY_KILL","is_daily":false,"chose_seed":false,"campfire_upgraded":6,"win_rate":0.0,"timestamp":1610912497,"path_taken":["M","?","M","?","?","R","E","?","T","M","R","?","E","M","R","BOSS","M","?","$","M","?","R","M","M","T","R","?","R","?","E","R","BOSS"],"items_purchased_type":["Relic","Potion","Relic","Potion"],"build_version":"2020-12-22","purchased_purges":1,"victory":false,"max_hp_per_floor":[66,60,60,60,60,60,60,60,70,70,70,70,70,70,70,70,70,70,70,70,70,70,70,70,70,70,70,70,70,70,70,70,70,70],"relic_stats":{"counters":[17,73],"Golden Idol":101,"Ornamental Fan":[52],"Bronze Scales":[104],"MealTicket":30,"Eternal Feather":30,"Snake Skull":[1],"MawBank":84,"obtain_stats":[{"Pear":9,"NeowsBlessing":0,"Golden Idol":2,"GremlinMask":12,"Eternal Feather":28,"Snake Skull":30,"MawBank":26,"WristBlade":17,"Ornamental Fan":22,"Ninja Scroll":31,"Bronze Scales":20,"MealTicket":7,"Toy Ornithopter":13,"FossilizedHelix":28,"Ring of the Snake":0},{"Pear":4,"NeowsBlessing":0,"Golden Idol":1,"GremlinMask":5,"Eternal Feather":15,"Snake Skull":15,"MawBank":13,"WristBlade":8,"Ornamental Fan":11,"Ninja Scroll":16,"Bronze Scales":10,"MealTicket":4,"Toy Ornithopter":6,"FossilizedHelix":15,"Ring of the Snake":0},{"Pear":10,"NeowsBlessing":0,"Golden Idol":1,"GremlinMask":15,"Eternal Feather":62,"Snake Skull":62,"MawBank":58,"WristBlade":33,"Ornamental Fan":48,"Ninja Scroll":67,"Bronze Scales":43,"MealTicket":10,"Toy Ornithopter":20,"FossilizedHelix":62,"Ring of the Snake":0}],"Toy Ornithopter":45,"Ring of the Snake":[34]},"card_choices":[{"not_picked":["Outmaneuver","Flying Knee"],"picked":"Dagger Spray","floor":1.0},{"not_picked":["Tactician","Dodge and Roll"],"picked":"Terror","floor":3.0},{"not_picked":["Deadly Poison","Well Laid Plans"],"picked":"Sucker Punch","floor":5.0},{"not_picked":["Catalyst","Dagger Spray"],"picked":"Phantasmal Killer","floor":7.0},{"not_picked":["Outmaneuver","Finisher","Acrobatics"],"picked":"SKIP","floor":10.0},{"not_picked":["Terror","Outmaneuver"],"picked":"Dagger Spray","floor":13.0},{"not_picked":["Masterful Stab","Underhanded Strike","Setup"],"picked":"SKIP","floor":14.0},{"not_picked":["A Thousand Cuts","Grand Finale"],"picked":"Corpse Explosion","floor":16.0},{"not_picked":["Catalyst+1","Dodge and Roll"],"picked":"Slice","floor":18.0},{"not_picked":["Deflect","All Out Attack"],"picked":"PiercingWail+1","floor":19.0},{"not_picked":["Dagger Throw","Deflect"],"picked":"Backflip","floor":21},{"not_picked":["Outmaneuver+1","Flying Knee"],"picked":"Infinite Blades+1","floor":24},{"not_picked":["Eviscerate","Quick Slash"],"picked":"Acrobatics+1","floor":25},{"not_picked":["Underhanded Strike+1","Night Terror"],"picked":"Cloak And Dagger","floor":28},{"not_picked":["Backflip","Dagger Throw"],"picked":"Slice","floor":31}],"player_experience":1042534,"relics_obtained":[{"floor":7.0,"key":"MealTicket"},{"floor":9.0,"key":"Pear"},{"floor":13.0,"key":"Toy Ornithopter"},{"floor":26,"key":"MawBank"},{"floor":28,"key":"FossilizedHelix"},{"floor":28,"key":"Eternal Feather"},{"floor":30,"key":"Snake Skull"},{"floor":31,"key":"Ninja Scroll"}],"event_choices":[{"damage_healed":0.0,"max_hp_gain":0.0,"max_hp_loss":6.0,"gold_gain":0.0,"event_name":"Golden Idol","player_choice":"Lose Max HP","floor":2.0,"gold_loss":0.0,"damage_taken":0.0,"relics_obtained":["Golden Idol"]},{"damage_healed":0.0,"max_hp_gain":0.0,"max_hp_loss":0.0,"gold_gain":0.0,"event_name":"Lab","player_choice":"Got Potions","floor":4.0,"gold_loss":0.0,"damage_taken":0.0},{"damage_healed":0.0,"max_hp_gain":0.0,"max_hp_loss":0.0,"gold_gain":150.0,"event_name":"Liars Game","player_choice":"AGREE","floor":8.0,"gold_loss":0.0,"damage_taken":0.0,"cards_obtained":["Doubt"]},{"damage_healed":0.0,"max_hp_gain":0.0,"max_hp_loss":0.0,"gold_gain":0.0,"event_name":"FaceTrader","player_choice":"Trade","floor":12.0,"gold_loss":0.0,"damage_taken":0.0,"relics_obtained":["GremlinMask"]},{"damage_healed":0,"gold_gain":0,"player_choice":"Fight","damage_taken":0,"max_hp_gain":0,"max_hp_loss":0,"event_name":"Colosseum","floor":28,"gold_loss":0},{"damage_healed":0,"gold_gain":0,"player_choice":"Fought Nobs","damage_taken":0,"max_hp_gain":0,"max_hp_loss":0,"event_name":"Colosseum","floor":28,"gold_loss":0}],"is_beta":false,"boss_relics":[{"not_picked":["SlaversCollar","Busted Crown"],"picked":"WristBlade"}],"items_purged_floors":[20],"is_endless":false,"potions_floor_spawned":[7,10,13,16,19,24,25,28],"killed_by":"Automaton","ascension_level":20}}