{"host":"q6ff4ns2kep02ti6","time":1610918678,"event":{"mods":["AchievementEnabler","BaseMod","Minty Spire (QoL Compilation)","Relic Stats","StSLib","Unceasing Turn Reminder"],"gold_per_floor":[116,129,147,158,108,108,127,159,159,192,211,222,222,265,265,396,396,409,42,42,141,161,195,195,239,262,262,296,296,32,51,51,179,179,203,222,240,166,166,207,228,267,267,311,311,311,325,184,184,184,184,184,70,104,104],"floor_reached":56,"language":"ENG","playtime":5079,"items_purged":["Strike_B","Zap","Electrodynamics"],"score":1966,"play_id":"0bb319df-c459-44a5-b85f-ed7af2bce52a","local_time":"20210117222438","is_ascension_mode":true,"campfire_choices":[{"data":"Dualcast","floor":6,"key":"SMITH"},{"data":"Biased Cognition","floor":15,"key":"SMITH"},{"data":"Dark Shackles","floor":24,"key":"SMITH"},{"floor":27,"key":"REST"},{"floor":32,"key":"REST"},{"floor":46,"key":"RECALL"},{"data":"Buffer","floor":49,"key":"SMITH"},{"data":"Electrodynamics","floor":52,"key":"SMITH"}],"circlet_count":0,"master_deck":["Dualcast+1","Dark Shackles+1","Ball Lightning+1","Cold Snap","Conserve Battery","Rainbow+1","Compile Driver+1","Steam Power+1","Biased Cognition+1","Aggregate+1","Genetic Algorithm+1","Tempest+1","Coolheaded+1","Electrodynamics+1","Buffer+1","Undo+1","Fission+1","Fission+1","Barrage+1","Auto Shields+1","Creative AI+1","Reinforced Body+1","Fusion+1","Madness+1","Madness+1","Skim+1","Master of Strategy+1","Panache","Lockon"],"relics":["Cracked Core","Oddly Smooth Stone","Mercury Hourglass","Toxic Egg 2","Golden Idol","Boot","Empty Cage","Strange Spoon","Whetstone","Omamori","Incense Burner","InkBottle","Bag of Preparation","Regal Pillow","Membership Card","Astrolabe","Bronze Scales","Eternal Feather","Bottled Lightning","Strawberry","Pear"],"acts_visited":["Exordium","TheCity","TheBeyond","TheEnding"],"potions_floor_usage":[8,14,17,22,25,40,42,55,55],"damage_taken":[{"damage":1,"enemies":"Cultist","floor":1,"turns":3},{"damage":0,"enemies":"Small Slimes","floor":2,"turns":2},{"damage":0,"enemies":"2 Louse","floor":3,"turns":2},{"damage":9,"enemies":"2 Fungi Beasts","floor":4,"turns":3},{"damage":1,"enemies":"Looter","floor":7,"turns":4},{"damage":1,"enemies":"3 Sentries","floor":8,"turns":7},{"damage":10,"enemies":"Lagavulin","floor":10,"turns":7},{"damage":0,"enemies":"Blue Slaver","floor":11,"turns":2},{"damage":1,"enemies":"Exordium Wildlife","floor":12,"turns":3},{"damage":8,"enemies":"3 Sentries","floor":14,"turns":3},{"damage":27,"enemies":"Hexaghost","floor":16,"turns":9},{"damage":6,"enemies":"Shell Parasite","floor":18,"turns":4},{"damage":0,"enemies":"3 Byrds","floor":22,"turns":2},{"damage":14,"enemies":"Book of Stabbing","floor":23,"turns":4},{"damage":17,"enemies":"Slavers","floor":25,"turns":4},{"damage":0,"enemies":"Book of Stabbing","floor":28,"turns":3},{"damage":6,"enemies":"Sentry and Sphere","floor":31,"turns":4},{"damage":3,"enemies":"Champ","floor":33,"turns":13},{"damage":0,"enemies":"3 Darklings","floor":35,"turns":2},{"damage":0,"enemies":"3 Shapes","floor":36,"turns":1},{"damage":0,"enemies":"Writhing Mass","floor":37,"turns":5},{"damage":0,"enemies":"Reptomancer","floor":40,"turns":3},{"damage":0,"enemies":"Transient","floor":41,"turns":5},{"damage":0,"enemies":"Nemesis","floor":42,"turns":3},{"damage":0,"enemies":"Giant Head","floor":44,"turns":6},{"damage":0,"enemies":"Maw","floor":47,"turns":4},{"damage":0,"enemies":"Time Eater","floor":50,"turns":13},{"damage":0,"enemies":"Shield and Spear","floor":54,"turns":4},{"damage":79,"enemies":"The Heart","floor":55,"turns":8}],"seed_played":"5861722650817563662","potions_obtained":[{"floor":1,"key":"Fire Potion"},{"floor":4,"key":"Fruit Juice"},{"floor":10,"key":"SteroidPotion"},{"floor":12,"key":"Explosive Potion"},{"floor":23,"key":"Energy Potion"},{"floor":33,"key":"Energy Potion"},{"floor":35,"key":"BlessingOfTheForge"},{"floor":41,"key":"Dexterity Potion"},{"floor":47,"key":"Explosive Potion"}],"is_trial":false,"path_per_floor":["M","M","M","M","?","R","M","E","T","E","M","M","?","E","R","B",null,"M","$","?","?","M","E","R","E","T","R","E","?","$","M","R","B",null,"M","M","M","$","?","E","M","E","T","E","?","R","M","$","R","B",null,"R","$","E","B",null],"character_chosen":"DEFECT","items_purchased":["Strange Spoon","Whetstone","Membership Card","Energy Potion","Undo+1","Bronze Scales","Strawberry","Panache","PowerPotion"],"campfire_rested":2,"item_purchase_floors":[19,19,30,30,30,38,48,53,53],"current_hp_per_floor":[67,67,67,58,58,58,57,56,56,46,46,45,45,37,37,10,59,53,53,53,53,53,39,39,22,22,44,44,44,44,38,74,71,73,73,73,73,73,64,64,64,64,64,64,54,69,69,76,81,81,81,81,81,91,12],"gold":104,"neow_bonus":"RANDOM_COLORLESS","is_daily":false,"chose_seed":false,"campfire_upgraded":5,"win_rate":0.0,"timestamp":1610918678,"path_taken":["M","M","M","M","?","R","M","E","T","E","M","M","?","E","R","BOSS","M","$","?","?","M","E","R","E","T","R","E","?","$","M","R","BOSS","M","M","M","$","?","E","M","E","T","E","?","R","M","$","R","BOSS","R","$","E","BOSS"],"items_purchased_type":["Relic","Relic","Relic","Potion","Card","Relic","Relic","Card","Potion"],"build_version":"2020-12-22","purchased_purges":3,"victory":true,"max_hp_per_floor":[75,75,75,75,75,75,75,75,75,75,75,75,69,69,69,69,74,74,74,74,74,74,74,74,74,74,74,74,74,74,74,74,74,74,74,74,74,74,74,74,74,74,74,74,74,74,74,81,81,81,81,81,81,91,91],"relic_stats":{"Regal Pillow":14,"counters":[29,132],"Golden Idol":199,"Astrolabe":["Barrage","Auto Shields","Creative AI"],"Eternal Feather":20,"Bag of Preparation":[28],"Whetstone":["Compile Driver","Ball Lightning"],"Boot":[28],"Mercury Hourglass":[336],"Strange Spoon":[68],"Bronze Scales":[204],"obtain_stats":[{"Regal Pillow":28,"Pear":54,"Golden Idol":13,"Astrolabe":34,"Oddly Smooth Stone":8,"Eternal Feather":42,"Omamori":20,"Incense Burner":23,"Bag of Preparation":26,"Whetstone":19,"Boot":14,"Empty Cage":17,"Mercury Hourglass":9,"Strange Spoon":19,"Bronze Scales":38,"Strawberry":48,"Membership Card":30,"Bottled Lightning":44,"Toxic Egg 2":10,"Cracked Core":0,"InkBottle":25},{"Regal Pillow":16,"Pear":28,"Golden Idol":9,"Astrolabe":18,"Oddly Smooth Stone":6,"Eternal Feather":24,"Omamori":12,"Incense Burner":14,"Bag of Preparation":15,"Whetstone":12,"Boot":10,"Empty Cage":11,"Mercury Hourglass":6,"Strange Spoon":12,"Bronze Scales":21,"Strawberry":26,"Membership Card":16,"Bottled Lightning":25,"Toxic Egg 2":7,"Cracked Core":0,"InkBottle":15},{"Regal Pillow":62,"Pear":124,"Golden Idol":33,"Astrolabe":79,"Oddly Smooth Stone":21,"Eternal Feather":98,"Omamori":49,"Incense Burner":55,"Bag of Preparation":59,"Whetstone":49,"Boot":36,"Empty Cage":45,"Mercury Hourglass":21,"Strange Spoon":49,"Bronze Scales":87,"Strawberry":108,"Membership Card":62,"Bottled Lightning":104,"Toxic Egg 2":28,"Cracked Core":0,"InkBottle":59}],"InkBottle":[45]},"card_choices":[{"not_picked":["Forethought","Finesse"],"picked":"Dark Shackles","floor":0},{"not_picked":["Reinforced Body","Capacitor"],"picked":"Ball Lightning","floor":1},{"not_picked":["Steam","Barrage"],"picked":"Cold Snap","floor":2},{"not_picked":["Gash","Loop"],"picked":"Conserve Battery","floor":3},{"not_picked":["Rip and Tear","Storm","FTL"],"picked":"SKIP","floor":4},{"not_picked":["Aggregate","Streamline"],"picked":"Sweeping Beam","floor":7},{"not_picked":["Rebound","Go for the Eyes","Fusion"],"picked":"SKIP","floor":8},{"not_picked":["Self Repair","Compile Driver"],"picked":"Rainbow+1","floor":10},{"not_picked":["Ball Lightning","Leap+1"],"picked":"Compile Driver","floor":11},{"not_picked":["Compile Driver","Creative AI"],"picked":"Steam Power+1","floor":12},{"not_picked":["Loop","Turbo+1"],"picked":"Biased Cognition","floor":14},{"not_picked":["Rainbow+1","Machine Learning"],"picked":"Electrodynamics","floor":16},{"not_picked":["Compile Driver","Leap+1"],"picked":"Aggregate+1","floor":18},{"not_picked":["Self Repair","Beam Cell+1"],"picked":"Genetic Algorithm+1","floor":22},{"not_picked":["Go for the Eyes+1","Rip and Tear","Barrage+1"],"picked":"SKIP","floor":23},{"not_picked":["Reprogram+1","Blizzard"],"picked":"Tempest+1","floor":25},{"not_picked":["Go for the Eyes+1","Gash+1"],"picked":"Coolheaded+1","floor":28},{"not_picked":["Steam+1","Sweeping Beam"],"picked":"Fission+1","floor":31},{"not_picked":["Meteor Strike","Hyperbeam"],"picked":"Fission+1","floor":33},{"not_picked":["Ball Lightning","Beam Cell+1"],"picked":"Reinforced Body+1","floor":35},{"not_picked":["Compile Driver","Turbo+1","Auto Shields+1"],"picked":"SKIP","floor":36},{"not_picked":["Hologram+1","Conserve Battery+1"],"picked":"Fusion+1","floor":37},{"not_picked":["Stack+1","Conserve Battery+1","Barrage+1"],"picked":"SKIP","floor":40},{"not_picked":["White Noise+1","Hyperbeam","Go for the Eyes+1"],"picked":"SKIP","floor":41},{"not_picked":["Gash+1","Rip and Tear"],"picked":"Skim+1","floor":42},{"not_picked":["Leap+1","Cold Snap+1","Go for the Eyes+1"],"picked":"SKIP","floor":44},{"not_picked":["Magnetism","Purity+1"],"picked":"Master of Strategy+1","floor":45},{"not_picked":["Leap+1","Reprogram+1","Darkness+1"],"picked":"SKIP","floor":47},{"not_picked":["Gash","Consume+1"],"picked":"Lockon","floor":54}],"player_experience":974775,"relics_obtained":[{"floor":8,"key":"Oddly Smooth Stone"},{"floor":9,"key":"Mercury Hourglass"},{"floor":10,"key":"Toxic Egg 2"},{"floor":14,"key":"Boot"},{"floor":23,"key":"Incense Burner"},{"floor":25,"key":"InkBottle"},{"floor":26,"key":"Bag of Preparation"},{"floor":28,"key":"Regal Pillow"},{"floor":42,"key":"Eternal Feather"},{"floor":44,"key":"Bottled Lightning"},{"floor":54,"key":"Pear"}],"event_choices":[{"cards_removed":["Strike_B"],"damage_healed":0,"gold_gain":0,"player_choice":"Card Removal","damage_taken":0,"max_hp_gain":0,"max_hp_loss":0,"event_name":"The Cleric","floor":5,"gold_loss":50},{"damage_healed":0,"gold_gain":0,"player_choice":"Lose Max HP","damage_taken":0,"relics_obtained":["Golden Idol"],"max_hp_gain":0,"max_hp_loss":6,"event_name":"Golden Idol","floor":13,"gold_loss":0},{"damage_healed":0,"gold_gain":0,"player_choice":"Opened","damage_taken":0,"relics_obtained":["Omamori"],"max_hp_gain":0,"max_hp_loss":0,"event_name":"The Mausoleum","floor":20,"gold_loss":0},{"damage_healed":0,"gold_gain":99,"player_choice":"Stole From Cult","damage_taken":0,"max_hp_gain":0,"max_hp_loss":0,"event_name":"Nest","floor":21,"gold_loss":0},{"damage_healed":0,"gold_gain":0,"cards_transformed":["Strike_B","Defend_B"],"player_choice":"Became Test Subject","damage_taken":0,"max_hp_gain":0,"max_hp_loss":0,"event_name":"Drug Dealer","floor":29,"gold_loss":0,"cards_obtained":["Electrodynamics","Buffer"]},{"damage_healed":0,"gold_gain":0,"player_choice":"Embrace Madness","damage_taken":9,"max_hp_gain":0,"max_hp_loss":0,"event_name":"Winding Halls","floor":39,"gold_loss":0,"cards_obtained":["Madness","Madness"]},{"damage_healed":0,"gold_gain":0,"player_choice":"Memory 3","damage_taken":10,"max_hp_gain":0,"max_hp_loss":0,"event_name":"SensoryStone","floor":45,"gold_loss":0}],"is_beta":false,"boss_relics":[{"not_picked":["Velvet Choker","Fusion Hammer"],"picked":"Empty Cage"},{"not_picked":["Philosopher\u0027s Stone","Runic Dome"],"picked":"Astrolabe"}],"items_purged_floors":[19,30,48],"is_endless":false,"potions_floor_spawned":[1,4,10,12,23,33,35,37,41,47],"ascension_level":8}}