{"host":"farxtl2u8hmkbdo2","time":1610912829,"event":{"mods":["A Magickal Journey","BaseMod","Challenge The Spire","Colored Map","Colored Powertips","Current Relic Mod","Energized Spire","Gremlin Mod","Hubris","Mimic Mod","Minty Spire (QoL Compilation)","Quick Restart","READ ME - Guardian Mod","READ ME - Snecko Mod","StSLib","The Bladedancer","The Bug Knight","The Disciple","The Elementalist","The Factory","The Necromancer","The Runesmith"],"gold_per_floor":[119,119,135,154,167,192,192,206,233,233,246,246,264,294,294,399,399,409,419,435,452,464,464,497,497,497,513,513,527,559,592,592,592,592],"floor_reached":33,"language":"SPA","playtime":2146,"items_purged":[],"score":328,"play_id":"d5661ead-0910-4c44-a607-8b57c3b201ed","local_time":"20210117164709","is_ascension_mode":false,"campfire_choices":[{"data":"HollowMod:AbyssShriek","floor":7,"key":"SMITH"},{"data":"HollowMod:GreatSlash","floor":15,"key":"SMITH"},{"data":"HollowMod:HornetsHelp","floor":23,"key":"SMITH"},{"data":"HollowMod:SlysStrikes","floor":25,"key":"SMITH"},{"data":"HollowMod:MantisMark","floor":28,"key":"SMITH"},{"data":"HollowMod:ShadowDash","floor":32,"key":"SMITH"}],"circlet_count":0,"master_deck":["HollowMod:NailStrikeStart+1","HollowMod:NailStrikeStart","HollowMod:NailStrikeStart","HollowMod:NailStrikeStart","HollowMod:QuickDashStart","HollowMod:QuickDashStart","HollowMod:QuickDashStart","HollowMod:FocusHealStart","HollowMod:PogoStrike","HollowMod:GreatSlash+1","HollowMod:AbyssShriek+1","HollowMod:VengefulVoid","HollowMod:CrystalDash","HollowMod:DoubleDash","HollowMod:BlackTendrils+1","HollowMod:SiblingsShadow","HollowMod:ZotesMagnificence","HollowMod:ShadowDash+1","HollowMod:HornetsHelp+1","CurseOfTheBell","HollowMod:BlackTendrils+1","HollowMod:CloakDash","HollowMod:BlackTendrils","HollowMod:WraithStrike+1","HollowMod:LifebloodCocoon+1","HollowMod:SlysStrikes+1","HollowMod:MantisMark+1","HollowMod:AbyssShriek","HollowMod:SharpenedNail+1"],"relics":["HollowMod:VesselMask","Potion Belt","Smiling Mask","Tiny Chest","Calling Bell","Toy Ornithopter","Runesmith:Nanobots","Ginger","Ice Cream","Eternal Feather","Whetstone","Red Mask"],"acts_visited":["Exordium","TheCity"],"potions_floor_usage":[6,6,13,14,14,14,16,21,24,24,29,30],"damage_taken":[{"damage":0,"enemies":"Small Slimes","floor":1,"turns":3},{"damage":5,"enemies":"2 Louse","floor":3,"turns":3},{"damage":2,"enemies":"Cultist","floor":4,"turns":3},{"damage":3,"enemies":"Looter","floor":5,"turns":4},{"damage":13,"enemies":"Gremlin Nob","floor":6,"turns":3},{"damage":5,"enemies":"Red Slaver","floor":8,"turns":3},{"damage":10,"enemies":"Large Slime","floor":11,"turns":6},{"damage":7,"enemies":"Exordium Thugs","floor":13,"turns":3},{"damage":6,"enemies":"3 Sentries","floor":14,"turns":5},{"damage":54,"enemies":"HollowMod:FalseKnight","floor":16,"turns":10},{"damage":4,"enemies":"3 Byrds","floor":18,"turns":4},{"damage":29,"enemies":"Shell Parasite","floor":19,"turns":10},{"damage":15,"enemies":"Snake Plant","floor":20,"turns":3},{"damage":9,"enemies":"3 Cultists","floor":21,"turns":3},{"damage":10,"enemies":"Cultist and Chosen","floor":22,"turns":5},{"damage":52,"enemies":"Slavers","floor":24,"turns":5},{"damage":9,"enemies":"Snecko","floor":27,"turns":5},{"damage":28,"enemies":"Centurion and Healer","floor":29,"turns":6},{"damage":18,"enemies":"Book of Stabbing","floor":30,"turns":6},{"damage":0,"enemies":"Masked Bandits","floor":31,"turns":2},{"damage":100,"enemies":"Champ","floor":33,"turns":9}],"seed_played":"1631648477616412995","potions_obtained":[{"floor":1,"key":"Weak Potion"},{"floor":4,"key":"BlessingOfTheForge"},{"floor":11,"key":"Fruit Juice"},{"floor":12,"key":"Explosive Potion"},{"floor":12,"key":"Regen Potion"},{"floor":12,"key":"Explosive Potion"},{"floor":14,"key":"SpeedPotion"},{"floor":16,"key":"Ancient Potion"},{"floor":19,"key":"FearPotion"},{"floor":20,"key":"Regen Potion"},{"floor":24,"key":"Fire Potion"},{"floor":27,"key":"ColorlessPotion"},{"floor":29,"key":"Dexterity Potion"}],"is_trial":false,"path_per_floor":["M","?","M","M","M","E","R","M","T","?","M","?","M","E","R","B",null,"M","M","M","M","M","R","E","R","T","M","R","M","E","?","R","B"],"character_chosen":"THE_BUGKNIGHT","items_purchased":[],"campfire_rested":0,"item_purchase_floors":[],"current_hp_per_floor":[82,87,87,85,82,69,69,64,64,64,56,56,56,69,69,26,92,91,76,69,81,78,78,42,42,42,41,56,35,38,41,56,0,0],"gold":592,"neow_bonus":"TEN_PERCENT_HP_BONUS","is_daily":false,"chose_seed":false,"campfire_upgraded":6,"win_rate":0.0,"timestamp":1610912829,"path_taken":["M","?","M","M","M","E","R","M","T","?","?","?","?","E","R","BOSS","M","M","M","M","M","R","E","R","T","M","R","M","E","?","R","BOSS"],"items_purchased_type":[],"build_version":"2020-12-22","purchased_purges":0,"victory":false,"max_hp_per_floor":[82,87,87,87,87,87,87,87,87,87,87,87,92,92,92,92,92,92,92,92,92,92,92,92,92,92,92,92,92,92,92,92,92,92],"card_choices":[{"not_picked":["HollowMod:SharpenedNail","HollowMod:SoulStrike"],"picked":"HollowMod:GreatSlash","floor":1},{"not_picked":["HollowMod:ShadowDash","HollowMod:DreamGate"],"picked":"HollowMod:AbyssShriek","floor":3},{"not_picked":["HollowMod:ShadowDash","HollowMod:FallenFury"],"picked":"HollowMod:VengefulVoid","floor":4},{"not_picked":["HollowMod:TaintedHusks","HollowMod:DreamGate"],"picked":"HollowMod:CrystalDash","floor":5},{"not_picked":["HollowMod:NewGlowingWomb","HollowMod:HeavyBlow"],"picked":"HollowMod:DoubleDash","floor":6},{"not_picked":["HollowMod:NewGlowingWomb","HollowMod:GoodIntentions","HollowMod:SoulVessel"],"picked":"SKIP","floor":8},{"not_picked":["HollowMod:ChannelNail","HollowMod:HeavyBlow"],"picked":"HollowMod:SiblingsShadow","floor":11},{"not_picked":["HollowMod:VengefulSpirit","HollowMod:CornifersMapStart"],"picked":"HollowMod:ZotesMagnificence","floor":13},{"not_picked":["HollowMod:FallenFury","HollowMod:ChannelNail"],"picked":"HollowMod:ShadowDash","floor":14},{"not_picked":["HollowMod:LifebloodCore","HollowMod:MidwifesHunger"],"picked":"HollowMod:HornetsHelp","floor":16},{"not_picked":["HollowMod:NewLittleFool","HollowMod:DoubleDash+1"],"picked":"HollowMod:BlackTendrils+1","floor":18},{"not_picked":["HollowMod:AbyssShriek","HollowMod:SharpenedShadows"],"picked":"HollowMod:CloakDash","floor":19},{"not_picked":["HollowMod:ShadowDash","HollowMod:InfectionAssault"],"picked":"HollowMod:BlackTendrils","floor":20},{"not_picked":["HollowMod:InfectionAssault","HollowMod:CloakDash+1"],"picked":"HollowMod:WraithStrike+1","floor":21},{"not_picked":["HollowMod:CornifersMapStart","HollowMod:SoulShaman+1"],"picked":"HollowMod:LifebloodCocoon+1","floor":22},{"not_picked":["HollowMod:WraithStrike","HollowMod:SoulSplash"],"picked":"HollowMod:SlysStrikes","floor":24},{"not_picked":["HollowMod:InfectedCysts","HollowMod:GoodIntentions+1"],"picked":"HollowMod:MantisMark","floor":27},{"not_picked":["HollowMod:MawleksShell","HollowMod:MonarchWings","HollowMod:SoulSplash"],"picked":"SKIP","floor":29},{"not_picked":["HollowMod:NewInfectedGuardian","HollowMod:HowlingWraiths+1"],"picked":"HollowMod:AbyssShriek","floor":30},{"not_picked":["HollowMod:PureNailStrike","HollowMod:InfectedAttack"],"picked":"HollowMod:SharpenedNail+1","floor":31}],"player_experience":1853771,"relics_obtained":[{"floor":6,"key":"Potion Belt"},{"floor":9,"key":"Smiling Mask"},{"floor":14,"key":"Tiny Chest"},{"floor":17,"key":"Toy Ornithopter"},{"floor":17,"key":"Runesmith:Nanobots"},{"floor":17,"key":"Ginger"},{"floor":24,"key":"Ice Cream"},{"floor":26,"key":"Eternal Feather"},{"floor":30,"key":"Whetstone"},{"floor":31,"key":"Red Mask"}],"event_choices":[{"damage_healed":0,"gold_gain":0,"player_choice":"Donut","damage_taken":0,"max_hp_gain":5,"max_hp_loss":0,"event_name":"Big Fish","floor":2,"gold_loss":0},{"damage_healed":0,"gold_gain":0,"cards_transformed":["HollowMod:QuickDashStart"],"player_choice":"Transformed","damage_taken":0,"max_hp_gain":0,"max_hp_loss":0,"event_name":"Transmorgrifier","floor":10,"gold_loss":0,"cards_obtained":["HollowMod:BlackTendrils"]},{"damage_healed":0,"gold_gain":0,"player_choice":"Got Potions","damage_taken":0,"max_hp_gain":0,"max_hp_loss":0,"event_name":"Lab","floor":12,"gold_loss":0},{"damage_healed":0,"gold_gain":0,"player_choice":"Fought Bandits","damage_taken":0,"max_hp_gain":0,"max_hp_loss":0,"event_name":"Masked Bandits","floor":31,"gold_loss":0}],"is_beta":false,"boss_relics":[{"not_picked":["energizedSpire:DeadBattery","energizedSpire:MagnifyingGlass"],"picked":"Calling Bell"}],"items_purged_floors":[],"is_endless":false,"potions_floor_spawned":[1,4,11,14,16,19,20,24,27,29],"killed_by":"Champ","ascension_level":0}}