{"host":"1a3cjta80tad0aqj","time":1610890760,"event":{"mods":["2.2 Compatiblity","AchievementEnabler","BaseMod","Colored Map","DeckTracker","KOR Keyword Fix","Keyboard Shortcuts","Minty Spire (QoL Compilation)","Permanent Neow","Quick Restart","Random Character Button","StSLib","SuperFastMode","everything is the same but u backflip on backflip"],"gold_per_floor":[111,126,106,31,42,67,79,79,160,160,195,206,226,242,242,338,388,405,405,305,322,50,50,63,63,86,99,99,99],"floor_reached":28,"language":"KOR","playtime":1156,"items_purged":["Strike_P","Defend_P","Strike_P"],"score":360,"play_id":"72003afd-6627-402a-bf9c-bce5b397b292","local_time":"20210117223920","is_ascension_mode":true,"campfire_choices":[{"floor":8,"key":"REST"},{"data":"EmptyBody","floor":10,"key":"SMITH"},{"data":"BowlingBash","floor":15,"key":"SMITH"},{"data":"Blasphemy","floor":23,"key":"SMITH"},{"data":"LessonLearned","floor":25,"key":"SMITH"}],"circlet_count":0,"master_deck":["AscendersBane","Strike_P+1","Strike_P","Defend_P","Defend_P","Defend_P","Eruption+1","Vigilance","SashWhip+1","EmptyBody+1","DeusExMachina","BowlingBash+1","EmptyFist","Halt","InnerPeace","Blasphemy+1","CutThroughFate","Eruption+1","FearNoEvil","LessonLearned+1"],"relics":["PureWater","Thread and Needle","StrikeDummy","Akabeko","Tiny House","Happy Flower","Bronze Scales"],"acts_visited":["Exordium","TheCity"],"potions_floor_usage":[6,6,16,21],"damage_taken":[{"damage":4,"enemies":"2 Louse","floor":1,"turns":2},{"damage":0,"enemies":"Cultist","floor":2,"turns":2},{"damage":18,"enemies":"Small Slimes","floor":5,"turns":4},{"damage":25,"enemies":"3 Sentries","floor":6,"turns":11},{"damage":1,"enemies":"Blue Slaver","floor":7,"turns":5},{"damage":3,"enemies":"Lagavulin","floor":11,"turns":8},{"damage":0,"enemies":"Exordium Thugs","floor":12,"turns":5},{"damage":0,"enemies":"2 Fungi Beasts","floor":13,"turns":2},{"damage":0,"enemies":"Looter","floor":14,"turns":3},{"damage":4,"enemies":"Slime Boss","floor":16,"turns":8},{"damage":0,"enemies":"Spheric Guardian","floor":18,"turns":3},{"damage":7,"enemies":"2 Thieves","floor":21,"turns":4},{"damage":10,"enemies":"Shelled Parasite and Fungi","floor":24,"turns":4},{"damage":0,"enemies":"3 Cultists","floor":27,"turns":3},{"damage":44,"enemies":"Slavers","floor":28,"turns":4}],"seed_played":"1415544920574905478","potions_obtained":[{"floor":1,"key":"EssenceOfSteel"},{"floor":2,"key":"Fire Potion"},{"floor":5,"key":"Block Potion"},{"floor":11,"key":"Energy Potion"},{"floor":12,"key":"ColorlessPotion"},{"floor":17,"key":"AttackPotion"},{"floor":21,"key":"ColorlessPotion"},{"floor":24,"key":"SkillPotion"},{"floor":27,"key":"Ancient Potion"}],"is_trial":false,"path_per_floor":["M","M","?","$","M","E","M","R","T","R","E","M","M","M","R","B",null,"M","?","$","M","$","R","M","R","T","M","E"],"character_chosen":"WATCHER","items_purchased":["Happy Flower"],"campfire_rested":1,"item_purchase_floors":[22],"current_hp_per_floor":[61,61,61,61,43,18,17,38,38,38,35,35,35,35,35,31,67,67,67,67,60,60,60,50,50,50,50,6,6],"gold":99,"neow_bonus":"UPGRADE_CARD","is_daily":false,"chose_seed":false,"campfire_upgraded":4,"win_rate":0.0,"timestamp":1610890760,"path_taken":["M","M","?","$","M","E","M","R","T","R","E","M","M","M","R","BOSS","M","?","$","M","$","R","?","R","T","M","E"],"items_purchased_type":["Relic"],"build_version":"2020-12-22","purchased_purges":3,"victory":false,"max_hp_per_floor":[72,72,72,72,72,72,72,72,72,72,72,72,72,72,72,72,77,77,77,77,77,77,77,77,77,77,77,77,77],"card_choices":[{"not_picked":["WheelKick","Prostrate","ForeignInfluence"],"picked":"SKIP","floor":1},{"not_picked":["SignatureMove","CrushJoints"],"picked":"SashWhip","floor":2},{"not_picked":["Meditate","FlyingSleeves"],"picked":"EmptyBody","floor":5},{"not_picked":["EmptyFist","Perseverance"],"picked":"DeusExMachina","floor":6},{"not_picked":["Pray","JustLucky","WaveOfTheHand"],"picked":"SKIP","floor":7},{"not_picked":["ForeignInfluence","Nirvana"],"picked":"BowlingBash","floor":11},{"not_picked":["LikeWater","Protect"],"picked":"EmptyFist","floor":12},{"not_picked":["CutThroughFate","MentalFortress"],"picked":"Halt","floor":13},{"not_picked":["JustLucky","LikeWater"],"picked":"InnerPeace","floor":14},{"not_picked":["Establishment","Wish"],"picked":"Blasphemy","floor":16},{"not_picked":["Protect","JustLucky"],"picked":"CutThroughFate","floor":17},{"not_picked":["Evaluate+1","Consecrate","ForeignInfluence"],"picked":"SKIP","floor":18},{"not_picked":["JustLucky","CutThroughFate"],"picked":"FearNoEvil","floor":21},{"not_picked":["CrushJoints","Consecrate"],"picked":"LessonLearned","floor":24},{"not_picked":["FlyingSleeves","CutThroughFate","Crescendo"],"picked":"SKIP","floor":27}],"player_experience":709657,"relics_obtained":[{"floor":6,"key":"Thread and Needle"},{"floor":9,"key":"StrikeDummy"},{"floor":11,"key":"Akabeko"},{"floor":26,"key":"Bronze Scales"}],"event_choices":[{"damage_healed":0,"gold_gain":0,"player_choice":"Bought 1 Potion","damage_taken":0,"max_hp_gain":0,"max_hp_loss":0,"event_name":"The Woman in Blue","floor":3,"gold_loss":0},{"damage_healed":0,"gold_gain":0,"player_choice":"Copied","damage_taken":0,"max_hp_gain":0,"max_hp_loss":0,"event_name":"Duplicator","floor":19,"gold_loss":0,"cards_obtained":["Eruption"]}],"is_beta":false,"boss_relics":[{"not_picked":["SacredBark","Snecko Eye"],"picked":"Tiny House"}],"items_purged_floors":[4,20,22],"is_endless":false,"potions_floor_spawned":[1,2,5,11,12,21,24,27],"killed_by":"Slavers","ascension_level":11}}