{"host":"2se5dq1do2gp0x9k","time":1610849486,"event":{"mods":["AchievementEnabler","BaseMod","Block Reminder","Colored Map","Colored Powertips","Minty Spire (QoL Compilation)","Relic Stats","StSLib","SuperFastMode"],"gold_per_floor":[113,131,131,147,147,147,158,176,255,255,265,265,53,74,74,74,74],"floor_reached":16,"language":"ENG","playtime":420,"items_purged":["Strike_B"],"score":184,"play_id":"275e3ae1-bd7a-433c-8d8e-4332b79be6f1","local_time":"20210116181126","is_ascension_mode":true,"campfire_choices":[{"data":"Redo","floor":6,"key":"SMITH"},{"data":"Redo","floor":10,"key":"SMITH"},{"data":"Go for the Eyes","floor":15,"key":"SMITH"}],"circlet_count":0,"master_deck":["AscendersBane","Strike_B","Defend_B","Defend_B","Defend_B","Zap+1","Dualcast","Static Discharge+1","Streamline+1","Scrape+1","Undo","Redo+1","Redo+1","Echo Form","Capacitor","Self Repair","Go for the Eyes+1","Self Repair"],"relics":["Astrolabe","Gremlin Horn","Odd Mushroom"],"acts_visited":["Exordium"],"potions_floor_usage":[16],"damage_taken":[{"damage":4,"enemies":"Small Slimes","floor":1,"turns":3},{"damage":1,"enemies":"Cultist","floor":2,"turns":3},{"damage":11,"enemies":"2 Louse","floor":4,"turns":2},{"damage":12,"enemies":"Looter","floor":7,"turns":3},{"damage":10,"enemies":"3 Louse","floor":8,"turns":3},{"damage":0,"enemies":"Large Slime","floor":11,"turns":4},{"damage":19,"enemies":"The Mushroom Lair","floor":14,"turns":4},{"damage":33,"enemies":"Slime Boss","floor":16,"turns":3}],"seed_played":"76497214420203372","potions_obtained":[{"floor":1,"key":"Explosive Potion"},{"floor":3,"key":"FairyPotion"},{"floor":4,"key":"Regen Potion"}],"is_trial":false,"path_per_floor":["M","M","?","M","?","R","M","M","T","R","M","?","$","?","R","B"],"character_chosen":"DEFECT","items_purchased":["Self Repair","Go for the Eyes"],"campfire_rested":0,"item_purchase_floors":[13,13],"current_hp_per_floor":[60,59,59,48,48,48,36,26,26,26,26,8,8,19,19,0,0],"gold":74,"neow_bonus":"BOSS_RELIC","is_daily":false,"chose_seed":false,"campfire_upgraded":3,"win_rate":0.0,"timestamp":1610849486,"path_taken":["M","M","?","?","?","R","M","M","T","R","M","?","$","?","R","BOSS"],"items_purchased_type":["Card","Card"],"build_version":"2020-12-22","purchased_purges":1,"victory":false,"max_hp_per_floor":[71,71,71,71,71,71,71,71,71,71,71,71,71,71,71,71,71],"relic_stats":{"Gremlin Horn":[3,3],"counters":[8,25],"Astrolabe":["Static Discharge","Streamline","Scrape"],"obtain_stats":[{"Gremlin Horn":9,"Astrolabe":0,"Odd Mushroom":14,"Cracked Core":0},{"Gremlin Horn":5,"Astrolabe":0,"Odd Mushroom":7,"Cracked Core":0},{"Gremlin Horn":14,"Astrolabe":0,"Odd Mushroom":22,"Cracked Core":0}]},"card_choices":[{"not_picked":["Conserve Battery","Beam Cell"],"picked":"Undo","floor":1},{"not_picked":["Loop","Rebound"],"picked":"Redo","floor":2},{"not_picked":["Glacier","Streamline"],"picked":"Redo","floor":4},{"not_picked":["Ball Lightning","Static Discharge"],"picked":"Echo Form","floor":7},{"not_picked":["Sweeping Beam","Turbo"],"picked":"Capacitor","floor":8},{"not_picked":["Force Field","Conserve Battery","Compile Driver"],"picked":"SKIP","floor":11},{"not_picked":["Lockon","Compile Driver"],"picked":"Self Repair","floor":14}],"player_experience":3873585,"relics_obtained":[{"floor":9,"key":"Gremlin Horn"},{"floor":14,"key":"Odd Mushroom"}],"event_choices":[{"damage_healed":0,"gold_gain":0,"player_choice":"Got Potions","damage_taken":0,"max_hp_gain":0,"max_hp_loss":0,"event_name":"Lab","floor":3,"gold_loss":0},{"damage_healed":0,"gold_gain":0,"player_choice":"Grow","damage_taken":0,"max_hp_gain":0,"max_hp_loss":0,"event_name":"Living Wall","floor":5,"gold_loss":0,"cards_upgraded":["Zap"]},{"damage_healed":0,"gold_gain":0,"player_choice":"Fled","damage_taken":18,"max_hp_gain":0,"max_hp_loss":0,"event_name":"Scrap Ooze","floor":12,"gold_loss":0},{"damage_healed":0,"gold_gain":0,"player_choice":"Fought Mushrooms","damage_taken":0,"max_hp_gain":0,"max_hp_loss":0,"event_name":"Mushrooms","floor":14,"gold_loss":0}],"is_beta":false,"boss_relics":[],"items_purged_floors":[13],"is_endless":false,"potions_floor_spawned":[1,4,8,11],"killed_by":"Slime Boss","ascension_level":20}}