{"host":"vl29iwkwnyytuw8q","time":1610897929,"event":{"mods":["BaseMod","Minty Spire (QoL Compilation)","Permanent Neow","Relic Stats","StSLib"],"gold_per_floor":[118,193,213,233,198,198,226,243,267,267,286,351,361,31,31,114,168,190,280,304,28,28,57,57,57],"floor_reached":24,"language":"ENG","playtime":854,"items_purged":[],"score":400,"play_id":"27ddb041-5689-4f41-ae7d-5aeb851c534b","local_time":"20210117163849","is_ascension_mode":true,"campfire_choices":[{"data":"Rage","floor":6.0,"key":"SMITH"},{"floor":10.0,"key":"REST"},{"floor":15.0,"key":"REST"}],"circlet_count":0,"master_deck":["AscendersBane","Bash","Thunderclap+1","Ghostly Armor+1","Demon Form+1","Dropkick","Headbutt","Rage+1","Disarm","Whirlwind","Anger","Shrug It Off","Offering","Shrug It Off","Disarm","Hemokinesis","Berserk","Rupture","Entrench","Inflame+1","Battle Trance"],"relics":["Astrolabe","Centennial Puzzle","Strawberry","CeramicFish","Incense Burner","Pandora\u0027s Box","Letter Opener","Dream Catcher"],"acts_visited":["Exordium","TheCity"],"potions_floor_usage":[23,24],"damage_taken":[{"damage":3.0,"enemies":"Small Slimes","floor":1.0,"turns":3.0},{"damage":2.0,"enemies":"Jaw Worm","floor":3.0,"turns":4.0},{"damage":1.0,"enemies":"Cultist","floor":4.0,"turns":4.0},{"damage":32.0,"enemies":"3 Sentries","floor":7.0,"turns":9.0},{"damage":8.0,"enemies":"Looter","floor":8.0,"turns":4.0},{"damage":4.0,"enemies":"Exordium Thugs","floor":11.0,"turns":5.0},{"damage":27.0,"enemies":"Gremlin Nob","floor":12.0,"turns":4.0},{"damage":3.0,"enemies":"Exordium Wildlife","floor":13.0,"turns":3.0},{"damage":24.0,"enemies":"The Guardian","floor":16.0,"turns":10.0},{"damage":11.0,"enemies":"Shell Parasite","floor":18.0,"turns":6.0},{"damage":6.0,"enemies":"3 Byrds","floor":20.0,"turns":4.0},{"damage":38,"enemies":"Slavers","floor":23,"turns":5},{"damage":4,"enemies":"Snecko","floor":24,"turns":3}],"seed_played":"-3968801937296254328","potions_obtained":[{"floor":3.0,"key":"ElixirPotion"},{"floor":4.0,"key":"Swift Potion"},{"floor":12.0,"key":"Swift Potion"},{"floor":13.0,"key":"PowerPotion"},{"floor":23,"key":"Strength Potion"}],"is_trial":false,"path_per_floor":["M","?","M","M","?","R","E","M","T","R","M","?","M","$","R","B",null,"M","?","M","$","?","E","M"],"character_chosen":"IRONCLAD","items_purchased":["Incense Burner","Letter Opener"],"campfire_rested":2,"item_purchase_floors":[14,21],"current_hp_per_floor":[65,54,52,51,69,69,37,29,36,60,56,29,26,26,50,26,68,57,45,39,39,39,1,0,0],"gold":57,"neow_bonus":"BOSS_RELIC","is_daily":false,"chose_seed":false,"campfire_upgraded":1,"win_rate":0.0,"timestamp":1610897929,"path_taken":["M","?","M","M","?","R","E","M","T","R","M","?","M","$","R","BOSS","M","?","?","$","?","E","M"],"items_purchased_type":["Relic","Relic"],"build_version":"2020-12-22","purchased_purges":0,"victory":false,"max_hp_per_floor":[75,75,75,75,75,75,75,75,82,82,82,82,82,82,82,82,82,82,82,82,82,82,82,82,82],"relic_stats":{"Centennial Puzzle":[24],"Dream Catcher":0,"counters":[13,64],"Astrolabe":["Thunderclap","Ghostly Armor","Demon Form"],"CeramicFish":90,"Pandora\u0027s Box":["Shrug It Off","Disarm","Hemokinesis","Berserk","Rupture","Entrench"],"Letter Opener":[15],"obtain_stats":[{"Centennial Puzzle":7,"Dream Catcher":23,"Astrolabe":0,"Strawberry":9,"CeramicFish":12,"Pandora\u0027s Box":17,"Incense Burner":14,"Letter Opener":21,"Burning Blood":0},{"Centennial Puzzle":4,"Dream Catcher":12,"Astrolabe":0,"Strawberry":5,"CeramicFish":7,"Pandora\u0027s Box":9,"Incense Burner":8,"Letter Opener":11,"Burning Blood":0},{"Centennial Puzzle":20,"Dream Catcher":61,"Astrolabe":0,"Strawberry":24,"CeramicFish":33,"Pandora\u0027s Box":46,"Incense Burner":36,"Letter Opener":56,"Burning Blood":0}]},"card_choices":[{"not_picked":["Thunderclap","Armaments"],"picked":"Dropkick","floor":1.0},{"not_picked":["Clash","Sentinel"],"picked":"Headbutt","floor":3.0},{"not_picked":["Warcry","Sentinel"],"picked":"Rage","floor":4.0},{"not_picked":["Carnage","Havoc"],"picked":"Disarm","floor":7.0},{"not_picked":["Shrug It Off","Sword Boomerang"],"picked":"Whirlwind","floor":8.0},{"not_picked":["Wild Strike","Heavy Blade"],"picked":"Anger","floor":11.0},{"not_picked":["Reckless Charge","Blood for Blood"],"picked":"Shrug It Off","floor":12.0},{"not_picked":["Iron Wave","Warcry","Twin Strike"],"picked":"SKIP","floor":13.0},{"not_picked":["Juggernaut","Demon Form"],"picked":"Offering","floor":16.0},{"not_picked":["Flex","Heavy Blade"],"picked":"Inflame+1","floor":18.0},{"not_picked":["Second Wind","Shockwave"],"picked":"Battle Trance","floor":20.0},{"not_picked":["True Grit","Thunderclap","Entrench"],"picked":"SKIP","floor":23}],"player_experience":630538,"relics_obtained":[{"floor":7.0,"key":"Centennial Puzzle"},{"floor":9.0,"key":"Strawberry"},{"floor":12.0,"key":"CeramicFish"},{"floor":23,"key":"Dream Catcher"}],"event_choices":[{"damage_healed":0.0,"max_hp_gain":0.0,"max_hp_loss":0.0,"gold_gain":75.0,"event_name":"World of Goop","player_choice":"Gather Gold","floor":2.0,"gold_loss":0.0,"damage_taken":11.0},{"damage_healed":18.0,"max_hp_gain":0.0,"max_hp_loss":0.0,"gold_gain":0.0,"event_name":"The Cleric","player_choice":"Healed","floor":5.0,"gold_loss":35.0,"damage_taken":0.0},{"damage_healed":0.0,"max_hp_gain":0.0,"max_hp_loss":0.0,"gold_gain":0.0,"event_name":"Dead Adventurer","player_choice":"Searched \u00271\u0027 times","floor":12.0,"gold_loss":0.0,"damage_taken":0.0},{"damage_healed":0.0,"max_hp_gain":0.0,"max_hp_loss":0.0,"gold_gain":90.0,"event_name":"Knowing Skull","player_choice":"GOLD ","floor":19.0,"potions_obtained":[],"gold_loss":0.0,"damage_taken":12.0,"cards_obtained":[]},{"damage_healed":0,"gold_gain":0,"player_choice":"Ignored","damage_taken":0,"max_hp_gain":0,"max_hp_loss":0,"event_name":"Purifier","floor":22,"gold_loss":0}],"is_beta":false,"boss_relics":[{"not_picked":["Coffee Dripper","Ectoplasm"],"picked":"Pandora\u0027s Box"}],"items_purged_floors":[],"is_endless":false,"potions_floor_spawned":[3,4,12,13,18,23],"killed_by":"Snecko","ascension_level":17}}