{"host":"o7j6aatxjwpw1421","time":1610878113,"event":{"mods":["2.2 Compatiblity","AchievementEnabler","BaseMod","Colored Map","DeckTracker","Highlight Path","Keyboard Shortcuts","Minty Spire (QoL Compilation)","Permanent Neow","Quick Restart","StSLib","SuperFastMode","everything is the same but u backflip on backflip"],"gold_per_floor":[112,212,228,240,315,315,325,358,430,430,114,114,114,126,126,222,222,238,249,249,149,74,74,107,118,118,118,130,130,5,24,24,123,123,138,217,229,229,279,307,318,318,318,335,353,382,394,40,40,40,40,40,40,40,40],"floor_reached":54,"language":"KOR","playtime":5407,"items_purged":["Strike_P","Defend_P","Strike_P","Strike_P"],"score":1101,"play_id":"3ec938ba-7786-4e1a-b97e-325fbbd69232","local_time":"20210117190833","is_ascension_mode":true,"campfire_choices":[{"floor":6.0,"key":"REST"},{"data":"Adaptation","floor":10.0,"key":"SMITH"},{"data":"Eruption","floor":13.0,"key":"SMITH"},{"floor":15.0,"key":"REST"},{"floor":23.0,"key":"REST"},{"floor":29.0,"key":"REST"},{"floor":32.0,"key":"REST"},{"data":"Study","floor":42.0,"key":"SMITH"},{"floor":49.0,"key":"RECALL"},{"data":"PathToVictory","floor":52.0,"key":"SMITH"}],"circlet_count":0,"master_deck":["AscendersBane","Strike_P+1","Defend_P+1","Defend_P","Eruption+1","Vigilance","Establishment","MentalFortress+1","EmptyFist+1","FearNoEvil","Adaptation+1","FlurryOfBlows","Study+1","InnerPeace+1","PathToVictory+1","Adaptation+1"],"relics":["PureWater","CaptainsWheel","HornCleat","TeardropLocket","Black Star","Blood Vial","Ornamental Fan","Boot","VioletLotus","The Courier","StoneCalendar","Pear","GoldenEye","Juzu Bracelet","Pocketwatch","TheAbacus","Whetstone"],"acts_visited":["Exordium","TheCity","TheBeyond","TheEnding"],"potions_floor_usage":[],"damage_taken":[{"damage":2.0,"enemies":"Jaw Worm","floor":1.0,"turns":3.0},{"damage":12.0,"enemies":"Cultist","floor":3.0,"turns":3.0},{"damage":0.0,"enemies":"Small Slimes","floor":4.0,"turns":3.0},{"damage":0.0,"enemies":"Exordium Thugs","floor":7.0,"turns":4.0},{"damage":13.0,"enemies":"Lagavulin","floor":8.0,"turns":7.0},{"damage":7.0,"enemies":"2 Fungi Beasts","floor":14.0,"turns":3.0},{"damage":20.0,"enemies":"Slime Boss","floor":16.0,"turns":11.0},{"damage":4.0,"enemies":"Shell Parasite","floor":18.0,"turns":6.0},{"damage":19.0,"enemies":"Chosen","floor":19.0,"turns":6.0},{"damage":24.0,"enemies":"Book of Stabbing","floor":24.0,"turns":6.0},{"damage":11.0,"enemies":"Shelled Parasite and Fungi","floor":25.0,"turns":4.0},{"damage":12.0,"enemies":"Cultist and Chosen","floor":28.0,"turns":6.0},{"damage":19.0,"enemies":"Snecko","floor":31.0,"turns":5.0},{"damage":26.0,"enemies":"Champ","floor":33.0,"turns":10.0},{"damage":0.0,"enemies":"3 Shapes","floor":35.0,"turns":5.0},{"damage":9.0,"enemies":"3 Darklings","floor":37.0,"turns":5.0},{"damage":0.0,"enemies":"Mind Bloom Boss Battle","floor":39.0,"turns":6.0},{"damage":11.0,"enemies":"Giant Head","floor":40.0,"turns":8.0},{"damage":14.0,"enemies":"4 Shapes","floor":41.0,"turns":7.0},{"damage":0.0,"enemies":"Spire Growth","floor":44.0,"turns":3.0},{"damage":0.0,"enemies":"Sphere and 2 Shapes","floor":45.0,"turns":4.0},{"damage":19.0,"enemies":"Reptomancer","floor":46.0,"turns":7.0},{"damage":6.0,"enemies":"Writhing Mass","floor":47.0,"turns":6.0},{"damage":17.0,"enemies":"Donu and Deca","floor":50.0,"turns":5.0},{"damage":0,"enemies":"Shield and Spear","floor":54,"turns":1}],"seed_played":"6888264390732624456","potions_obtained":[{"floor":1.0,"key":"BottledMiracle"},{"floor":7.0,"key":"StancePotion"},{"floor":16.0,"key":"DuplicationPotion"},{"floor":18.0,"key":"Energy Potion"},{"floor":33.0,"key":"Explosive Potion"},{"floor":35.0,"key":"Dexterity Potion"},{"floor":44.0,"key":"StancePotion"},{"floor":45.0,"key":"GamblersBrew"}],"is_trial":false,"path_per_floor":["M","?","M","M","?","R","M","E","T","R","$","?","R","M","R","B",null,"M","M","?","$","?","R","E","M","T","$","M","R","$","M","R","B",null,"M","T","M","?","?","E","M","R","T","M","M","E","M","$","R","B",null,"R","$","E"],"character_chosen":"WATCHER","items_purchased":["TeardropLocket","TheAbacus","Whetstone"],"campfire_rested":5,"item_purchase_floors":[11,48,48],"current_hp_per_floor":[63,63,51,51,40,61,61,48,48,48,48,34,34,27,48,28,61,57,38,25,25,25,48,24,15,15,15,5,28,28,11,34,10,60,62,62,55,55,57,58,46,46,46,48,50,33,29,29,29,14,69,69,69,71,71],"gold":40,"neow_bonus":"ONE_RANDOM_RARE_CARD","is_daily":false,"chose_seed":false,"campfire_upgraded":4,"win_rate":0.0,"timestamp":1610878113,"path_taken":["M","?","?","M","?","R","M","E","T","R","?","?","R","M","R","BOSS","M","M","?","$","?","R","E","?","T","?","M","R","$","M","R","BOSS","M","?","M","?","?","E","M","R","T","M","M","E","M","$","R","BOSS","R","$","E"],"items_purchased_type":["Relic","Relic","Relic"],"build_version":"2020-12-22","purchased_purges":4,"victory":false,"max_hp_per_floor":[72,72,72,72,72,72,72,72,72,72,72,72,72,72,72,72,72,72,72,77,77,77,77,77,77,77,77,77,77,77,77,77,77,77,77,77,77,77,77,87,87,87,87,87,87,87,87,87,87,87,87,87,87,87,87],"card_choices":[{"not_picked":["Indignation","EmptyFist"],"picked":"MentalFortress","floor":1.0},{"not_picked":["CutThroughFate","JustLucky"],"picked":"EmptyFist","floor":3.0},{"not_picked":["CrushJoints","Sanctity","BowlingBash"],"picked":"SKIP","floor":4.0},{"not_picked":["Conclude","FlurryOfBlows"],"picked":"FearNoEvil","floor":7.0},{"not_picked":["Swivel","Devotion"],"picked":"Adaptation","floor":8.0},{"not_picked":["Evaluate","FlyingSleeves"],"picked":"FlurryOfBlows","floor":14.0},{"not_picked":["Tantrum","Wireheading"],"picked":"Study","floor":18.0},{"not_picked":["Halt","ClearTheMind","Protect"],"picked":"SKIP","floor":19.0},{"not_picked":["Collect","Establishment","SashWhip"],"picked":"SKIP","floor":24.0},{"not_picked":["Crescendo","Worship"],"picked":"InnerPeace+1","floor":25.0},{"not_picked":["WreathOfFlame+1","InnerPeace"],"picked":"PathToVictory","floor":28.0},{"not_picked":["ClearTheMind","SignatureMove","EmptyFist+1"],"picked":"SKIP","floor":31.0},{"not_picked":["SignatureMove","JustLucky","Pray"],"picked":"SKIP","floor":35.0},{"not_picked":["EmptyMind","WheelKick","WindmillStrike"],"picked":"SKIP","floor":37.0},{"not_picked":["EmptyBody+1","SashWhip+1","CutThroughFate+1"],"picked":"SKIP","floor":40.0},{"not_picked":["WaveOfTheHand","Prostrate","PathToVictory"],"picked":"SKIP","floor":41.0},{"not_picked":["Wish","EmptyBody+1","Indignation+1"],"picked":"SKIP","floor":44.0},{"not_picked":["ClearTheMind+1","Halt","Protect"],"picked":"SKIP","floor":45.0},{"not_picked":["Consecrate+1","Pray+1"],"picked":"Adaptation+1","floor":46.0},{"not_picked":["WaveOfTheHand+1","Nirvana","WreathOfFlame+1"],"picked":"SKIP","floor":47.0}],"player_experience":554742,"relics_obtained":[{"floor":8.0,"key":"CaptainsWheel"},{"floor":9.0,"key":"HornCleat"},{"floor":24.0,"key":"Blood Vial"},{"floor":24.0,"key":"Ornamental Fan"},{"floor":26.0,"key":"Boot"},{"floor":36.0,"key":"The Courier"},{"floor":39.0,"key":"StoneCalendar"},{"floor":40.0,"key":"Pear"},{"floor":40.0,"key":"GoldenEye"},{"floor":46.0,"key":"Juzu Bracelet"},{"floor":46.0,"key":"Pocketwatch"}],"event_choices":[{"damage_healed":0.0,"max_hp_gain":0.0,"max_hp_loss":0.0,"gold_gain":100.0,"event_name":"Wheel of Change","player_choice":"Gold","floor":2.0,"gold_loss":0.0,"damage_taken":0.0},{"damage_healed":0.0,"max_hp_gain":0.0,"max_hp_loss":0.0,"gold_gain":75.0,"event_name":"World of Goop","player_choice":"Gather Gold","floor":5.0,"gold_loss":0.0,"damage_taken":11.0},{"damage_healed":0.0,"max_hp_gain":0.0,"max_hp_loss":0.0,"gold_gain":0.0,"event_name":"Shining Light","player_choice":"Entered Light","floor":12.0,"gold_loss":0.0,"damage_taken":14.0,"cards_upgraded":["MentalFortress","Defend_P"]},{"damage_healed":0.0,"max_hp_gain":5.0,"max_hp_loss":0.0,"gold_gain":0.0,"event_name":"Forgotten Altar","player_choice":"Shed Blood","floor":20.0,"gold_loss":0.0,"damage_taken":18.0},{"cards_removed":["Defend_P"],"damage_healed":0.0,"max_hp_gain":0.0,"max_hp_loss":0.0,"gold_gain":0.0,"event_name":"Beggar","player_choice":"Gave Gold","floor":22.0,"gold_loss":75.0,"damage_taken":0.0},{"damage_healed":0.0,"max_hp_gain":0.0,"max_hp_loss":0.0,"gold_gain":0.0,"event_name":"Tomb of Lord Red Mask","player_choice":"Ignored","floor":38.0,"gold_loss":0.0,"damage_taken":0.0},{"damage_healed":0.0,"max_hp_gain":0.0,"max_hp_loss":0.0,"gold_gain":0.0,"event_name":"MindBloom","player_choice":"Fight","floor":39.0,"gold_loss":0.0,"damage_taken":0.0}],"is_beta":false,"boss_relics":[{"not_picked":["Cursed Key","Runic Dome"],"picked":"Black Star"},{"not_picked":["HolyWater","Philosopher\u0027s Stone"],"picked":"VioletLotus"}],"items_purged_floors":[11,21,30,48],"is_endless":false,"potions_floor_spawned":[1,7,16,18,33,35,44,45],"killed_by":"Shield and Spear","ascension_level":10}}