{"host":"leop","time":1610880237,"event":{"mods":["ATMod(阿瑾Mod)","Act Like it!","BaseMod","GifTheSpireLib","Minty Spire (QoL Compilation)","MostiFishMod","Shop Mod","Spicy Shops","StSLib","TestMod","[IsaacMod]以撒尖塔","【遗物卡牌】REMEMod"],"gold_per_floor":[119,119,139,154,175,205,205,247,273,323,373,433,96,131,131,238,238,257,657,657,672,704,748,778,825,852,902,920,948,971,423,423,519,519,542,542,603,603,624,624,664,664,664,695,545,545,565,606,606,606,627,627],"floor_reached":51,"language":"ZHS","playtime":2031,"items_purged":["Defend_P","Defend_P","Strike_P","Defend_P","Strike_P","Eruption+1"],"score":2139,"play_id":"76fc3f9c-d211-42a1-b674-350853c61f03","local_time":"20210117184357","is_ascension_mode":true,"campfire_choices":[{"data":"Eruption","floor":7.0,"key":"SMITH"},{"data":"TalkToTheHand","floor":15.0,"key":"SMITH"},{"data":"Strike_P","floor":32.0,"key":"PURGE"},{"data":"Defend_P","floor":40.0,"key":"PURGE"},{"data":"Strike_P","floor":42.0,"key":"PURGE"},{"data":"ForeignInfluence","floor":46.0,"key":"PURGE"},{"floor":49.0,"key":"RECALL"}],"circlet_count":0,"master_deck":["AscendersBane","Eruption+1","Vigilance+1","AT_FamilyPortrait+1","DevaForm","InnerPeace","FlurryOfBlows+1","TalkToTheHand+1","Omniscience","MostiFishMod:Dust","Ragnarok","Fasting2","Adaptation+1","MostiFishMod:StarWish+1","Omniscience","TalkToTheHand","Indignation+1","Omniscience","MostiFishMod:Adaptation+1","Tantrum","Pray","FearNoEvil","LessonLearned","DeusExMachina","Adaptation","Wallop+1"],"relics":["PureWater","DaveBox","REME_ComplimentaryCards","AT_ATBox","HushsDoor","NeowsBlessing","testmod-BatchProcessingSystem","Jackal-EndForJourney","SalivaCoin","SynthV:TestCard","Golden Idol","Centennial Puzzle","MawBank","testmod-Laevatain","TeardropLocket","Prayer Wheel","Philosopher\u0027s Stone","MutagenicStrength","PillsDrop","Bronze Scales","Peace Pipe","Black Star","StoneCalendar","REME_LimitBreaker","AT_ImmortalShieldbow","DeathBook","Mummified Hand","GnawedLeaf","Happy Flower"],"acts_visited":["Exordium","TheCity","TheBeyond"],"potions_floor_usage":[51],"damage_taken":[{"damage":0.0,"enemies":"2 Louse","floor":1.0,"turns":1.0},{"damage":0.0,"enemies":"Small Slimes","floor":3.0,"turns":1.0},{"damage":0.0,"enemies":"Cultist","floor":4.0,"turns":1.0},{"damage":0.0,"enemies":"Blue Slaver","floor":5.0,"turns":2.0},{"damage":19.0,"enemies":"Large Slime","floor":6.0,"turns":2.0},{"damage":7.0,"enemies":"Lagavulin","floor":8.0,"turns":5.0},{"damage":16.0,"enemies":"Gremlin Nob","floor":10.0,"turns":3.0},{"damage":7.0,"enemies":"Lots of Slimes","floor":11.0,"turns":3.0},{"damage":5.0,"enemies":"3 Sentries","floor":12.0,"turns":3.0},{"damage":0.0,"enemies":"Gremlin Nob","floor":14.0,"turns":2.0},{"damage":0.0,"enemies":"The Guardian","floor":16.0,"turns":3.0},{"damage":0.0,"enemies":"Spheric Guardian","floor":18.0,"turns":1.0},{"damage":0.0,"enemies":"Shell Parasite","floor":21.0,"turns":1.0},{"damage":0.0,"enemies":"Shelled Parasite and Fungi","floor":22.0,"turns":2.0},{"damage":0.0,"enemies":"Slavers","floor":23.0,"turns":1.0},{"damage":0.0,"enemies":"Snake Plant","floor":24.0,"turns":2.0},{"damage":14.0,"enemies":"Book of Stabbing","floor":25.0,"turns":3.0},{"damage":0.0,"enemies":"Centurion and Healer","floor":28.0,"turns":1.0},{"damage":3.0,"enemies":"3 Cultists","floor":29.0,"turns":3.0},{"damage":0.0,"enemies":"Snecko","floor":30.0,"turns":2.0},{"damage":8.0,"enemies":"Automaton","floor":33.0,"turns":3.0},{"damage":0.0,"enemies":"Orb Walker","floor":35.0,"turns":1.0},{"damage":0.0,"enemies":"2 Orb Walkers","floor":37.0,"turns":1.0},{"damage":0.0,"enemies":"3 Shapes","floor":39.0,"turns":3.0},{"damage":0.0,"enemies":"Nemesis","floor":41.0,"turns":1.0},{"damage":0.0,"enemies":"Giant Head","floor":44.0,"turns":1.0},{"damage":23.0,"enemies":"Transient","floor":47.0,"turns":3.0},{"damage":0.0,"enemies":"Nemesis","floor":48.0,"turns":1.0},{"damage":0.0,"enemies":"Donu and Deca","floor":50.0,"turns":2.0},{"damage":27,"enemies":"Time Eater","floor":51,"turns":1}],"seed_played":"-5223850827979696825","potions_obtained":[{"floor":3.0,"key":"LiquidMemories"},{"floor":4.0,"key":"Fire Potion"},{"floor":12.0,"key":"BlessingOfTheForge"},{"floor":16.0,"key":"StancePotion"},{"floor":28.0,"key":"testmod-SpacePotion"},{"floor":35.0,"key":"testmod-SpacePotion"},{"floor":48.0,"key":"DistilledChaos"}],"is_trial":false,"path_per_floor":["M","?","M","M","M","M","R","E","T","E","M","E","$","E","R","B",null,"M","?","?","M","M","E","M","E","T","?","M","M","M","$","R","B",null,"M","?","?","T","M","R","E","R","T","E","$","R","M","E","R","B","B"],"character_chosen":"WATCHER","items_purchased":["TeardropLocket","Ragnarok","Peace Pipe"],"campfire_rested":0,"item_purchase_floors":[13,17,31],"current_hp_per_floor":[61,61,61,61,61,42,42,35,35,19,12,7,7,7,7,23,44,44,44,44,44,44,44,44,30,30,30,30,27,27,27,27,19,38,38,38,41,41,41,41,41,41,41,41,41,41,21,21,21,21,0,0],"gold":627,"neow_bonus":"THREE_ENEMY_KILL","is_daily":false,"chose_seed":false,"campfire_upgraded":2,"win_rate":0.0,"timestamp":1610880237,"path_taken":["M","?","?","M","M","M","R","E","T","E","M","E","$","E","R","BOSS","M","?","?","?","M","E","M","E","T","?","M","M","M","$","R","BOSS","M","?","?","?","?","R","E","R","T","E","$","R","M","E","R","BOSS","BOSS"],"items_purchased_type":["Relic","Card","Relic"],"build_version":"2020-12-18","purchased_purges":6,"victory":false,"max_hp_per_floor":[68,62,62,62,62,62,62,62,62,62,62,59,59,59,59,59,51,51,51,51,51,51,51,51,51,51,51,51,51,51,51,51,51,44,44,44,47,47,47,47,47,47,47,42,42,42,45,45,45,45,45,45],"card_choices":[{"not_picked":["PathToVictory","EmptyFist","BowlingBash"],"picked":"SKIP","floor":1.0},{"not_picked":["Crescendo","Consecrate","FollowUp","Indignation"],"picked":"ForeignInfluence","floor":3.0},{"not_picked":["JustLucky","Swivel","ForeignInfluence","AT_RealFormLess","PathToVictory"],"picked":"SKIP","floor":4.0},{"not_picked":["FollowUp","BowlingBash","AT_DivineConfetti","CutThroughFate"],"picked":"DevaForm","floor":5.0},{"not_picked":["ThirdEye","Crescendo","PathToVictory","Protect"],"picked":"InnerPeace","floor":6.0},{"not_picked":["Evaluate","PathToVictory","MostiFishMod:DustFall","Study"],"picked":"FlurryOfBlows","floor":8.0},{"not_picked":["PathToVictory","AT_RealFormLess","MentalFortress","Wireheading","EmptyFist"],"picked":"SKIP","floor":10.0},{"not_picked":["Halt","BattleHymn","EmptyBody","JustLucky","Prostrate"],"picked":"SKIP","floor":11.0},{"not_picked":["PathToVictory","Evaluate","FlyingSleeves","Protect"],"picked":"TalkToTheHand","floor":12.0},{"not_picked":["JustLucky","Worship","AT_RealFormLess","SignatureMove"],"picked":"Omniscience","floor":14.0},{"not_picked":["Blasphemy","MostiFishMod:StarOceanP","MostiFishMod:StarWish","MostiFishMod:KamiSmash"],"picked":"MostiFishMod:Dust","floor":16.0},{"not_picked":["Protect","Study","FlurryOfBlows","PathToVictory"],"picked":"Fasting2","floor":18.0},{"not_picked":["FlyingSleeves+1","EmptyFist","JustLucky","EmptyBody"],"picked":"Adaptation+1","floor":18.0},{"not_picked":["ThirdEye","Evaluate","FlurryOfBlows","EmptyFist"],"picked":"MostiFishMod:StarWish","floor":21.0},{"not_picked":["BowlingBash","Halt","EmptyFist","Meditate","CarveReality"],"picked":"SKIP","floor":21.0},{"not_picked":["Swivel","FearNoEvil","PathToVictory","EmptyBody","FlurryOfBlows"],"picked":"SKIP","floor":22.0},{"not_picked":["Meditate","Evaluate","JustLucky","FollowUp","CrushJoints"],"picked":"SKIP","floor":22.0},{"not_picked":["InnerPeace+1","BattleHymn+1","Consecrate","Weave+1"],"picked":"Omniscience","floor":23.0},{"not_picked":["JustLucky","Halt","Evaluate","AT_RealFormLess+1"],"picked":"TalkToTheHand","floor":24.0},{"not_picked":["Sanctity","EmptyBody","MostiFishMod:FlowState+1","EmptyFist"],"picked":"Indignation","floor":24.0},{"not_picked":["Indignation+1","WreathOfFlame+1","Sanctity","Crescendo"],"picked":"MostiFishMod:Adaptation","floor":25.0},{"not_picked":["CrushJoints","Swivel","Protect","Conclude","Prostrate"],"picked":"SKIP","floor":28.0},{"not_picked":["EmptyFist","Protect","CutThroughFate","BowlingBash+1","EmptyBody"],"picked":"SKIP","floor":28.0},{"not_picked":["Meditate","EmptyBody","SashWhip","Prostrate"],"picked":"Tantrum","floor":29.0},{"not_picked":["Nirvana","Consecrate+1","ThirdEye","EmptyBody"],"picked":"Pray","floor":29.0},{"not_picked":["Indignation","FollowUp","ClearTheMind","MentalFortress"],"picked":"FearNoEvil","floor":30.0},{"not_picked":["Meditate","SandsOfTime","Crescendo","EmptyBody"],"picked":"LessonLearned","floor":30.0},{"not_picked":["MostiFishMod:Adaptation","MostiFishMod:OutWit","MostiFishMod:KamiSmash","MostiFishMod:Pointsdynamics"],"picked":"DeusExMachina","floor":33.0},{"not_picked":["FollowUp+1","ForeignInfluence","MostiFishMod:CyberBuddha","Consecrate"],"picked":"Adaptation","floor":35.0},{"not_picked":["Crescendo","CrushJoints","FlurryOfBlows+1","Conclude","FollowUp"],"picked":"SKIP","floor":35.0},{"not_picked":["EmptyFist+1","REME_MusicOfDeath+1","ReachHeaven","AT_RealFormLess","Sanctity"],"picked":"SKIP","floor":39.0},{"not_picked":["Evaluate","EmptyFist","AT_OneInchPunch","WheelKick","CrushJoints+1"],"picked":"SKIP","floor":39.0},{"not_picked":["SandsOfTime","InnerPeace","MostiFishMod:Speedup","EmptyFist+1","CrushJoints+1"],"picked":"SKIP","floor":41.0},{"not_picked":["JustLucky","FollowUp","InnerPeace","Tantrum","WindmillStrike"],"picked":"SKIP","floor":44.0},{"not_picked":["Prostrate","Halt","EmptyBody","SashWhip"],"picked":"Wallop","floor":47.0},{"not_picked":["Prostrate","ConjureBlade","Halt","Consecrate+1","Weave+1"],"picked":"SKIP","floor":47.0},{"not_picked":["BowlingBash","FollowUp+1","EmptyMind+1","Evaluate","EmptyBody"],"picked":"SKIP","floor":48.0}],"player_experience":1098497,"relics_obtained":[{"floor":1.0,"key":"SynthV:TestCard"},{"floor":9.0,"key":"Centennial Puzzle"},{"floor":10.0,"key":"MawBank"},{"floor":12.0,"key":"testmod-Laevatain"},{"floor":14.0,"key":"Prayer Wheel"},{"floor":23.0,"key":"PillsDrop"},{"floor":25.0,"key":"Bronze Scales"},{"floor":37.0,"key":"StoneCalendar"},{"floor":38.0,"key":"REME_LimitBreaker"},{"floor":41.0,"key":"AT_ImmortalShieldbow"},{"floor":41.0,"key":"DeathBook"},{"floor":43.0,"key":"Mummified Hand"},{"floor":48.0,"key":"GnawedLeaf"},{"floor":48.0,"key":"Happy Flower"}],"event_choices":[{"damage_healed":0.0,"max_hp_gain":0.0,"max_hp_loss":6.0,"gold_gain":0.0,"event_name":"Golden Idol","player_choice":"Lose Max HP","floor":2.0,"gold_loss":0.0,"damage_taken":0.0,"relics_obtained":["Golden Idol"]},{"damage_healed":0.0,"max_hp_gain":0.0,"max_hp_loss":0.0,"gold_gain":400.0,"event_name":"恩洛斯的盘子","player_choice":"Sell","floor":19.0,"relics_lost":["testmod-TestBox"],"gold_loss":0.0,"damage_taken":0.0},{"damage_healed":0.0,"max_hp_gain":0.0,"max_hp_loss":0.0,"gold_gain":0.0,"event_name":"Drug Dealer","player_choice":"Inject Mutagens","floor":20.0,"gold_loss":0.0,"damage_taken":0.0,"relics_obtained":["MutagenicStrength"]},{"damage_healed":0.0,"max_hp_gain":0.0,"max_hp_loss":0.0,"gold_gain":50.0,"event_name":"Golden Shrine","player_choice":"Pray","floor":27.0,"gold_loss":0.0,"damage_taken":0.0},{"damage_healed":0.0,"max_hp_gain":0.0,"max_hp_loss":0.0,"gold_gain":0.0,"event_name":"给自己的盒子","player_choice":"Swap Relic","floor":36.0,"relics_lost":["DaveBox"],"gold_loss":0.0,"damage_taken":0.0,"relics_obtained":["DaveBox"]},{"damage_healed":0.0,"max_hp_gain":0.0,"max_hp_loss":0.0,"gold_gain":0.0,"event_name":"Mysterious Sphere","player_choice":"Fight","floor":37.0,"gold_loss":0.0,"damage_taken":0.0}],"is_beta":true,"boss_relics":[{"not_picked":["Tiny House","testmod-PortableAltar"],"picked":"Philosopher\u0027s Stone"},{"not_picked":[]},{"not_picked":["Runic Dome","testmod-CardMagician"],"picked":"Black Star"},{"not_picked":[]}],"items_purged_floors":[13,17,31,31,34,45],"is_endless":false,"potions_floor_spawned":[3,4,5,12,14,16,28,29,30,33,35,48],"killed_by":"Time Eater","ascension_level":20}}