{"host":"fdn1l3zxrtmz275b","time":1610897392,"event":{"mods":["BaseMod","Better Third Choice","Dota2Spire","Fox Events","GifTheSpireLib","Minty Spire (QoL Compilation)","Replay The Spire","Say the Spire","StSLib"],"gold_per_floor":[111,111,88,88,38,64,76,76,76,106,123,143,161,6,6,106,106,124,124,135,135,146,146,146,146],"floor_reached":24,"language":"RUS","playtime":708,"items_purged":[],"score":309,"play_id":"11d63f92-b233-4f09-b9b7-a445d3b23fc0","local_time":"20210117182952","is_ascension_mode":true,"campfire_choices":[{"data":"True Grit","floor":8,"key":"SMITH"},{"floor":15,"key":"REST"},{"data":"Eclipse","floor":23,"key":"SMITH"}],"circlet_count":0,"master_deck":["Strike_R","Strike_R","Strike_R","Strike_R","Defend_R","Defend_R","Defend_R","Defend_R","Bash","Cleave","Shrug It Off","True Grit+1","Eclipse+1","Inflame","Intimidate","Jack Of All Trades","Immolate","Seeing Red","Sentinel","ReplayTheSpireMod:Stacked"],"relics":["Burning Blood","NeowsBlessing","Darkstone Periapt","Dota2Spire:MonkeyKingBar","Dota2Spire:OctarineCore","Electric Blood","NlothsMask"],"acts_visited":["Exordium","TheCity"],"potions_floor_usage":[13,13,22],"damage_taken":[{"damage":0,"enemies":"Small Slimes","floor":1,"turns":1},{"damage":0,"enemies":"3 Sentries","floor":6,"turns":2},{"damage":0,"enemies":"Cultist","floor":7,"turns":1},{"damage":20,"enemies":"Gremlin Nob","floor":10,"turns":4},{"damage":7,"enemies":"Jaw Worm","floor":11,"turns":3},{"damage":17,"enemies":"Exordium Thugs","floor":12,"turns":4},{"damage":11,"enemies":"Gremlin Gang","floor":13,"turns":4},{"damage":0,"enemies":"Slime Boss","floor":16,"turns":5},{"damage":15,"enemies":"Chosen","floor":18,"turns":3},{"damage":27,"enemies":"Shell Parasite","floor":20,"turns":5},{"damage":47,"enemies":"Snake Plant","floor":22,"turns":4},{"damage":9,"enemies":"Book of Stabbing","floor":24,"turns":2}],"seed_played":"-1759679079379871246","potions_obtained":[{"floor":7,"key":"LiquidBronze"},{"floor":11,"key":"Weak Potion"},{"floor":12,"key":"HeartOfIron"},{"floor":22,"key":"FearPotion"}],"is_trial":false,"path_per_floor":["M","?","$","$","?","E","M","R","T","E","M","M","M","$","R","B",null,"M","$","M","?","M","R","E"],"character_chosen":"IRONCLAD","items_purchased":["True Grit","Intimidate","Jack Of All Trades"],"campfire_rested":1,"item_purchase_floors":[3,14,14],"current_hp_per_floor":[80,80,80,80,80,80,80,80,80,66,65,54,49,49,73,79,80,71,71,50,50,9,9,0,0],"gold":146,"neow_bonus":"THREE_ENEMY_KILL","is_daily":false,"chose_seed":false,"campfire_upgraded":2,"win_rate":0.0,"timestamp":1610897392,"path_taken":["M","?","?","$","?","E","M","R","T","E","?","M","M","$","R","BOSS","M","$","M","?","?","R","E"],"items_purchased_type":["Card","Card","Card"],"build_version":"2020-12-22","purchased_purges":0,"victory":false,"max_hp_per_floor":[80,80,80,80,80,80,80,80,80,80,80,80,80,80,80,80,80,80,80,80,80,80,80,80,80],"card_choices":[{"not_picked":["Iron Wave","Whirlwind"],"picked":"Cleave","floor":1},{"not_picked":["Cleave","Uppercut","Iron Wave"],"picked":"SKIP","floor":6},{"not_picked":["Cleave","Sword Boomerang","True Grit"],"picked":"SKIP","floor":7},{"not_picked":["Flex","Hemokinesis","Uppercut"],"picked":"SKIP","floor":10},{"not_picked":["Body Slam","Sword Boomerang","Twin Strike"],"picked":"SKIP","floor":11},{"not_picked":["Blood for Blood","Burning Pact"],"picked":"Eclipse","floor":12},{"not_picked":["ReplayTheSpireMod:Limb From Limb","Combust"],"picked":"Inflame","floor":13},{"not_picked":["Demon Form","Bludgeon"],"picked":"Immolate","floor":16},{"not_picked":["Body Slam","Havoc"],"picked":"Seeing Red","floor":18},{"not_picked":["Flex","Shrug It Off"],"picked":"Sentinel","floor":20},{"not_picked":["Body Slam","Clothesline"],"picked":"ReplayTheSpireMod:Stacked","floor":22}],"player_experience":117204,"relics_obtained":[{"floor":6,"key":"Darkstone Periapt"},{"floor":9,"key":"Dota2Spire:MonkeyKingBar"},{"floor":10,"key":"Dota2Spire:OctarineCore"}],"event_choices":[{"damage_healed":0,"gold_gain":0,"player_choice":"1 cards matched","damage_taken":0,"max_hp_gain":0,"max_hp_loss":0,"event_name":"Match and Keep!","floor":2,"gold_loss":0,"cards_obtained":["Shrug It Off"]},{"cards_removed":["Strike_R"],"damage_healed":0,"gold_gain":0,"player_choice":"Card Removal","damage_taken":0,"max_hp_gain":0,"max_hp_loss":0,"event_name":"The Cleric","floor":5,"gold_loss":50},{"damage_healed":0,"gold_gain":0,"player_choice":"Trade","damage_taken":0,"relics_obtained":["NlothsMask"],"max_hp_gain":0,"max_hp_loss":0,"event_name":"FaceTrader","floor":21,"gold_loss":0}],"is_beta":false,"boss_relics":[{"not_picked":["Ectoplasm","Astrolabe"],"picked":"Electric Blood"}],"items_purged_floors":[],"is_endless":false,"potions_floor_spawned":[7,11,12,22],"killed_by":"Book of Stabbing","ascension_level":2}}