{"host":"k7udt7atmcuzf6l0","time":1610884638,"event":{"mods":["AchievementEnabler","BaseMod","Colored Map","Colored Powertips","Highlight Path","Minty Spire (QoL Compilation)","Quick Restart","Rare Cards Sparkle","StSLib","UnlockEverythingMod"],"gold_per_floor":[124,147,147,171,171,171,213,213,213,242,285,310,310,310,310,438,438,470,54,72,105,60,60,88,88,115,115,160,160,13,47,47,180,180,203,212,64,91,91,139,0,0,0,44,68,68,68,68],"floor_reached":47,"language":"ZHT","playtime":1239,"items_purged":[],"score":584,"play_id":"b656c7e6-8fda-4a20-ace4-f5b6d2bd6ada","local_time":"20210117195718","is_ascension_mode":false,"campfire_choices":[{"data":"Flex","floor":6.0,"key":"SMITH"},{"data":"Limit Break","floor":8.0,"key":"SMITH"},{"data":"Flex","floor":13.0,"key":"SMITH"},{"data":"Warcry","floor":15.0,"key":"SMITH"},{"data":"Armaments","floor":23,"key":"SMITH"},{"data":"Demon Form","floor":25,"key":"SMITH"},{"data":"Pommel Strike","floor":27,"key":"SMITH"},{"data":"Offering","floor":29,"key":"SMITH"},{"data":"Warcry","floor":32,"key":"SMITH"},{"data":"Dual Wield","floor":42,"key":"SMITH"},{"floor":46,"key":"RECALL"}],"circlet_count":0,"master_deck":["Strike_R","Strike_R","Strike_R","Strike_R","Defend_R","Defend_R","Defend_R","Bash","Cleave","Bloodletting","Flex+1","Limit Break+1","Warcry+1","Flex+1","Pommel Strike+1","Feed","Clash","Demon Form+1","Jack Of All Trades","Armaments+1","Sword Boomerang","Flex+1","Offering+1","Warcry+1","Brutality","Clash+1","Good Instincts","Dual Wield+1","Metallicize+1","Twin Strike+1","Body Slam+1"],"relics":["Burning Blood","CeramicFish","Pear","CaptainsWheel","HornCleat","Golden Idol","Coffee Dripper","Paper Frog","Frozen Eye","Lantern","Dream Catcher","Bag of Marbles","Philosopher\u0027s Stone","Sling","Molten Egg 2","Red Mask","Toxic Egg 2","Toy Ornithopter"],"acts_visited":["Exordium","TheCity","TheBeyond"],"potions_floor_usage":[24,28,33,40,45,47],"damage_taken":[{"damage":0.0,"enemies":"Small Slimes","floor":1.0,"turns":3.0},{"damage":7.0,"enemies":"2 Louse","floor":2.0,"turns":3.0},{"damage":6.0,"enemies":"Cultist","floor":4.0,"turns":3.0},{"damage":25.0,"enemies":"Gremlin Nob","floor":7.0,"turns":4.0},{"damage":14.0,"enemies":"Blue Slaver","floor":10.0,"turns":3.0},{"damage":12.0,"enemies":"3 Sentries","floor":11.0,"turns":5.0},{"damage":0.0,"enemies":"Large Slime","floor":12.0,"turns":4.0},{"damage":33.0,"enemies":"Hexaghost","floor":16.0,"turns":6.0},{"damage":5.0,"enemies":"2 Thieves","floor":18.0,"turns":2.0},{"damage":0,"enemies":"Spheric Guardian","floor":21,"turns":4},{"damage":10,"enemies":"Centurion and Healer","floor":24,"turns":5},{"damage":7,"enemies":"Book of Stabbing","floor":28,"turns":4},{"damage":24,"enemies":"Snake Plant","floor":31,"turns":2},{"damage":53,"enemies":"Champ","floor":33,"turns":7},{"damage":6,"enemies":"Orb Walker","floor":35,"turns":1},{"damage":9,"enemies":"3 Darklings","floor":38,"turns":3},{"damage":27,"enemies":"Reptomancer","floor":40,"turns":4},{"damage":9,"enemies":"Giant Head","floor":44,"turns":1},{"damage":7,"enemies":"4 Shapes","floor":45,"turns":2},{"damage":88,"enemies":"Reptomancer","floor":47,"turns":5}],"seed_played":"5243615899377021851","potions_obtained":[{"floor":4.0,"key":"Explosive Potion"},{"floor":7.0,"key":"CultistPotion"},{"floor":16.0,"key":"AttackPotion"},{"floor":18.0,"key":"Weak Potion"},{"floor":21,"key":"PowerPotion"},{"floor":28,"key":"Dexterity Potion"},{"floor":35,"key":"FearPotion"},{"floor":40,"key":"AttackPotion"},{"floor":45,"key":"Explosive Potion"}],"is_trial":false,"path_per_floor":["M","M","?","M","?","R","E","R","T","M","E","M","R","?","R","B",null,"M","$","?","M","$","R","M","R","T","R","E","R","$","M","R","B",null,"M","?","$","M","?","E","?","R","T","E","M","R","E"],"character_chosen":"IRONCLAD","items_purchased":["Paper Frog","Frozen Eye","Sword Boomerang","Bag of Marbles","Sling"],"campfire_rested":0,"item_purchase_floors":[19,19,22,30,37],"current_hp_per_floor":[80,79,72,72,77,77,68,68,68,60,54,60,60,60,60,33,88,91,91,91,91,91,91,87,87,87,87,86,86,86,71,71,24,94,97,97,97,94,94,77,77,77,77,74,78,78,0,0],"gold":68,"neow_bonus":"RANDOM_COMMON_RELIC","is_daily":false,"chose_seed":false,"campfire_upgraded":10,"win_rate":0.0,"timestamp":1610884638,"path_taken":["M","M","?","M","?","R","E","R","T","M","E","M","R","?","R","BOSS","M","$","?","M","?","R","M","R","T","R","E","R","$","M","R","BOSS","M","?","$","M","?","E","?","R","T","E","M","R","E"],"items_purchased_type":["Relic","Relic","Card","Relic","Relic"],"build_version":"2020-12-22","purchased_purges":0,"victory":false,"max_hp_per_floor":[80,80,80,80,85,85,95,95,95,95,95,95,95,88,88,88,88,91,91,91,91,91,91,91,91,91,91,91,91,91,94,94,94,94,97,97,97,97,97,101,101,101,101,101,101,101,101,101],"card_choices":[{"not_picked":["Iron Wave","Wild Strike"],"picked":"Cleave","floor":1.0},{"not_picked":["Evolve","Clothesline"],"picked":"Bloodletting","floor":2.0},{"not_picked":["Shrug It Off","Iron Wave"],"picked":"Flex","floor":4.0},{"not_picked":["Reckless Charge","Metallicize"],"picked":"Limit Break","floor":7.0},{"not_picked":["Second Wind","Seeing Red"],"picked":"Warcry","floor":10.0},{"not_picked":["Metallicize","Clothesline"],"picked":"Flex","floor":11.0},{"not_picked":["Shrug It Off","Dark Embrace"],"picked":"Pommel Strike","floor":12.0},{"not_picked":["Brutality","Bludgeon"],"picked":"Feed","floor":16.0},{"not_picked":["Cleave","Rupture+1"],"picked":"Clash","floor":18.0},{"not_picked":["Sentinel+1","Blood for Blood"],"picked":"Armaments","floor":21},{"not_picked":["Clash","Anger"],"picked":"Flex+1","floor":24},{"not_picked":["Rampage","Iron Wave+1"],"picked":"Offering","floor":28},{"not_picked":["Cleave","Clash"],"picked":"Warcry","floor":31},{"not_picked":["Bludgeon","Offering"],"picked":"Brutality","floor":33},{"not_picked":["Rampage+1","Havoc"],"picked":"Clash+1","floor":35},{"not_picked":["Discovery","Swift Strike"],"picked":"Good Instincts","floor":36},{"not_picked":["Cleave+1","Perfected Strike+1"],"picked":"Dual Wield","floor":38},{"not_picked":["Ghostly Armor+1","Dark Embrace"],"picked":"Metallicize+1","floor":40},{"not_picked":["Havoc+1","Berserk"],"picked":"Twin Strike+1","floor":44},{"not_picked":["Dual Wield+1","Twin Strike+1"],"picked":"Body Slam+1","floor":45}],"player_experience":76196,"relics_obtained":[{"floor":7.0,"key":"Pear"},{"floor":9.0,"key":"CaptainsWheel"},{"floor":11.0,"key":"HornCleat"},{"floor":26,"key":"Lantern"},{"floor":28,"key":"Dream Catcher"},{"floor":40,"key":"Molten Egg 2"},{"floor":43,"key":"Toxic Egg 2"},{"floor":44,"key":"Toy Ornithopter"}],"event_choices":[{"cards_removed":["Defend_R"],"damage_healed":0.0,"max_hp_gain":0.0,"max_hp_loss":0.0,"gold_gain":0.0,"event_name":"Golden Wing","player_choice":"Card Removal","floor":3.0,"gold_loss":0.0,"damage_taken":7.0},{"damage_healed":0.0,"max_hp_gain":5.0,"max_hp_loss":0.0,"gold_gain":0.0,"event_name":"Big Fish","player_choice":"Donut","floor":5.0,"gold_loss":0.0,"damage_taken":0.0},{"damage_healed":0.0,"max_hp_gain":0.0,"max_hp_loss":7.0,"gold_gain":0.0,"event_name":"Golden Idol","player_choice":"Lose Max HP","floor":14.0,"gold_loss":0.0,"damage_taken":0.0,"relics_obtained":["Golden Idol"]},{"damage_healed":0,"gold_gain":0,"player_choice":"2 cards matched","damage_taken":0,"max_hp_gain":0,"max_hp_loss":0,"event_name":"Match and Keep!","floor":20,"gold_loss":0,"cards_obtained":["Demon Form","Jack Of All Trades"]},{"damage_healed":0,"gold_gain":0,"player_choice":"Memory 1","damage_taken":0,"max_hp_gain":0,"max_hp_loss":0,"event_name":"SensoryStone","floor":36,"gold_loss":0},{"cards_removed":["Strike_R"],"damage_healed":0,"gold_gain":0,"player_choice":"Removed Attack","damage_taken":0,"max_hp_gain":0,"max_hp_loss":0,"event_name":"Falling","floor":39,"gold_loss":0},{"damage_healed":0,"gold_gain":0,"player_choice":"Paid","damage_taken":0,"relics_obtained":["Red Mask"],"max_hp_gain":0,"max_hp_loss":0,"event_name":"Tomb of Lord Red Mask","floor":41,"gold_loss":139}],"is_beta":false,"boss_relics":[{"not_picked":["Ectoplasm","Tiny House"],"picked":"Coffee Dripper"},{"not_picked":["Astrolabe","Velvet Choker"],"picked":"Philosopher\u0027s Stone"}],"items_purged_floors":[],"is_endless":false,"potions_floor_spawned":[4,7,16,18,21,28,35,40,45],"killed_by":"Reptomancer","ascension_level":0}}