{"host":"te4ihy0orbpglf07","time":1610888823,"event":{"mods":["Act Like it!","Arknights The Spire","BaseMod","BetterRewards","Chen","Friendly Minions","Gensokyo","Hubris","Infinite Spire","Marisa????????","Minty Spire (QoL Compilation)","Onozuka Komachi Mod","Reimu??????","Remilia??????","RumiaBox-????????","Small Relic Pack","StSLib","SuperFastMode","Td1madao Mod","The Servant 0.9.4"],"gold_per_floor":[116,77,77,96,44,73,73,73,100,2,2,2,2,15,15,120,120,136,136,136,150,164,164,164],"floor_reached":23,"language":"ENG","playtime":989,"items_purged":[],"score":312,"play_id":"d9bd61c4-d79b-4eba-8491-1467bfa010e1","local_time":"20210117160703","is_ascension_mode":false,"campfire_choices":[{"data":"ats:Burning Ground","floor":7,"key":"SMITH"},{"data":"ats:Guardian Obelisk","floor":15,"key":"SMITH"}],"circlet_count":0,"master_deck":["ats:Strike C","ats:Strike S","ats:Strike V","ats:Armor Crushing Shot","ats:Defend","ats:Defend","ats:Defend","ats:Defend","ats:Emotion Absorption+1","ats:Magnetic Hammer","ats:Revitalization","ats:Charging Defense","ats:Burning Ground+1","ats:Healing Strengthening","ats:Apocalypse","ats:Sunburst","ats:Revitalization","Pain","ats:Guardian Obelisk+1","ats:Echo Reverb","ats:Part Time Job+1","Gensokyo:FourOfAKind","Gensokyo:FourOfAKind","Gensokyo:FourOfAKind","Gensokyo:FourOfAKind","Gensokyo:TekeTeke"],"relics":["ats:Sanity","ZombieArmy","hubris:Icosahedron","ats:Originium","Smiling Mask","Oddly Smooth Stone","Gensokyo:LunaticRedEyes","Boot","hubris:TerracottaHorce"],"acts_visited":["Exordium","Gensokyo:Gensokyo"],"potions_floor_usage":[6,23,23,23],"damage_taken":[{"damage":5,"enemies":"Gensokyo:2_Kodama","floor":1,"turns":5},{"damage":1,"enemies":"Gensokyo:Gryphon","floor":4,"turns":4},{"damage":42,"enemies":"Gensokyo:Aya","floor":6,"turns":7},{"damage":0,"enemies":"Gensokyo:Python","floor":14,"turns":3},{"damage":21,"enemies":"Gensokyo:Reimu","floor":16,"turns":12},{"damage":29,"enemies":"Gensokyo:Chomper","floor":18,"turns":5},{"damage":27,"enemies":"Gensokyo:CosmicMonolith","floor":21,"turns":5},{"damage":56,"enemies":"Gensokyo:Wraith","floor":22,"turns":4},{"damage":3,"enemies":"Gensokyo:Reisen","floor":23,"turns":1}],"seed_played":"4601913332127162253","potions_obtained":[{"floor":4,"key":"DuplicationPotion"},{"floor":6,"key":"GrandPatriotsElixir:ReiMu"},{"floor":14,"key":"SpeedPotion"},{"floor":18,"key":"Ancient Potion"}],"is_trial":false,"path_per_floor":["M","$","?","M","COS","E","R","?","T","$","?","?","$","M","R","B",null,"M","?","?","M","M","E"],"character_chosen":"DOCTOR_CLASS","items_purchased":["ZombieArmy","ats:Magnetic Hammer","ats:Revitalization","ats:Charging Defense","ats:Healing Strengthening","ats:Sunburst","ats:Revitalization"],"campfire_rested":0,"item_purchase_floors":[0,0,0,0,2,10,10],"current_hp_per_floor":[70,70,70,71,71,43,43,43,43,43,43,43,43,49,49,60,69,46,46,46,45,3,0,0],"gold":164,"neow_bonus":"","is_daily":false,"chose_seed":false,"campfire_upgraded":2,"win_rate":0.0,"timestamp":1610888823,"path_taken":["M","?","?","M","COS","E","R","?","T","$","?","?","?","M","R","BOSS","M","?","?","?","M","E"],"items_purchased_type":["Relic","Card","Card","Card","Card","Card","Card"],"build_version":"2020-12-22","purchased_purges":0,"victory":false,"max_hp_per_floor":[72,72,72,72,72,72,72,72,72,72,72,72,72,72,72,72,72,72,51,46,46,46,46,46],"card_choices":[{"not_picked":["ats:Hammer On","ats:Explosion Area Strengthen"],"picked":"ats:Burning Ground","floor":1},{"not_picked":["ats:Soul Rend","ats:Explosion Area Strengthen"],"picked":"ats:Apocalypse","floor":4},{"not_picked":["ats:Explosion Area Strengthen","ats:Spore Proliferation","ats:Defend Order"],"picked":"SKIP","floor":6},{"not_picked":["ats:Healing Strengthening","ats:Ignite"],"picked":"ats:Guardian Obelisk","floor":14},{"not_picked":["ats:True Silver Slash","ats:Nebulous Foxfire"],"picked":"ats:Echo Reverb","floor":16},{"not_picked":["ats:Powerful Strike","ats:Explosion Area Strengthen"],"picked":"ats:Part Time Job+1","floor":18},{"not_picked":["Gensokyo:ManorOfTheDishes","Gensokyo:EightFeetTall"],"picked":"Gensokyo:TekeTeke","floor":20},{"not_picked":["ats:Directed Diagnosis","ats:LN2 Cannon","ats:Poison Spread"],"picked":"SKIP","floor":21},{"not_picked":["ats:Assault Order","ats:Curse Doll+1","ats:Directed Diagnosis"],"picked":"SKIP","floor":22}],"player_experience":118626,"relics_obtained":[{"floor":6,"key":"ats:Originium"},{"floor":6,"key":"Smiling Mask"},{"floor":9,"key":"Oddly Smooth Stone"}],"event_choices":[],"is_beta":false,"boss_relics":[{"not_picked":["SacredBark","hubris:CrackedHourglass"],"picked":"hubris:TerracottaHorce"}],"items_purged_floors":[],"is_endless":false,"potions_floor_spawned":[4,6,14,18],"killed_by":"Gensokyo:Reisen","ascension_level":0}}