{"host":"bplbr8uekuotory4","time":1610867233,"event":{"mods":["Act Like it!","BaseMod","Custom Start","Gensokyo","GungeonMod","Hermit","KinomotoSakuraMod(ƒæ÷Æ±æ”£)","Koishi","Marisa£®ÏF”Í°°ƒß¿Ì…≥£©","Minty Spire (QoL Compilation)","Prisma Mod","Quick Restart","Reimu£®≤©¿ˆ¡È√Œ£©","SOS£®Àπ∞Õ¥Ô÷Æ◊”£©","Spicy Shops","StSLib","TestMod","The Alterego","The Blackbeard","The Cursed","The Marked","The Mystic","The Runesmith","The Saiyan","The Servant 0.9.4","Yuri Mod","[IsaacMod]“‘»ˆº‚À˛","vexMod"],"gold_per_floor":[120,225,225,250,23,49,123,123,173,205,232,232,258,291,291,394,344,359,359,82,100,7,7,27,27,27,47,72,79,79],"floor_reached":29,"language":"ZHS","playtime":659,"items_purged":["alterego_mod:HighServant","alterego_mod:Strike","Shame"],"score":403,"play_id":"dcc0b30d-d5f4-431a-9bf1-9fbc11a561d5","local_time":"20210117150713","is_ascension_mode":true,"campfire_choices":[{"data":"alterego_mod:SakuraFive","floor":8,"key":"SMITH"},{"data":"alterego_mod:SakuraLabyrinth","floor":12,"key":"SMITH"},{"data":"alterego_mod:Cushion","floor":15,"key":"SMITH"},{"data":"alterego_mod:Venus","floor":23,"key":"SMITH"}],"circlet_count":0,"master_deck":["alterego_mod:Strike","alterego_mod:Strike","alterego_mod:Strike","alterego_mod:Defend","alterego_mod:Defend","alterego_mod:Defend","alterego_mod:Impale","alterego_mod:BigMeatyClaws","alterego_mod:BrynhildrsRune","alterego_mod:SakuraFive+1","alterego_mod:MagicResistance","alterego_mod:RidiculouslyBig","alterego_mod:BusterCard","alterego_mod:PresenceConcealment","alterego_mod:DiscoLights+1","alterego_mod:SakuraLabyrinth+1","alterego_mod:Cushion+1","alterego_mod:Venus+1","alterego_mod:PainIsPleasure"],"relics":["alterego_mod:MasochisticConstitution","testmod-TestBox","HushsDoor","SalivaCoin","testmod-ThousandKnives","NeowsBlessing","Lantern","Toolbox","MoneyPower","Runesmith:Nanobots","testmod-HeartOfDaVinci","Toy Ornithopter","Tiny House","GuppysHairball","GuppysHead","Koishi:AHoleWhereASisterShouldBe","DemoMod:PortableTableDevice","DemoMod:GundromedaStrain","DemoMod:Metronome"],"acts_visited":["Exordium","TheCity"],"potions_floor_usage":[16,18],"damage_taken":[{"damage":2,"enemies":"Small Slimes","floor":1,"turns":2},{"damage":0,"enemies":"Gremlin Nob","floor":6,"turns":1},{"damage":0,"enemies":"3 Sentries","floor":10,"turns":1},{"damage":1,"enemies":"Cultist","floor":11,"turns":4},{"damage":0,"enemies":"Gremlin Nob","floor":13,"turns":1},{"damage":23,"enemies":"2 Louse","floor":14,"turns":5},{"damage":0,"enemies":"Hexaghost","floor":16,"turns":9},{"damage":0,"enemies":"Shell Parasite","floor":18,"turns":3},{"damage":11,"enemies":"2 Thieves","floor":21,"turns":4},{"damage":0,"enemies":"Sentry and Sphere","floor":24,"turns":2},{"damage":0,"enemies":"Snecko","floor":27,"turns":2},{"damage":11,"enemies":"3 Cultists","floor":28,"turns":4},{"damage":8,"enemies":"Centurion and Healer","floor":29,"turns":2}],"seed_played":"-8506987789548791395","potions_obtained":[{"floor":6,"key":"Block Potion"},{"floor":10,"key":"Regen Potion"},{"floor":13,"key":"Explosive Potion"},{"floor":17,"key":"PowerPotion"},{"floor":21,"key":"Energy Potion"},{"floor":24,"key":"FearPotion"}],"is_trial":false,"path_per_floor":["M","?","?","T","$","E","T","R","T","E","M","R","E","M","R","B",null,"M","?","$","M","$","R","M","$","T","M","M","M"],"character_chosen":"The_Alterego","items_purchased":["Toolbox","GuppysHairball","GuppysHead","DemoMod:PortableTableDevice","DemoMod:GundromedaStrain"],"campfire_rested":0,"item_purchase_floors":[5,17,17,20,22],"current_hp_per_floor":[71,56,56,56,56,56,56,56,56,56,63,63,63,41,41,46,58,58,58,58,55,55,55,55,55,55,55,45,37,37],"gold":79,"neow_bonus":"THREE_ENEMY_KILL","is_daily":false,"chose_seed":false,"campfire_upgraded":4,"win_rate":0.0,"timestamp":1610867233,"path_taken":["M","?","?","?","?","E","?","R","T","E","?","R","E","M","R","BOSS","M","?","$","?","$","R","M","?","T","M","M","M"],"items_purchased_type":["Relic","Relic","Relic","Relic","Relic"],"build_version":"2020-12-22","purchased_purges":3,"victory":false,"max_hp_per_floor":[71,71,71,71,71,71,71,71,71,71,72,72,72,73,73,73,58,58,58,58,59,59,59,59,59,59,59,60,60,60],"card_choices":[{"not_picked":[],"picked":"Bomb","floor":0},{"not_picked":["alterego_mod:Lingerie","alterego_mod:MagicResistance"],"picked":"alterego_mod:SakuraFive","floor":1},{"not_picked":["alterego_mod:BiFurious","alterego_mod:Birthday"],"picked":"Bomb","floor":6},{"not_picked":["alterego_mod:Mirror","alterego_mod:PerceptionDisorder"],"picked":"alterego_mod:DiscoLights","floor":10},{"not_picked":["Bomb","alterego_mod:SakuraPetals"],"picked":"alterego_mod:SakuraLabyrinth","floor":11},{"not_picked":["alterego_mod:Belle","alterego_mod:DustData","alterego_mod:DiscoLights"],"picked":"SKIP","floor":13},{"not_picked":["alterego_mod:Cooking","alterego_mod:GachaTicket"],"picked":"alterego_mod:Cushion","floor":14},{"not_picked":["alterego_mod:Valkyrie","alterego_mod:STier"],"picked":"alterego_mod:Venus","floor":16},{"not_picked":["alterego_mod:1TonWallop","alterego_mod:Bounce+1","alterego_mod:Skirt"],"picked":"SKIP","floor":18},{"not_picked":["alterego_mod:Cycle","alterego_mod:MagicResistance","alterego_mod:HighServant"],"picked":"SKIP","floor":21},{"not_picked":["alterego_mod:1TonWallop","alterego_mod:DeftHands+1","alterego_mod:DustData"],"picked":"SKIP","floor":24},{"not_picked":["alterego_mod:Cushion","alterego_mod:Cycle","alterego_mod:MagicResistance"],"picked":"SKIP","floor":27},{"not_picked":["alterego_mod:Jiggle+1","alterego_mod:GoddessCore"],"picked":"alterego_mod:PainIsPleasure","floor":28}],"player_experience":1217688,"relics_obtained":[{"floor":4,"key":"Lantern"},{"floor":6,"key":"MoneyPower"},{"floor":7,"key":"Runesmith:Nanobots"},{"floor":10,"key":"testmod-HeartOfDaVinci"},{"floor":13,"key":"Toy Ornithopter"},{"floor":26,"key":"DemoMod:Metronome"}],"event_choices":[{"damage_healed":0,"gold_gain":0,"player_choice":"Stole Relic","damage_taken":0,"relics_obtained":["Koishi:AHoleWhereASisterShouldBe"],"max_hp_gain":0,"max_hp_loss":0,"event_name":"Addict","floor":19,"gold_loss":0,"cards_obtained":["Shame"]}],"is_beta":false,"boss_relics":[{"not_picked":["theMarked:SpiritSword","Ectoplasm"],"picked":"Tiny House"},{"not_picked":[]}],"items_purged_floors":[5,17,20],"is_endless":false,"potions_floor_spawned":[6,10,13,14,21,24,28],"killed_by":"Centurion and Healer","ascension_level":2}}