{"host":"9h1qbmp5h1ch7u4r","time":1610848150,"event":{"mods":["BaseMod","Lobotomy","Minty Spire (QoL Compilation)","StSLib"],"gold_per_floor":[119,119,133,54,54,97,97,97,97,97,120,120,133,133,133],"floor_reached":14,"language":"ENG","playtime":671,"items_purged":[],"score":176,"play_id":"69deb67f-abbe-417a-aadb-29cd3aef7619","local_time":"20210116204910","is_ascension_mode":true,"campfire_choices":[{"data":"Feed","floor":7.0,"key":"SMITH"},{"data":"Bash","floor":10.0,"key":"SMITH"},{"data":"Fiend Fire","floor":12.0,"key":"SMITH"}],"circlet_count":0,"master_deck":["AscendersBane","Strike_R","Strike_R","Strike_R","Strike_R","Strike_R","Defend_R","Defend_R","Defend_R","Defend_R","Bash+1","MHz","Anger","Injury","Evolve","Fiend Fire+1","Feed+1","OSAHOGD","CherryBlossoms","Laetitia","Armaments"],"relics":["Burning Blood","CogitoBucket","Golden Idol","Bag of Preparation","The Courier"],"acts_visited":["Exordium"],"potions_floor_usage":[14,14,14],"damage_taken":[{"damage":4.0,"enemies":"2 Louse","floor":1.0,"turns":5.0},{"damage":11.0,"enemies":"Jaw Worm","floor":3.0,"turns":6.0},{"damage":30.0,"enemies":"3 Sentries","floor":6.0,"turns":7.0},{"damage":7.0,"enemies":"Cultist","floor":11.0,"turns":4.0},{"damage":0.0,"enemies":"2 Fungi Beasts","floor":13.0,"turns":2.0},{"damage":49,"enemies":"Lagavulin","floor":14,"turns":8}],"seed_played":"6288722615834793033","potions_obtained":[{"floor":1.0,"key":"Explosive Potion"},{"floor":6.0,"key":"BloodPotion"},{"floor":8.0,"key":"EntropicBrew"}],"is_trial":false,"path_per_floor":["M","?","M","$","?","E","R","?","T","R","M","R","M","E"],"character_chosen":"IRONCLAD","items_purchased":["Fiend Fire"],"campfire_rested":0,"item_purchase_floors":[4],"current_hp_per_floor":[70,70,65,65,65,41,41,41,41,41,40,40,46,12,12],"gold":133,"neow_bonus":"","is_daily":false,"chose_seed":false,"campfire_upgraded":3,"win_rate":0.0,"timestamp":1610848150,"path_taken":["M","?","M","$","?","E","R","?","T","R","?","R","M","E"],"items_purchased_type":["Card"],"build_version":"2020-12-22","purchased_purges":0,"victory":false,"max_hp_per_floor":[75,75,75,75,75,75,75,75,75,75,75,75,75,75,75],"card_choices":[{"not_picked":["SingingMachine","OSAHOGD"],"picked":"MHz","floor":1.0},{"not_picked":["Wild Strike","Entrench"],"picked":"Anger","floor":1.0},{"not_picked":["Clash","Twin Strike"],"picked":"Evolve","floor":3.0},{"not_picked":["Havoc","Cleave"],"picked":"Feed","floor":6.0},{"not_picked":["MeatLantern","QueenOfHatred","Scorched"],"picked":"Singing Bowl","floor":6.0},{"not_picked":["Porccubus","Scorched"],"picked":"OSAHOGD","floor":6.0},{"not_picked":["Wellcheers","Mercenary"],"picked":"CherryBlossoms","floor":11.0},{"not_picked":["Anger","Havoc","Wild Strike"],"picked":"SKIP","floor":11.0},{"not_picked":["Scorched","QueenBee","Freischutz"],"picked":"Singing Bowl","floor":13.0},{"not_picked":["ShyLook","FairyFestival"],"picked":"Laetitia","floor":13.0},{"not_picked":["Cleave","Perfected Strike"],"picked":"Armaments","floor":13.0}],"player_experience":878835,"relics_obtained":[{"floor":6.0,"key":"Bag of Preparation"},{"floor":9.0,"key":"The Courier"}],"event_choices":[{"damage_healed":0.0,"max_hp_gain":0.0,"max_hp_loss":0.0,"gold_gain":0.0,"event_name":"Golden Idol","player_choice":"Take Wound","floor":2.0,"gold_loss":0.0,"damage_taken":0.0,"relics_obtained":["Golden Idol"],"cards_obtained":["Injury"]},{"damage_healed":0.0,"max_hp_gain":0.0,"max_hp_loss":0.0,"gold_gain":0.0,"event_name":"Liars Game","player_choice":"Ignored","floor":5.0,"gold_loss":0.0,"damage_taken":0.0},{"damage_healed":0.0,"max_hp_gain":0.0,"max_hp_loss":0.0,"gold_gain":0.0,"event_name":"Lab","player_choice":"Got Potions","floor":8.0,"gold_loss":0.0,"damage_taken":0.0}],"is_beta":false,"boss_relics":[],"items_purged_floors":[],"is_endless":false,"potions_floor_spawned":[1,6],"killed_by":"Lagavulin","ascension_level":20}}