{"host":"9tdk3zzhmpo6o3dg","time":1610885514,"event":{"mods":["AchievementEnabler","BaseMod","Downfall","Hermit","Hunter 猎人","Koishi","Marisa（F雨　魔理沙）","Minty Spire (QoL Compilation)","SOS（斯巴达之子）","Shop Mod","StSLib","The Alterego","The Animator","The Cursed","The Hierophant","The Marked","The Servant 0.9.4","WarShipGirlsR/战舰少女R mod","Yuri Mod"],"gold_per_floor":[116,130,140,152,152,196,196,271,271,271,302,149,170,170,170,295,295,310,310,310,129,152,170,209,209,233,233,249,263,70,89,89,217,217,233,246,14,27,50,50,5,48,48,66,66,81,81,100,100,100],"floor_reached":51,"language":"ZHS","playtime":2939,"items_purged":["Dramatic Entrance","Writhe","Strike_G"],"score":761,"play_id":"a1c4e83e-c48d-4cc6-9bab-46d878591833","local_time":"20210117201154","is_ascension_mode":false,"campfire_choices":[{"floor":7,"key":"REST"},{"data":"Infinite Blades","floor":10,"key":"SMITH"},{"data":"Infinite Blades","floor":15,"key":"SMITH"},{"data":"Prepared","floor":25,"key":"SMITH"},{"floor":27,"key":"REST"},{"floor":32,"key":"REST"},{"floor":40,"key":"REST"},{"data":"Prepared","floor":45,"key":"SMITH"},{"floor":49,"key":"REST"}],"circlet_count":0,"master_deck":["Strike_G","Strike_G","Strike_G","Strike_G","Defend_G","Defend_G","Defend_G","Defend_G","Defend_G","Survivor","Neutralize","Prepared","Infinite Blades+1","Finisher","Escape Plan","Footwork","Infinite Blades+1","Footwork","Accuracy","Night Terror","Prepared+1","Necronomicurse","Well Laid Plans","Accuracy","Cloak And Dagger","Blade Dance","Footwork+1","Tactician+1","Infinite Blades","Tools of the Trade","Malaise","Backflip+1","Expertise","Accuracy","Footwork","Outmaneuver","Prepared+1","Footwork","Well Laid Plans","Writhe","Backflip"],"relics":["Ring of the Snake","Golden Idol","Mummified Hand","Kunai","Ornamental Fan","SlaversCollar","Necronomicon","Blood Vial","Question Card","Oddly Smooth Stone","Busted Crown","Sling","Potion Belt","Shuriken"],"acts_visited":["Exordium","TheCity","TheBeyond"],"potions_floor_usage":[6,6,16,24,29,33,38,38,50],"damage_taken":[{"damage":0,"enemies":"Cultist","floor":1,"turns":4},{"damage":0,"enemies":"2 Louse","floor":2,"turns":2},{"damage":0,"enemies":"Small Slimes","floor":3,"turns":2},{"damage":6,"enemies":"3 Louse","floor":4,"turns":4},{"damage":22,"enemies":"Gremlin Nob","floor":6,"turns":5},{"damage":2,"enemies":"3 Sentries","floor":11,"turns":7},{"damage":2,"enemies":"Blue Slaver","floor":13,"turns":4},{"damage":17,"enemies":"The Guardian","floor":16,"turns":8},{"damage":8,"enemies":"Shell Parasite","floor":18,"turns":5},{"damage":0,"enemies":"3 Byrds","floor":22,"turns":5},{"damage":7,"enemies":"3 Cultists","floor":23,"turns":4},{"damage":16,"enemies":"Slavers","floor":24,"turns":6},{"damage":15,"enemies":"Snecko","floor":28,"turns":5},{"damage":0,"enemies":"Chosen and Byrds","floor":29,"turns":7},{"damage":19,"enemies":"Snake Plant","floor":31,"turns":6},{"damage":16,"enemies":"Champ","floor":33,"turns":9},{"damage":33,"enemies":"3 Darklings","floor":35,"turns":4},{"damage":7,"enemies":"Orb Walker","floor":36,"turns":3},{"damage":5,"enemies":"Transient","floor":38,"turns":5},{"damage":17,"enemies":"Jaw Worm Horde","floor":39,"turns":6},{"damage":0,"enemies":"Giant Head","floor":42,"turns":6},{"damage":18,"enemies":"Writhing Mass","floor":44,"turns":6},{"damage":11,"enemies":"Maw","floor":46,"turns":6},{"damage":18,"enemies":"Spire Growth","floor":48,"turns":6},{"damage":16,"enemies":"Donu and Deca","floor":50,"turns":8}],"seed_played":"-6200371455764302778","potions_obtained":[{"floor":3,"key":"Block Potion"},{"floor":4,"key":"CunningPotion"},{"floor":13,"key":"Fire Potion"},{"floor":18,"key":"Block Potion"},{"floor":28,"key":"SkillPotion"},{"floor":29,"key":"Energy Potion"},{"floor":31,"key":"GamblersBrew"},{"floor":35,"key":"Swift Potion"},{"floor":36,"key":"Swift Potion"},{"floor":44,"key":"champ:CounterPotion"},{"floor":46,"key":"EssenceOfSteel"}],"is_trial":false,"path_per_floor":["M","M","M","M","?","E","R","?","T","R","E","$","M","?","R","B",null,"M","?","?","$","M","M","E","R","T","R","M","M","$","M","R","B",null,"M","M","$","M","M","R","$","E","T","M","R","M","?","M","R","B",null],"character_chosen":"THE_SILENT","items_purchased":["Footwork","Well Laid Plans","Infinite Blades","Sling","Accuracy","Prepared"],"campfire_rested":5,"item_purchase_floors":[12,21,30,37,37,41],"current_hp_per_floor":[70,70,70,64,47,25,46,35,35,35,33,33,31,31,31,14,70,62,46,46,46,48,43,29,29,29,50,37,39,39,22,43,29,70,37,32,32,29,14,35,35,37,37,21,21,12,30,14,35,21],"gold":100,"neow_bonus":"RANDOM_COLORLESS","is_daily":false,"chose_seed":false,"campfire_upgraded":4,"win_rate":0.0,"timestamp":1610885514,"path_taken":["M","M","?","M","?","E","R","?","T","R","E","$","M","?","R","BOSS","M","?","?","$","M","M","E","R","T","R","M","M","$","M","R","BOSS","M","M","$","M","M","R","$","E","T","M","R","M","?","M","R","BOSS"],"items_purchased_type":["Card","Card","Card","Relic","Card","Card"],"build_version":"2020-12-22","purchased_purges":3,"victory":true,"max_hp_per_floor":[70,70,70,70,70,70,70,70,70,70,70,70,70,70,70,70,70,70,70,70,70,70,70,70,70,70,70,70,70,70,70,70,70,70,70,70,70,70,70,70,70,70,70,70,70,70,70,70,70,70],"card_choices":[{"not_picked":["Deep Breath","Bandage Up"],"picked":"Dramatic Entrance","floor":0},{"not_picked":["Deflect","Outmaneuver"],"picked":"Prepared","floor":1},{"not_picked":["Well Laid Plans","Heel Hook"],"picked":"Infinite Blades","floor":2},{"not_picked":["Caltrops","Endless Agony"],"picked":"Finisher","floor":3},{"not_picked":["Distraction","Cloak And Dagger"],"picked":"Escape Plan","floor":4},{"not_picked":["Prepared","Blur"],"picked":"Footwork","floor":6},{"not_picked":["Footwork","Endless Agony"],"picked":"Infinite Blades","floor":11},{"not_picked":["Calculated Gamble","Infinite Blades"],"picked":"Accuracy","floor":13},{"not_picked":["Phantasmal Killer","Envenom"],"picked":"Night Terror","floor":16},{"not_picked":["Quick Slash+1","Blur"],"picked":"Prepared","floor":18},{"not_picked":["Blade Dance","Flying Knee+1"],"picked":"Accuracy","floor":22},{"not_picked":["Underhanded Strike","Choke+1"],"picked":"Cloak And Dagger","floor":23},{"not_picked":["Quick Slash","Dash+1"],"picked":"Blade Dance","floor":24},{"not_picked":["Choke","Finisher+1","Backflip"],"picked":"Footwork+1","floor":28},{"not_picked":["Bane","Distraction","Sucker Punch+1"],"picked":"Tactician+1","floor":29},{"not_picked":["Sucker Punch","Slice","Bouncing Flask"],"picked":"Tools of the Trade","floor":31},{"not_picked":["Bullet Time","Unload","Glass Knife"],"picked":"Malaise","floor":33},{"not_picked":["Underhanded Strike+1"],"picked":"Backflip+1","floor":35},{"not_picked":["Underhanded Strike+1"],"picked":"Expertise","floor":36},{"not_picked":["Deadly Poison+1"],"picked":"Footwork","floor":38},{"not_picked":["All Out Attack+1"],"picked":"Outmaneuver","floor":39},{"not_picked":["Outmaneuver"],"picked":"Footwork","floor":42},{"not_picked":["Deadly Poison","Poisoned Stab+1"],"picked":"SKIP","floor":44},{"not_picked":["Quick Slash"],"picked":"Well Laid Plans","floor":46},{"not_picked":["PiercingWail"],"picked":"Backflip","floor":48}],"player_experience":165199,"relics_obtained":[{"floor":6,"key":"Mummified Hand"},{"floor":9,"key":"Kunai"},{"floor":11,"key":"Ornamental Fan"},{"floor":19,"key":"Necronomicon"},{"floor":24,"key":"Question Card"},{"floor":26,"key":"Oddly Smooth Stone"},{"floor":42,"key":"Potion Belt"},{"floor":43,"key":"Shuriken"}],"event_choices":[{"damage_healed":0,"gold_gain":0,"player_choice":"Take Damage","damage_taken":17,"relics_obtained":["Golden Idol"],"max_hp_gain":0,"max_hp_loss":0,"event_name":"Golden Idol","floor":5,"gold_loss":0},{"damage_healed":0,"gold_gain":75,"player_choice":"Gather Gold","damage_taken":11,"max_hp_gain":0,"max_hp_loss":0,"event_name":"World of Goop","floor":8,"gold_loss":0},{"damage_healed":0,"gold_gain":0,"player_choice":"Obtained Book","damage_taken":16,"max_hp_gain":0,"max_hp_loss":0,"event_name":"Cursed Tome","floor":19,"gold_loss":0},{"damage_healed":0,"gold_gain":0,"player_choice":"Opened","damage_taken":0,"relics_obtained":["Blood Vial"],"max_hp_gain":0,"max_hp_loss":0,"event_name":"The Mausoleum","floor":20,"gold_loss":0,"cards_obtained":["Writhe"]},{"damage_healed":18,"gold_gain":0,"player_choice":"Writhe","damage_taken":0,"max_hp_gain":0,"max_hp_loss":0,"event_name":"Winding Halls","floor":47,"gold_loss":0,"cards_obtained":["Writhe"]}],"is_beta":false,"boss_relics":[{"not_picked":["Tiny House","Astrolabe"],"picked":"SlaversCollar"},{"not_picked":["Velvet Choker","Runic Pyramid"],"picked":"Busted Crown"}],"items_purged_floors":[12,21,30],"is_endless":false,"potions_floor_spawned":[3,4,13,18,28,29,31,35,36,44,46],"ascension_level":0}}