{"host":"00tqcjwpycel7e54","time":1610897553,"event":{"mods":["ATMod(阿瑾Mod)","Act Like it!","BaseMod","Colored Powertips","Decade(王小明)","Hermit","Highlight Path","Hubris","Luminous","Marisa（F雨　魔理沙）","Minty Spire (QoL Compilation)","Reimu（博丽灵梦）","Remilia（蕾米莉亚）","Robot Space Explorer","SOS（斯巴达之子）","Shop Mod","Spicy Shops","StSLib","The Administrix","The Animator","The Blackbeard","The Bug Knight","The Construct","The Cursed","The Gatherer","The Hierophant","The Mystic","The Runesmith","The Servant 0.9.4","WarShipGirlsR/战舰少女R mod","Youmu（魂魄妖梦）","Yuyuko","vexMod","【遗物卡牌】REMEMod"],"gold_per_floor":[112,131,146,146,321,346,373,373,398,425,425,436,31,45,45,150,150,165,155,155,172,190,224,242,271,271,322,39,39,74,74,74,197,197,286,386,386],"floor_reached":36,"language":"ZHS","playtime":1653,"items_purged":["Regret"],"score":543,"play_id":"83123028-67d6-4cc7-9c8a-c8e6c7ca7b81","local_time":"20210117233233","is_ascension_mode":true,"campfire_choices":[{"data":"Sunder","floor":8.0,"key":"SMITH"},{"floor":11.0,"key":"REST"},{"floor":15.0,"key":"REST"},{"floor":32,"key":"REST"}],"circlet_count":0,"master_deck":["Strike_B","Strike_B","Strike_B","Strike_B","Defend_B","Defend_B","Defend_B","Defend_B","Zap","Dualcast","Storm","AT_StudyProgram","Doubt","Sunder+1","BootSequence","Reinforced Body","Clumsy","Loop","hubris:SpecializedCircuitry","Defragment+1","Ball Lightning","Go for the Eyes+1","Coolheaded","AT_HeatAcrobatics+1","Static Discharge","Apotheosis","hubris:Ukulele+1","Defragment","AT_RightCognition","CurseOfTheBell","Steam Power+1"],"relics":["Cracked Core","AT_ATBox","REME_ComplimentaryCards","Boot","Happy Flower","ScarletDevilRocket","AT_ArcaneBoots","AT_ArchangelStaff","HollowMod:LifeEnderRelic","Runic Capacitor","Cables","hubris:EmptyBottle","hubris:TerracottaHorce","AT_ForceNature","AT_MibuBalloonWealth","Tea:ReiMu","Ancient Tea Set","Runesmith:AutoHammer","Calling Bell","REME_HandOfSuture","White Beast Statue","vexMod:RetaliationKit"],"acts_visited":["Exordium","TheCity","TheBeyond"],"potions_floor_usage":[30,33,33,33,35,36],"damage_taken":[{"damage":7.0,"enemies":"Jaw Worm","floor":1.0,"turns":3.0},{"damage":0.0,"enemies":"Small Slimes","floor":2.0,"turns":4.0},{"damage":1.0,"enemies":"Cultist","floor":3.0,"turns":3.0},{"damage":52.0,"enemies":"3 Sentries","floor":6.0,"turns":8.0},{"damage":16.0,"enemies":"Gremlin Nob","floor":10.0,"turns":3.0},{"damage":0.0,"enemies":"2 Fungi Beasts","floor":12.0,"turns":2.0},{"damage":11.0,"enemies":"Exordium Wildlife","floor":14.0,"turns":3.0},{"damage":12.0,"enemies":"The Guardian","floor":16.0,"turns":11.0},{"damage":2.0,"enemies":"2 Thieves","floor":18.0,"turns":4.0},{"damage":1.0,"enemies":"Shell Parasite","floor":21.0,"turns":3.0},{"damage":3.0,"enemies":"Chosen and Byrds","floor":22.0,"turns":4.0},{"damage":12.0,"enemies":"REME_1_Revenger","floor":23.0,"turns":3.0},{"damage":4.0,"enemies":"Centurion and Healer","floor":24.0,"turns":6.0},{"damage":12.0,"enemies":"HollowMod:Nosk","floor":25.0,"turns":6.0},{"damage":24.0,"enemies":"REME_1_Revenger","floor":27.0,"turns":7.0},{"damage":6,"enemies":"Snake Plant","floor":30,"turns":3},{"damage":18,"enemies":"Champ","floor":33,"turns":6},{"damage":18,"enemies":"3 Shapes","floor":35,"turns":3},{"damage":47,"enemies":"Orin","floor":36,"turns":6}],"seed_played":"-2183948491099417752","potions_obtained":[{"floor":2.0,"key":"Regen Potion"},{"floor":6.0,"key":"Weak Potion"},{"floor":14.0,"key":"SpeedPotion"},{"floor":16.0,"key":"PowerPotion"},{"floor":20.0,"key":"LiquidMemories"},{"floor":21.0,"key":"SpeedPotion"},{"floor":22.0,"key":"SteroidPotion"},{"floor":30,"key":"Block Potion"},{"floor":33,"key":"DistilledChaos"},{"floor":35,"key":"PotionOfCapacity"}],"is_trial":false,"path_per_floor":["M","M","M","?","?","E","T","R","T","E","R","M","$","M","R","B",null,"M","?","?","M","M","E","M","E","T","E","$","?","M","?","R","B",null,"M","?"],"character_chosen":"DEFECT","items_purchased":["Runic Capacitor","Cables","hubris:EmptyBottle","Static Discharge","Runesmith:AutoHammer","Energy Potion"],"campfire_rested":3,"item_purchase_floors":[13,13,13,28,28,28],"current_hp_per_floor":[68,68,67,67,67,30,30,30,30,14,36,36,36,25,47,35,65,63,63,63,62,59,47,43,31,31,7,7,7,1,1,23,5,58,40,0,0],"gold":386,"neow_bonus":"RANDOM_COMMON_RELIC","is_daily":false,"chose_seed":false,"campfire_upgraded":1,"win_rate":0.0,"timestamp":1610897553,"path_taken":["M","M","M","?","?","E","?","R","T","E","R","M","$","?","R","BOSS","M","?","?","M","M","E","M","E","T","E","$","?","M","?","R","BOSS","M","?"],"items_purchased_type":["Relic","Relic","Relic","Card","Relic","Potion"],"build_version":"2020-12-22","purchased_purges":1,"victory":false,"max_hp_per_floor":[75,75,75,75,75,75,75,75,75,75,75,75,75,75,75,75,75,75,75,75,75,75,75,75,75,75,75,75,75,75,75,75,75,75,75,75,75],"card_choices":[{"not_picked":["Rebound","Redo"],"picked":"Storm","floor":1.0},{"not_picked":["Go for the Eyes","Cold Snap"],"picked":"AT_StudyProgram","floor":2.0},{"not_picked":["Compile Driver","Beam Cell","Gash"],"picked":"SKIP","floor":3.0},{"not_picked":["Reprogram","Darkness"],"picked":"Sunder","floor":6.0},{"not_picked":["Hyperbeam","Hologram"],"picked":"BootSequence","floor":10.0},{"not_picked":["Sweeping Beam","Streamline"],"picked":"Reinforced Body","floor":12.0},{"not_picked":["Barrage","Gash"],"picked":"Loop","floor":14.0},{"not_picked":["Rainbow","Seek"],"picked":"hubris:SpecializedCircuitry","floor":16.0},{"not_picked":["Gash","Darkness"],"picked":"Defragment+1","floor":18.0},{"not_picked":[],"picked":"Ball Lightning","floor":19.0},{"not_picked":["Blizzard+1","Rebound+1"],"picked":"Go for the Eyes+1","floor":21.0},{"not_picked":["Leap","Streamline"],"picked":"Coolheaded","floor":22.0},{"not_picked":["AT_RobotInSpace","Rip and Tear","Cold Snap"],"picked":"SKIP","floor":23.0},{"not_picked":["Coolheaded","Gash"],"picked":"AT_HeatAcrobatics+1","floor":24.0},{"not_picked":["Blizzard","Gash","Sunder+1"],"picked":"SKIP","floor":25.0},{"not_picked":["Redo+1","Stack","Gash+1"],"picked":"SKIP","floor":27.0},{"not_picked":["Streamline","hubris:SpecializedCircuitry"],"picked":"hubris:Ukulele+1","floor":30},{"not_picked":["REME_Shoggoth","hubris:Prefetch"],"picked":"AT_RightCognition","floor":33},{"not_picked":["Hologram+1","Go for the Eyes"],"picked":"Steam Power+1","floor":35}],"player_experience":736466,"relics_obtained":[{"floor":6.0,"key":"ScarletDevilRocket"},{"floor":7.0,"key":"AT_SpeedBoots"},{"floor":9.0,"key":"AT_ArchangelStaff"},{"floor":10.0,"key":"HollowMod:LifeEnderRelic"},{"floor":23.0,"key":"AT_ForceNature"},{"floor":25.0,"key":"AT_MibuBalloonWealth"},{"floor":26.0,"key":"Tea:ReiMu"},{"floor":27.0,"key":"Ancient Tea Set"},{"floor":34,"key":"REME_HandOfSuture"},{"floor":34,"key":"White Beast Statue"},{"floor":34,"key":"vexMod:RetaliationKit"}],"event_choices":[{"damage_healed":0.0,"max_hp_gain":0.0,"max_hp_loss":0.0,"gold_gain":0.0,"event_name":"Big Fish","player_choice":"Box","floor":4.0,"gold_loss":0.0,"damage_taken":0.0,"relics_obtained":["Happy Flower"],"cards_obtained":["Regret"]},{"damage_healed":0.0,"max_hp_gain":0.0,"max_hp_loss":0.0,"gold_gain":175.0,"event_name":"Liars Game","player_choice":"AGREE","floor":5.0,"gold_loss":0.0,"damage_taken":0.0,"cards_obtained":["Doubt"]},{"damage_healed":0,"gold_gain":0,"player_choice":"Read","damage_taken":0,"max_hp_gain":0,"max_hp_loss":0,"event_name":"The Library","floor":31,"gold_loss":0,"cards_obtained":["Defragment"]},{"damage_healed":0,"gold_gain":0,"player_choice":"Fight","damage_taken":0,"max_hp_gain":0,"max_hp_loss":0,"event_name":"OrinTheCat","floor":36,"gold_loss":0}],"is_beta":false,"boss_relics":[{"not_picked":["hubris:VirtuousBlindfold","REME_ChargedStone"],"picked":"hubris:TerracottaHorce"},{"not_picked":["Runesmith:UraniumAnvil","hubris:RunicObelisk"],"picked":"Calling Bell"}],"items_purged_floors":[13],"is_endless":false,"potions_floor_spawned":[2,6,14,16,21,22,30,33,35],"killed_by":"Orin","ascension_level":4}}