{"host":"i1h39d0gfh5c6uxl","time":1610895369,"event":{"mods":["AchievementEnabler","BaseMod","Colored Map","Colored Powertips","Highlight Path","Minty Spire (QoL Compilation)"],"gold_per_floor":[114,114,114,128,138,138,155,155,234,259,276,297,325,339,339,436,436,446,446,476,487,504,504,530,530,530,556,556,556,255,255,255,255,255],"floor_reached":33,"language":"ENG","playtime":2135,"items_purged":["Strike_P+1"],"score":293,"play_id":"e9ea4ce1-c280-40e2-82a6-6181b57aae94","local_time":"20210117225609","is_ascension_mode":false,"campfire_choices":[{"data":"Eruption","floor":6.0,"key":"SMITH"},{"data":"FlurryOfBlows","floor":8.0,"key":"SMITH"},{"data":"Study","floor":15.0,"key":"SMITH"},{"floor":23.0,"key":"REST"},{"floor":25.0,"key":"REST"},{"floor":29,"key":"REST"},{"floor":32,"key":"REST"}],"circlet_count":0,"master_deck":["Strike_P+1","Strike_P+1","Strike_P+1","Defend_P+1","Defend_P+1","Defend_P+1","Defend_P+1","Eruption+1","Vigilance","FlurryOfBlows+1","Study+1","EmptyFist","ThirdEye","FollowUp","Indignation","MasterReality","Fasting2","Evaluate+1","WheelKick"],"relics":["Busted Crown"],"acts_visited":["Exordium","TheCity"],"potions_floor_usage":[33,33],"damage_taken":[{"damage":0.0,"enemies":"Small Slimes","floor":1.0,"turns":2.0},{"damage":1.0,"enemies":"Jaw Worm","floor":4.0,"turns":3.0},{"damage":3.0,"enemies":"2 Louse","floor":5.0,"turns":3.0},{"damage":2.0,"enemies":"Looter","floor":7.0,"turns":3.0},{"damage":10.0,"enemies":"Lagavulin","floor":10.0,"turns":4.0},{"damage":2.0,"enemies":"Large Slime","floor":11.0,"turns":6.0},{"damage":0.0,"enemies":"The Mushroom Lair","floor":12.0,"turns":3.0},{"damage":10.0,"enemies":"3 Sentries","floor":13.0,"turns":6.0},{"damage":1.0,"enemies":"3 Louse","floor":14.0,"turns":3.0},{"damage":21.0,"enemies":"Hexaghost","floor":16.0,"turns":7.0},{"damage":10.0,"enemies":"2 Thieves","floor":18.0,"turns":3.0},{"damage":27.0,"enemies":"Masked Bandits","floor":20.0,"turns":6.0},{"damage":0.0,"enemies":"Chosen","floor":21.0,"turns":3.0},{"damage":16.0,"enemies":"Centurion and Healer","floor":22.0,"turns":7.0},{"damage":34.0,"enemies":"Book of Stabbing","floor":24.0,"turns":6.0},{"damage":26.0,"enemies":"Slavers","floor":27.0,"turns":5.0},{"damage":53,"enemies":"Collector","floor":33,"turns":5}],"seed_played":"-7848803979343576974","potions_obtained":[{"floor":4.0,"key":"DistilledChaos"},{"floor":5.0,"key":"SneckoOil"},{"floor":10.0,"key":"BottledMiracle"},{"floor":16.0,"key":"SneckoOil"},{"floor":21.0,"key":"SkillPotion"}],"is_trial":false,"path_per_floor":["M","?","?","M","M","R","M","R","T","E","M","?","E","M","R","B",null,"M","?","?","M","M","R","E","R","T","E","?","R","$","?","R","B"],"character_chosen":"WATCHER","items_purchased":["WheelKick","Ambrosia","AttackPotion"],"campfire_rested":4,"item_purchase_floors":[30,30,30],"current_hp_per_floor":[72,72,72,71,68,68,66,66,66,56,54,54,44,43,43,22,72,62,62,35,35,19,40,6,27,27,1,1,22,22,22,43,0,0],"gold":255,"neow_bonus":"BOSS_RELIC","is_daily":false,"chose_seed":false,"campfire_upgraded":3,"win_rate":0.0,"timestamp":1610895369,"path_taken":["M","?","?","M","M","R","M","R","T","E","M","?","E","M","R","BOSS","M","?","?","M","M","R","E","R","T","E","?","R","$","?","R","BOSS"],"items_purchased_type":["Card","Potion","Potion"],"build_version":"2020-12-22","purchased_purges":1,"victory":false,"max_hp_per_floor":[72,72,72,72,72,72,72,72,72,72,72,72,72,72,72,72,72,72,72,72,72,72,72,72,72,72,72,72,72,72,72,72,72,72],"card_choices":[{"not_picked":[],"picked":"FlurryOfBlows","floor":1.0},{"not_picked":["Perseverance"],"picked":"SKIP","floor":4.0},{"not_picked":[],"picked":"Study","floor":5.0},{"not_picked":[],"picked":"EmptyFist","floor":7.0},{"not_picked":[],"picked":"ThirdEye","floor":10.0},{"not_picked":[],"picked":"FollowUp","floor":11.0},{"not_picked":[],"picked":"Indignation","floor":12.0},{"not_picked":["WindmillStrike"],"picked":"SKIP","floor":13.0},{"not_picked":["PathToVictory"],"picked":"SKIP","floor":14.0},{"not_picked":[],"picked":"MasterReality","floor":16.0},{"not_picked":[],"picked":"Fasting2","floor":18.0},{"not_picked":[],"picked":"Evaluate+1","floor":20.0},{"not_picked":["Prostrate"],"picked":"SKIP","floor":21.0},{"not_picked":["Weave"],"picked":"SKIP","floor":22.0},{"not_picked":["WaveOfTheHand+1"],"picked":"SKIP","floor":24.0},{"not_picked":["ThirdEye"],"picked":"SKIP","floor":27.0}],"player_experience":1376169,"relics_obtained":[],"event_choices":[{"damage_healed":0.0,"max_hp_gain":0.0,"max_hp_loss":0.0,"gold_gain":0.0,"event_name":"Liars Game","player_choice":"Ignored","floor":2.0,"gold_loss":0.0,"damage_taken":0.0},{"damage_healed":0.0,"max_hp_gain":0.0,"max_hp_loss":0.0,"gold_gain":0.0,"event_name":"Golden Idol","player_choice":"Ignored","floor":3.0,"gold_loss":0.0,"damage_taken":0.0},{"damage_healed":0.0,"max_hp_gain":0.0,"max_hp_loss":0.0,"gold_gain":0.0,"event_name":"Mushrooms","player_choice":"Fought Mushrooms","floor":12.0,"gold_loss":0.0,"damage_taken":0.0},{"damage_healed":0.0,"max_hp_gain":0.0,"max_hp_loss":0.0,"gold_gain":0.0,"event_name":"Back to Basics","player_choice":"Simplicity","floor":19.0,"gold_loss":0.0,"damage_taken":0.0,"cards_upgraded":["Strike_P","Strike_P","Strike_P","Strike_P","Defend_P","Defend_P","Defend_P","Defend_P"]},{"damage_healed":0.0,"max_hp_gain":0.0,"max_hp_loss":0.0,"gold_gain":0.0,"event_name":"Masked Bandits","player_choice":"Fought Bandits","floor":20.0,"gold_loss":0.0,"damage_taken":0.0},{"damage_healed":0,"gold_gain":0,"player_choice":"Ignored","damage_taken":0,"max_hp_gain":0,"max_hp_loss":0,"event_name":"Ghosts","floor":31,"gold_loss":0}],"is_beta":false,"boss_relics":[{"not_picked":["Coffee Dripper","Sozu","Calling Bell"]}],"items_purged_floors":[30],"is_endless":false,"potions_floor_spawned":[4,5,10,16,21],"killed_by":"Collector","ascension_level":0}}