{"host":"ds1yr10zonoc6w4a","time":1610900061,"event":{"mods":["AchievementEnabler","BaseMod","Better Match","Better Third Choice","BetterRewards","Energized Spire","Minty Spire (QoL Compilation)","StSLib","The Animator"],"gold_per_floor":[119,119,133,206,106,132,132,161,161,211,229,0,15,15,15,15,15],"floor_reached":16,"language":"ENG","playtime":2387,"items_purged":["animator:Strike","animator:Hinaichigo","animator:Defend"],"score":300,"play_id":"800eee61-e3b3-49e4-92de-d610944d6d86","local_time":"20210117091421","is_ascension_mode":true,"campfire_choices":[{"data":"animator:TomoeKashiwaba","floor":7,"key":"SMITH"},{"data":"animator:Henrietta","floor":15,"key":"SMITH"}],"circlet_count":0,"master_deck":["AscendersBane","animator:Strike_RozenMaiden+1","animator:Defend_RozenMaiden","animator:Strike+1","animator:Defend","animator:Defend","animator:Souseiseki","animator:TomoeKashiwaba+1","animator:TomoeKashiwaba","animator:TomoeKashiwaba","animator:Yusa","animator:MeguKakizaki","animator:YoshinoHaruhiko","animator:Shinku","animator:Henrietta+1"],"relics":["animator:LivingPicture","animator:TheMissingPiece","animator:PurgingStone","Singing Bowl","Medical Kit","Whetstone","PreservedInsect","Paper Frog","Sundial"],"acts_visited":["Exordium"],"potions_floor_usage":[6,13,13,13,13],"damage_taken":[{"damage":3,"enemies":"Small Slimes","floor":1,"turns":4},{"damage":0,"enemies":"Cultist","floor":3,"turns":2},{"damage":32,"enemies":"3 Sentries","floor":6,"turns":7},{"damage":2,"enemies":"Jaw Worm","floor":8,"turns":3},{"damage":2,"enemies":"Blue Slaver","floor":11,"turns":4},{"damage":2,"enemies":"Lots of Slimes","floor":13,"turns":3},{"damage":24,"enemies":"The Guardian","floor":16,"turns":5}],"seed_played":"-530244924149928913","potions_obtained":[{"floor":1,"key":"Strength Potion"},{"floor":8,"key":"EntropicBrew"},{"floor":11,"key":"PowerPotion"}],"is_trial":false,"path_per_floor":["M","?","M","?","$","E","R","M","T","?","M","$","M","T","R","B"],"character_chosen":"THE_ANIMATOR","items_purchased":["animator:TomoeKashiwaba","Singing Bowl","Medical Kit","Whetstone","animator:Shinku"],"campfire_rested":0,"item_purchase_floors":[0,0,0,0,12],"current_hp_per_floor":[51,51,53,53,53,21,21,19,19,19,23,23,21,21,21,0,0],"gold":15,"neow_bonus":"","is_daily":false,"chose_seed":true,"campfire_upgraded":2,"win_rate":0.0,"timestamp":1610900061,"path_taken":["M","?","?","?","$","E","R","M","T","?","M","$","?","?","R","BOSS"],"items_purchased_type":["Card","Relic","Relic","Relic","Card"],"build_version":"2020-12-22","purchased_purges":3,"victory":false,"max_hp_per_floor":[60,60,62,62,62,62,62,62,62,62,62,62,62,62,62,62,62],"card_choices":[{"not_picked":["animator:MamiTomoe","animator:LeleiLaLalena"],"picked":"animator:TomoeKashiwaba","floor":1},{"not_picked":["animator:IrohaTamaki","animator:Souseiseki","animator:Minori"],"picked":"Singing Bowl","floor":3},{"not_picked":["animator:ReineMurasame","animator:AliceMargatroid"],"picked":"animator:Yusa","floor":6},{"not_picked":["animator:Hinaichigo","animator:Shirosaki"],"picked":"animator:MeguKakizaki","floor":8},{"not_picked":["animator:Chaa","animator:MarisaKirisame"],"picked":"animator:YoshinoHaruhiko","floor":11},{"not_picked":["animator:Souseiseki","animator:Natsumi"],"picked":"animator:Henrietta","floor":13}],"player_experience":789719,"relics_obtained":[{"floor":6,"key":"PreservedInsect"},{"floor":9,"key":"Paper Frog"},{"floor":14,"key":"Sundial"}],"event_choices":[{"damage_healed":0,"gold_gain":0,"cards_transformed":["animator:Strike"],"player_choice":"Transformed","damage_taken":0,"max_hp_gain":0,"max_hp_loss":0,"event_name":"Transmorgrifier","floor":2,"gold_loss":0,"cards_obtained":["animator:TomoeKashiwaba"]},{"damage_healed":0,"gold_gain":73,"player_choice":"Gained Gold","damage_taken":0,"max_hp_gain":0,"max_hp_loss":0,"event_name":"Golden Wing","floor":4,"gold_loss":0},{"damage_healed":0,"gold_gain":50,"player_choice":"Pray","damage_taken":0,"max_hp_gain":0,"max_hp_loss":0,"event_name":"Golden Shrine","floor":10,"gold_loss":0}],"is_beta":false,"boss_relics":[],"items_purged_floors":[0,5,12],"is_endless":false,"potions_floor_spawned":[1,8,11],"killed_by":"The Guardian","ascension_level":20}}