{"host":"s8ccp9jw4vzp58l1","time":1610909174,"event":{"mods":["BaseMod","Colored Map","Colored Powertips","Minty Spire (QoL Compilation)","Relic Stats"],"gold_per_floor":[419,432,432,432,35,69,69,69,69,99,118,146,164,194,194,294,294,312,324,343,359,369,369,383,383,407,322,322,336,49,49,49,49,49],"floor_reached":33,"language":"ENG","playtime":3299,"items_purged":["Strike_R"],"score":277,"play_id":"a5367128-2e92-4e4c-9755-1990886cb2a3","local_time":"20210117124614","is_ascension_mode":false,"campfire_choices":[{"floor":7,"key":"REST"},{"data":"Discovery","floor":15,"key":"SMITH"},{"data":"Limit Break","floor":23,"key":"SMITH"},{"data":"Armaments","floor":25,"key":"SMITH"},{"data":"Metallicize","floor":32,"key":"SMITH"}],"circlet_count":0,"master_deck":["Strike_R","Strike_R","Strike_R","Strike_R+1","Defend_R+1","Defend_R","Defend_R","Defend_R","Bash","Headbutt","Dropkick","Discovery+1","Shrug It Off","Iron Wave","Ghostly Armor","Warcry","Iron Wave","Rage","Limit Break+1","Pommel Strike","Perfected Strike","Twin Strike","Clash","Heavy Blade+1","Armaments+1","Cleave","Metallicize+1","Sadistic Nature"],"relics":["Black Blood","Old Coin","Lantern","Oddly Smooth Stone","Bag of Marbles","Sundial","Shuriken","Thread and Needle","Bottled Lightning","Anchor","Juzu Bracelet"],"acts_visited":["Exordium","TheCity"],"potions_floor_usage":[6,13,14,20,21,22,24],"damage_taken":[{"damage":3,"enemies":"Cultist","floor":1,"turns":3},{"damage":8,"enemies":"Small Slimes","floor":2,"turns":4},{"damage":31,"enemies":"Gremlin Nob","floor":6,"turns":5},{"damage":17,"enemies":"Lagavulin","floor":10,"turns":6},{"damage":0,"enemies":"Jaw Worm","floor":11,"turns":2},{"damage":3,"enemies":"Gremlin Nob","floor":12,"turns":4},{"damage":0,"enemies":"Gremlin Gang","floor":13,"turns":2},{"damage":10,"enemies":"Lagavulin","floor":14,"turns":10},{"damage":28,"enemies":"Hexaghost","floor":16,"turns":16},{"damage":2,"enemies":"Shell Parasite","floor":18,"turns":8},{"damage":0,"enemies":"Chosen","floor":19,"turns":4},{"damage":23,"enemies":"Snake Plant","floor":20,"turns":4},{"damage":4,"enemies":"Cultist and Chosen","floor":21,"turns":9},{"damage":20,"enemies":"Sentry and Sphere","floor":22,"turns":7},{"damage":8,"enemies":"Shelled Parasite and Fungi","floor":24,"turns":5},{"damage":9,"enemies":"Snake Plant","floor":29,"turns":5},{"damage":71,"enemies":"Collector","floor":33,"turns":7}],"seed_played":"8744204055778969127","potions_obtained":[{"floor":2,"key":"SkillPotion"},{"floor":6,"key":"Explosive Potion"},{"floor":11,"key":"Block Potion"},{"floor":13,"key":"Explosive Potion"},{"floor":16,"key":"LiquidBronze"},{"floor":18,"key":"GamblersBrew"},{"floor":21,"key":"SteroidPotion"}],"is_trial":false,"path_per_floor":["M","M","?","?","$","E","R","T","T","E","M","E","M","E","R","B",null,"M","M","M","M","M","R","M","R","T","?","?","M","$","?","R","B"],"character_chosen":"IRONCLAD","items_purchased":["Lantern","Oddly Smooth Stone","Discovery","Metallicize","Sadistic Nature"],"campfire_rested":1,"item_purchase_floors":[5,5,5,30,30],"current_hp_per_floor":[80,78,71,55,55,30,54,54,54,43,49,52,58,54,54,32,80,80,80,69,77,69,69,73,73,73,73,73,76,76,68,68,0,0],"gold":49,"neow_bonus":"ONE_RARE_RELIC","is_daily":false,"chose_seed":false,"campfire_upgraded":4,"win_rate":0.0,"timestamp":1610909174,"path_taken":["M","M","?","?","$","E","R","?","T","E","M","E","M","E","R","BOSS","M","M","M","M","?","R","M","R","T","?","?","M","$","?","R","BOSS"],"items_purchased_type":["Relic","Relic","Card","Card","Card"],"build_version":"2020-12-22","purchased_purges":1,"victory":false,"max_hp_per_floor":[80,80,80,80,80,80,80,80,80,80,80,80,80,80,80,80,80,80,80,80,80,80,80,80,80,80,80,80,80,80,80,80,80,80],"relic_stats":{"counters":[17,101],"Sundial":[10],"Shuriken":[18],"Black Blood":113,"Juzu Bracelet":1,"obtain_stats":[{"Lantern":5,"Anchor":14,"Sundial":8,"Shuriken":9,"Oddly Smooth Stone":5,"Black Blood":17,"Thread and Needle":10,"Bag of Marbles":6,"Juzu Bracelet":27,"Bottled Lightning":12,"Burning Blood":0,"Old Coin":0},{"Lantern":2,"Anchor":8,"Sundial":3,"Shuriken":3,"Oddly Smooth Stone":2,"Black Blood":9,"Thread and Needle":4,"Bag of Marbles":3,"Juzu Bracelet":15,"Bottled Lightning":6,"Burning Blood":0,"Old Coin":0},{"Lantern":7,"Anchor":36,"Sundial":12,"Shuriken":12,"Oddly Smooth Stone":7,"Black Blood":52,"Thread and Needle":18,"Bag of Marbles":12,"Juzu Bracelet":89,"Bottled Lightning":24,"Burning Blood":0,"Old Coin":0}]},"card_choices":[{"not_picked":["Havoc","Entrench"],"picked":"Headbutt","floor":1},{"not_picked":["Searing Blow","Clothesline"],"picked":"Dropkick","floor":2},{"not_picked":["True Grit","Body Slam"],"picked":"Shrug It Off","floor":6},{"not_picked":["Clothesline","Headbutt"],"picked":"Iron Wave","floor":10},{"not_picked":["Pummel","Flame Barrier"],"picked":"Ghostly Armor","floor":11},{"not_picked":["Blood for Blood","Body Slam","Warcry"],"picked":"SKIP","floor":12},{"not_picked":["Blood for Blood","Body Slam"],"picked":"Warcry","floor":12},{"not_picked":["Clothesline","Brutality"],"picked":"Iron Wave","floor":13},{"not_picked":["Clothesline","Combust"],"picked":"Rage","floor":14},{"not_picked":["Impervious","Berserk"],"picked":"Limit Break","floor":16},{"not_picked":["Sword Boomerang","Clash"],"picked":"Pommel Strike","floor":18},{"not_picked":["Burning Pact","Havoc"],"picked":"Perfected Strike","floor":19},{"not_picked":["Combust","Feel No Pain+1"],"picked":"Twin Strike","floor":20},{"not_picked":["Disarm+1","Iron Wave"],"picked":"Clash","floor":21},{"not_picked":["Evolve","Wild Strike"],"picked":"Heavy Blade","floor":22},{"not_picked":["Power Through","True Grit"],"picked":"Armaments","floor":24},{"not_picked":["Wild Strike","Impervious"],"picked":"Cleave","floor":29}],"player_experience":117115,"relics_obtained":[{"floor":6,"key":"Bag of Marbles"},{"floor":8,"key":"Sundial"},{"floor":9,"key":"Shuriken"},{"floor":10,"key":"Thread and Needle"},{"floor":12,"key":"Bottled Lightning"},{"floor":14,"key":"Anchor"}],"event_choices":[{"cards_removed":["Regret"],"damage_healed":0,"gold_gain":0,"player_choice":"Card Removal","damage_taken":7,"max_hp_gain":0,"max_hp_loss":0,"event_name":"Golden Wing","floor":3,"gold_loss":0},{"damage_healed":0,"gold_gain":0,"player_choice":"Entered Light","damage_taken":16,"max_hp_gain":0,"max_hp_loss":0,"event_name":"Shining Light","floor":4,"gold_loss":0,"cards_upgraded":["Defend_R","Strike_R"]},{"damage_healed":0,"gold_gain":0,"player_choice":"Obtained Relic","damage_taken":0,"relics_obtained":["Juzu Bracelet"],"max_hp_gain":0,"max_hp_loss":0,"event_name":"Addict","floor":27,"gold_loss":85},{"damage_healed":0,"gold_gain":0,"player_choice":"Upgraded","damage_taken":0,"max_hp_gain":0,"max_hp_loss":0,"event_name":"Upgrade Shrine","floor":28,"gold_loss":0,"cards_upgraded":["Heavy Blade"]},{"damage_healed":0,"gold_gain":0,"player_choice":"Damaged","damage_taken":8,"max_hp_gain":0,"max_hp_loss":0,"event_name":"Wheel of Change","floor":31,"gold_loss":0}],"is_beta":false,"boss_relics":[{"not_picked":["Black Star","Fusion Hammer"],"picked":"Black Blood"}],"items_purged_floors":[30],"is_endless":false,"potions_floor_spawned":[2,6,11,13,16,18,19,21],"killed_by":"Collector","ascension_level":0}}