{"host":"yn1175etg9ni8l0q","time":1610895043,"event":{"mods":["AchievementEnabler","BaseMod","Colored Map","Colored Powertips","DeckTracker","Minty Spire (QoL Compilation)","Rare Cards Sparkle","Relic Stats","SuperFastMode","everything is the same but u backflip on backflip"],"gold_per_floor":[118,118,132,143,143,143,153,173,173,173,28,28,39,51,51,150,150,166,178,178,198,123,123,123,136,217,217,234,234,253,266,266,368,368,387,387,287,287,287],"floor_reached":38,"language":"KOR","playtime":839,"items_purged":["Strike_B+1","Strike_B+1"],"score":370,"play_id":"dad33de9-aa45-4c2a-8374-704858dfaa86","local_time":"20210117235043","is_ascension_mode":false,"campfire_choices":[{"data":"Zap","floor":6.0,"key":"SMITH"},{"data":"Dualcast","floor":10,"key":"SMITH"},{"floor":12,"key":"RECALL"},{"data":"Rip and Tear","floor":15,"key":"SMITH"},{"data":"Biased Cognition","floor":23,"key":"SMITH"},{"floor":27,"key":"REST"},{"data":"Tempest","floor":29,"key":"SMITH"},{"floor":32,"key":"REST"}],"circlet_count":0,"master_deck":["Strike_B+1","Strike_B+1","Defend_B+1","Defend_B+1","Defend_B+1","Zap+1","Dualcast+1","Flash of Steel","Leap","Coolheaded","Rip and Tear+1","Biased Cognition+1","Cold Snap","Go for the Eyes","Ball Lightning","Glacier","Tempest+1","Sunder+1","Coolheaded+1","Creative AI"],"relics":["Cracked Core","Runic Capacitor","Inserter","Bottled Tornado","Snecko Eye"],"acts_visited":["Exordium","TheCity","TheBeyond"],"potions_floor_usage":[25,33,33,33,33,33],"damage_taken":[{"damage":1.0,"enemies":"2 Louse","floor":1.0,"turns":3.0},{"damage":5.0,"enemies":"Small Slimes","floor":3.0,"turns":2.0},{"damage":0.0,"enemies":"Jaw Worm","floor":4.0,"turns":3.0},{"damage":0.0,"enemies":"Blue Slaver","floor":7.0,"turns":4.0},{"damage":0.0,"enemies":"3 Louse","floor":8.0,"turns":3.0},{"damage":17,"enemies":"Exordium Thugs","floor":13,"turns":5},{"damage":5,"enemies":"Blue Slaver","floor":14,"turns":4},{"damage":42,"enemies":"Hexaghost","floor":16,"turns":15},{"damage":3,"enemies":"Spheric Guardian","floor":18,"turns":4},{"damage":21,"enemies":"Shell Parasite","floor":19,"turns":6},{"damage":23,"enemies":"Snake Plant","floor":21,"turns":5},{"damage":15,"enemies":"Sentry and Sphere","floor":25,"turns":6},{"damage":0,"enemies":"Centurion and Healer","floor":28,"turns":7},{"damage":21,"enemies":"Snake Plant","floor":30,"turns":2},{"damage":3,"enemies":"Shelled Parasite and Fungi","floor":31,"turns":5},{"damage":16,"enemies":"Champ","floor":33,"turns":9},{"damage":34,"enemies":"Orb Walker","floor":35,"turns":4},{"damage":0,"enemies":"2 Orb Walkers","floor":38,"turns":1}],"seed_played":"5510806193163008387","potions_obtained":[{"floor":1.0,"key":"EntropicBrew"},{"floor":3.0,"key":"SmokeBomb"},{"floor":4.0,"key":"LiquidMemories"},{"floor":13,"key":"Weak Potion"},{"floor":28,"key":"FearPotion"},{"floor":30,"key":"SkillPotion"}],"is_trial":false,"path_per_floor":["M","?","M","M","?","R","M","M","T","R","$","R","M","M","R","B",null,"M","M","?","M","$","R","?","M","T","R","M","R","M","M","R","B",null,"M","?","$","?"],"character_chosen":"DEFECT","items_purchased":["Runic Capacitor"],"campfire_rested":2,"item_purchase_floors":[11],"current_hp_per_floor":[74,74,69,69,74,74,74,74,74,74,74,74,57,52,52,10,80,77,56,56,33,33,33,18,3,3,28,28,28,7,4,29,13,85,51,51,51,51,51],"gold":287,"neow_bonus":"RANDOM_COLORLESS","is_daily":false,"chose_seed":false,"campfire_upgraded":5,"win_rate":0.0,"timestamp":1610895043,"path_taken":["M","?","M","M","?","R","M","M","T","R","$","R","M","M","R","BOSS","M","M","?","M","$","R","?","M","T","R","M","R","M","M","R","BOSS","M","?","$","?"],"items_purchased_type":["Relic"],"build_version":"2020-12-22","purchased_purges":2,"victory":false,"max_hp_per_floor":[75,75,75,75,80,80,80,80,80,80,80,80,80,80,80,80,80,80,80,80,80,80,80,85,85,85,85,85,85,85,85,85,85,85,85,85,85,85,85],"relic_stats":{"Inserter":[23],"counters":[18,88],"Snecko Eye":[3,11,8,13],"obtain_stats":[{"Inserter":17,"Snecko Eye":34,"Runic Capacitor":11,"Bottled Tornado":26,"Cracked Core":0},{"Inserter":8,"Snecko Eye":16,"Runic Capacitor":5,"Bottled Tornado":12,"Cracked Core":0},{"Inserter":39,"Snecko Eye":83,"Runic Capacitor":15,"Bottled Tornado":60,"Cracked Core":0}]},"card_choices":[{"not_picked":["Trip","Jack Of All Trades"],"picked":"Flash of Steel","floor":0.0},{"not_picked":["Beam Cell","Stack","Double Energy"],"picked":"SKIP","floor":1.0},{"not_picked":["Turbo","Rebound"],"picked":"Leap","floor":3.0},{"not_picked":["Gash","Beam Cell"],"picked":"Coolheaded","floor":4.0},{"not_picked":["Leap","Creative AI","Reprogram"],"picked":"SKIP","floor":7.0},{"not_picked":["Compile Driver","Steam","Scrape"],"picked":"SKIP","floor":8.0},{"not_picked":["Stack","Reinforced Body"],"picked":"Rip and Tear","floor":13},{"not_picked":["Hologram","Streamline","Rebound"],"picked":"SKIP","floor":14},{"not_picked":["Reboot","Echo Form"],"picked":"Biased Cognition","floor":16},{"not_picked":["Coolheaded","BootSequence"],"picked":"Cold Snap","floor":18},{"not_picked":["Sweeping Beam","Conserve Battery"],"picked":"Go for the Eyes","floor":19},{"not_picked":["Recycle","Redo"],"picked":"Ball Lightning","floor":21},{"not_picked":["Sunder","Melter"],"picked":"Glacier","floor":25},{"not_picked":["Undo","Self Repair"],"picked":"Tempest","floor":28},{"not_picked":["Barrage","Lockon"],"picked":"Sunder+1","floor":30},{"not_picked":["Storm+1","Redo"],"picked":"Coolheaded+1","floor":31},{"not_picked":["Thunder Strike","Multi-Cast"],"picked":"Creative AI","floor":33},{"not_picked":["Steam","Hologram+1","Fusion+1"],"picked":"SKIP","floor":35}],"player_experience":336729,"relics_obtained":[{"floor":26,"key":"Bottled Tornado"}],"event_choices":[{"damage_healed":0.0,"max_hp_gain":0.0,"max_hp_loss":0.0,"gold_gain":0.0,"event_name":"Shining Light","player_choice":"Ignored","floor":2.0,"gold_loss":0.0,"damage_taken":0.0},{"damage_healed":0.0,"max_hp_gain":5.0,"max_hp_loss":0.0,"gold_gain":0.0,"event_name":"Big Fish","player_choice":"Donut","floor":5.0,"gold_loss":0.0,"damage_taken":0.0},{"damage_healed":0,"gold_gain":0,"player_choice":"Simplicity","damage_taken":0,"max_hp_gain":0,"max_hp_loss":0,"event_name":"Back to Basics","floor":20,"gold_loss":0,"cards_upgraded":["Strike_B","Strike_B","Strike_B","Strike_B","Defend_B","Defend_B","Defend_B","Defend_B"]},{"damage_healed":0,"gold_gain":0,"player_choice":"Shed Blood","damage_taken":20,"max_hp_gain":5,"max_hp_loss":0,"event_name":"Forgotten Altar","floor":24,"gold_loss":0},{"cards_removed":["Defend_B"],"damage_healed":0,"gold_gain":0,"player_choice":"Removed Skill","damage_taken":0,"max_hp_gain":0,"max_hp_loss":0,"event_name":"Falling","floor":36,"gold_loss":0},{"damage_healed":0,"gold_gain":0,"player_choice":"Fight","damage_taken":0,"max_hp_gain":0,"max_hp_loss":0,"event_name":"Mysterious Sphere","floor":38,"gold_loss":0}],"is_beta":false,"boss_relics":[{"not_picked":["Velvet Choker","Black Star"],"picked":"Inserter"},{"not_picked":["Fusion Hammer","Busted Crown"],"picked":"Snecko Eye"}],"items_purged_floors":[22,37],"is_endless":false,"potions_floor_spawned":[1,3,4,13,19,28,30,31],"killed_by":"2 Orb Walkers","ascension_level":0}}