{"host":"i1h39d0gfh5c6uxl","time":1610892887,"event":{"mods":["AchievementEnabler","BaseMod","Colored Map","Colored Powertips","Highlight Path","Minty Spire (QoL Compilation)"],"gold_per_floor":[99,99,99,49,49,49,22,22,22,22,22,22,22,22,22,22,22],"floor_reached":16,"language":"ENG","playtime":268,"items_purged":[],"score":108,"play_id":"d33b8fdf-1234-436d-98a2-55acf40315f2","local_time":"20210117221447","is_ascension_mode":false,"campfire_choices":[{"data":"Eruption","floor":6,"key":"SMITH"},{"data":"ReachHeaven","floor":10,"key":"SMITH"},{"data":"Alpha","floor":15,"key":"SMITH"}],"circlet_count":0,"master_deck":["Strike_P","Strike_P","Strike_P","Defend_P","Defend_P","Defend_P","Defend_P","Eruption+1","Vigilance","FearNoEvil","CutThroughFate","ReachHeaven+1","Alpha+1","EmptyBody+1","Parasite"],"relics":["Ectoplasm","InkBottle","Smiling Mask","TeardropLocket","Art of War"],"acts_visited":["Exordium"],"potions_floor_usage":[],"damage_taken":[{"damage":0,"enemies":"Small Slimes","floor":1,"turns":3},{"damage":6,"enemies":"Jaw Worm","floor":2,"turns":4},{"damage":1,"enemies":"2 Louse","floor":3,"turns":2},{"damage":1,"enemies":"3 Sentries","floor":8,"turns":7},{"damage":14,"enemies":"Gremlin Nob","floor":11,"turns":3},{"damage":0,"enemies":"Looter","floor":12,"turns":1},{"damage":0,"enemies":"Hexaghost","floor":16,"turns":1}],"seed_played":"-6476532666268692413","potions_obtained":[{"floor":3,"key":"Ancient Potion"},{"floor":8,"key":"EssenceOfSteel"},{"floor":11,"key":"Ancient Potion"}],"is_trial":false,"path_per_floor":["M","M","M","?","T","R","$","E","T","R","E","M","?","?","R","B"],"character_chosen":"WATCHER","items_purchased":["CutThroughFate"],"campfire_rested":0,"item_purchase_floors":[7],"current_hp_per_floor":[72,66,65,65,65,65,65,64,64,64,50,50,68,68,68,68,68],"gold":22,"neow_bonus":"BOSS_RELIC","is_daily":false,"chose_seed":false,"campfire_upgraded":3,"win_rate":0.0,"timestamp":1610892887,"path_taken":["M","M","M","?","?","R","$","E","T","R","E","M","?","?","R","BOSS"],"items_purchased_type":["Card"],"build_version":"2020-12-22","purchased_purges":0,"victory":false,"max_hp_per_floor":[72,72,72,72,72,72,72,72,72,72,72,72,72,72,72,72,72],"card_choices":[{"not_picked":["Evaluate","Perseverance","PathToVictory"],"picked":"SKIP","floor":1},{"not_picked":["Vengeance","Crescendo","FlyingSleeves"],"picked":"SKIP","floor":2},{"not_picked":["Protect","Halt"],"picked":"FearNoEvil","floor":3},{"not_picked":["EmptyFist","CrushJoints"],"picked":"ReachHeaven","floor":8},{"not_picked":["EmptyBody","JustLucky"],"picked":"Alpha","floor":11},{"not_picked":["PathToVictory","Adaptation"],"picked":"EmptyBody","floor":12}],"player_experience":1375588,"relics_obtained":[{"floor":5,"key":"InkBottle"},{"floor":8,"key":"Smiling Mask"},{"floor":9,"key":"TeardropLocket"},{"floor":11,"key":"Art of War"}],"event_choices":[{"cards_removed":["Strike_P"],"damage_healed":0,"gold_gain":0,"player_choice":"Card Removal","damage_taken":0,"max_hp_gain":0,"max_hp_loss":0,"event_name":"The Cleric","floor":4,"gold_loss":50},{"damage_healed":18,"gold_gain":0,"player_choice":"Healed and dodged fight","damage_taken":0,"max_hp_gain":0,"max_hp_loss":0,"event_name":"Mushrooms","floor":13,"gold_loss":0,"cards_obtained":["Parasite"]},{"damage_healed":0,"gold_gain":0,"player_choice":"Forge","damage_taken":0,"max_hp_gain":0,"max_hp_loss":0,"event_name":"Accursed Blacksmith","floor":14,"gold_loss":0,"cards_upgraded":["EmptyBody"]}],"is_beta":false,"boss_relics":[],"items_purged_floors":[],"is_endless":false,"potions_floor_spawned":[3,8,11],"killed_by":"Hexaghost","ascension_level":0}}