{"host":"i1h39d0gfh5c6uxl","time":1610895619,"event":{"mods":["AchievementEnabler","BaseMod","Colored Map","Colored Powertips","Highlight Path","Minty Spire (QoL Compilation)"],"gold_per_floor":[110,110,4,18,18,33,33,33,33,33,33,44,44,61,61,61,61],"floor_reached":16,"language":"ENG","playtime":239,"items_purged":[],"score":90,"play_id":"36d837d2-0c39-41fe-818d-03cac2ed630c","local_time":"20210117230019","is_ascension_mode":false,"campfire_choices":[{"data":"Eruption","floor":13,"key":"SMITH"},{"floor":15,"key":"REST"}],"circlet_count":0,"master_deck":["Strike_P","Strike_P","Strike_P","Strike_P","Defend_P","Defend_P","Defend_P","Defend_P","Eruption+1","Vigilance","SashWhip","FlurryOfBlows","CrushJoints","FearNoEvil"],"relics":["SlaversCollar","Bottled Flame","CultistMask"],"acts_visited":["Exordium"],"potions_floor_usage":[],"damage_taken":[{"damage":7,"enemies":"Small Slimes","floor":1,"turns":4},{"damage":0,"enemies":"2 Louse","floor":4,"turns":3},{"damage":0,"enemies":"Cultist","floor":6,"turns":2},{"damage":9,"enemies":"Exordium Thugs","floor":12,"turns":4},{"damage":2,"enemies":"Looter","floor":14,"turns":3},{"damage":0,"enemies":"Hexaghost","floor":16,"turns":1}],"seed_played":"-8495164432183174671","potions_obtained":[{"floor":6,"key":"StancePotion"}],"is_trial":false,"path_per_floor":["M","?","$","M","?","M","$","?","T","?","$","M","R","M","R","B"],"character_chosen":"WATCHER","items_purchased":["FlurryOfBlows","CrushJoints"],"campfire_rested":1,"item_purchase_floors":[3,3],"current_hp_per_floor":[65,65,65,65,65,65,65,58,58,58,58,49,49,47,68,68,68],"gold":61,"neow_bonus":"BOSS_RELIC","is_daily":false,"chose_seed":false,"campfire_upgraded":1,"win_rate":0.0,"timestamp":1610895619,"path_taken":["M","?","$","M","?","?","?","?","T","?","$","?","R","?","R","BOSS"],"items_purchased_type":["Card","Card"],"build_version":"2020-12-22","purchased_purges":0,"victory":false,"max_hp_per_floor":[72,72,72,72,72,72,72,72,72,72,72,72,72,72,72,72,72],"card_choices":[{"not_picked":["PathToVictory","Protect"],"picked":"SashWhip","floor":1},{"not_picked":["EmptyFist","SandsOfTime"],"picked":"BowlingBash","floor":4},{"not_picked":["Protect","CutThroughFate"],"picked":"FearNoEvil","floor":6},{"not_picked":["Indignation","Swivel","Evaluate"],"picked":"SKIP","floor":12},{"not_picked":["ClearTheMind","Sanctity","FollowUp"],"picked":"SKIP","floor":14}],"player_experience":1378304,"relics_obtained":[{"floor":9,"key":"Bottled Flame"}],"event_choices":[{"damage_healed":0,"gold_gain":0,"player_choice":"Ignored","damage_taken":0,"max_hp_gain":0,"max_hp_loss":0,"event_name":"Golden Idol","floor":2,"gold_loss":0},{"cards_removed":["BowlingBash"],"damage_healed":0,"gold_gain":0,"player_choice":"Took Card","damage_taken":0,"max_hp_gain":0,"max_hp_loss":0,"event_name":"NoteForYourself","floor":5,"gold_loss":0,"cards_obtained":["Strike_B"]},{"cards_removed":["Strike_B"],"damage_healed":0,"gold_gain":0,"player_choice":"Card Removal","damage_taken":7,"max_hp_gain":0,"max_hp_loss":0,"event_name":"Golden Wing","floor":8,"gold_loss":0},{"damage_healed":0,"gold_gain":0,"player_choice":"Trade","damage_taken":0,"relics_obtained":["CultistMask"],"max_hp_gain":0,"max_hp_loss":0,"event_name":"FaceTrader","floor":10,"gold_loss":0}],"is_beta":false,"boss_relics":[],"items_purged_floors":[],"is_endless":false,"potions_floor_spawned":[6],"killed_by":"Hexaghost","ascension_level":0}}