{"host":"5ffrjkuvgrxgllwx","time":1610890740,"event":{"mods":["AchievementEnabler","BaseMod","Colored Map","Colored Powertips","Downfall","Minty Spire (QoL Compilation)","Quick Restart","Rare Cards Sparkle","StSLib","everything is the same but u backflip on backflip"],"gold_per_floor":[99,110,123,138,588,588,613,636,636,12,12,25,52,52,76,76,76,76],"floor_reached":16,"language":"ENG","playtime":820,"items_purged":["downfall:Icky"],"score":94,"play_id":"1ea19c19-f551-434e-9ffe-c0ea218a539d","local_time":"20210117083900","is_ascension_mode":false,"campfire_choices":[{"data":"hexamod:Sear","floor":1,"key":"SMITH"},{"data":"hexamod:SoulSteal","floor":9,"key":"SMITH"},{"data":"hexamod:RadiantFlame","floor":11,"key":"SMITH"}],"circlet_count":0,"master_deck":["hexamod:Strike","hexamod:Strike","hexamod:Strike","hexamod:Strike","hexamod:Defend+1","hexamod:Defend","hexamod:Defend+1","hexamod:Defend","hexamod:Sear+1","hexamod:Float","hexamod:SoulSteal+1","hexamod:RadiantFlame+1","hexamod:SecondSeal","downfall:Icky","downfall:Icky","hexamod:HeatMetal","hexamod:Incineration","hexamod:AdvancingGuard","hexamod:FirstSeal","hexamod:Hexaguard","hexamod:EmpoweredFlame","hexamod:HeatShield+1"],"relics":["hexamod:SpiritBrand","Oddly Smooth Stone","War Paint","Gremlin Horn","Lee\u0027s Waffle"],"acts_visited":["Exordium"],"potions_floor_usage":[8,16],"damage_taken":[{"damage":0,"enemies":"Small Slimes","floor":2,"turns":4},{"damage":0,"enemies":"2 Louse","floor":3,"turns":3},{"damage":0,"enemies":"Jaw Worm","floor":4,"turns":3},{"damage":13,"enemies":"2 Fungi Beasts","floor":8,"turns":4},{"damage":0,"enemies":"downfall:FleeingMerchant","floor":10,"turns":4},{"damage":19,"enemies":"Exordium Thugs","floor":12,"turns":4},{"damage":13,"enemies":"Lots of Slimes","floor":13,"turns":5},{"damage":6,"enemies":"Exordium Wildlife","floor":15,"turns":7},{"damage":77,"enemies":"WA_ARCHETYPE_RETAIN","floor":16,"turns":7}],"seed_played":"-100440297389230785","potions_obtained":[{"floor":3,"key":"SkillPotion"},{"floor":4,"key":"sneckomod:MuddlingPotion"},{"floor":12,"key":"sneckomod:MuddlingPotion"},{"floor":15,"key":"champ:CounterPotion"}],"is_trial":false,"path_per_floor":["R","M","M","M","?","?","T","M","R","$","R","M","M","?","M","B"],"character_chosen":"THE_SPIRIT","items_purchased":["Gremlin Horn","Lee\u0027s Waffle","hexamod:AdvancingGuard","hexamod:FirstSeal","hexamod:Hexaguard"],"campfire_rested":0,"item_purchase_floors":[10,10,10,10,10],"current_hp_per_floor":[77,77,77,77,77,65,65,52,52,84,84,72,66,66,67,0,0,0],"gold":76,"neow_bonus":"TEN_PERCENT_HP_BONUS","is_daily":false,"chose_seed":false,"campfire_upgraded":3,"win_rate":0.0,"timestamp":1610890740,"path_taken":["R","M","M","M","?","?","T","M","R","?","R","M","M","?","M","BOSS"],"items_purchased_type":["Relic","Relic","Card","Card","Card"],"build_version":"2020-12-22","purchased_purges":1,"victory":false,"max_hp_per_floor":[77,77,77,77,77,77,77,77,77,84,84,84,84,84,84,84,84,84],"card_choices":[{"not_picked":["hexamod:HauntingEcho","hexamod:Rewind"],"picked":"hexamod:SoulSteal","floor":2},{"not_picked":["hexamod:GhostOfSpirePast","hexamod:InspiringFlames"],"picked":"hexamod:RadiantFlame","floor":3},{"not_picked":["hexamod:NecessarySacrifice","hexamod:SpectralAdrenaline"],"picked":"hexamod:SecondSeal","floor":4},{"not_picked":["hexamod:RadiantFlame","hexamod:BurningTouch"],"picked":"hexamod:HeatMetal","floor":8},{"not_picked":["hexamod:GhostLash","hexamod:HauntingEcho"],"picked":"hexamod:Incineration","floor":10},{"not_picked":["hexamod:FastForward","hexamod:AdvancingGuard"],"picked":"hexamod:EmpoweredFlame","floor":12},{"not_picked":["hexamod:FastForward","hexamod:Again"],"picked":"hexamod:HeatShield","floor":13},{"not_picked":["hexamod:BurningTouch","hexamod:ThermalTransfer","hexamod:BacktrackSmack"],"picked":"SKIP","floor":15}],"player_experience":1396648,"relics_obtained":[{"floor":7,"key":"War Paint"}],"event_choices":[{"damage_healed":0,"gold_gain":0,"player_choice":"Success","damage_taken":12,"relics_obtained":["Oddly Smooth Stone"],"max_hp_gain":0,"max_hp_loss":0,"event_name":"Scrap Ooze","floor":6,"gold_loss":0},{"damage_healed":0,"gold_gain":0,"player_choice":"Forge","damage_taken":0,"max_hp_gain":0,"max_hp_loss":0,"event_name":"Accursed Blacksmith","floor":14,"gold_loss":0,"cards_upgraded":["hexamod:HeatShield"]}],"is_beta":false,"boss_relics":[],"items_purged_floors":[10],"is_endless":false,"potions_floor_spawned":[3,4,12,15],"killed_by":"WA_ARCHETYPE_RETAIN","ascension_level":0}}