{"host":"appz8zkad29u9482","time":1610923386,"event":{"mods":["2.2 Compatiblity","Act Like it!","Aspiration","BaseMod","Beaked The Cultist","Better Altar","Better Match","Better Note","Better Skull","Better Third Choice","BetterRewards","CapriCore","Conspire","Disable Question Mark Monsters","Energized Spire","Gensokyo","GifTheSpireLib","Gold Saver","Halation","Hermit","Hubris","Infinite Spire","Jedi Mod","Luminous","Marisa????????","Minty Spire (QoL Compilation)","Permanent Neow","Reimu??????","Replay The Spire","Spicy Shops","StSLib","Strawberry Spire","Stuff the Spire","The Administrix","The Bug Knight","The Construct","The Cursed","The Florist","The Hierophant","The Immortal","The Servant 0.9.4","yUi"],"gold_per_floor":[868,868,317,333,333,364,384,413,413,431,431,442,458,487,487,590,590,606,521,521,481,481,481,481,481,492,492,492,525,543,573,586,215,215,310,310,328,328,344,344,344,377,377,394,394,405,405,405,425,441,441,441],"floor_reached":53,"language":"ENG","playtime":3659,"items_purged":[],"score":1099,"play_id":"7abd3318-77bf-4fdb-814f-4eebde52f2c7","local_time":"20210117124306","is_ascension_mode":true,"campfire_choices":[{"data":"HollowMod:MothsMistake","floor":11.0,"key":"SMITH"},{"floor":15.0,"key":"REST"},{"data":"HollowMod:DungDefenderAura","floor":22.0,"key":"SMITH"},{"data":"StuffTheSpire:CopiaOfFamine","floor":25.0,"key":"SMITH"},{"data":"HollowMod:ZotesMagnificence","floor":27.0,"key":"SMITH"},{"data":"hubris:DuctTapeCard","floor":34,"key":"SMITH"},{"data":"ReplayUltimateDefense","floor":48,"key":"SMITH"}],"circlet_count":0,"master_deck":["HollowMod:NailStrikeStart","HollowMod:NailStrikeStart","HollowMod:QuickDashStart+1","HollowMod:QuickDashStart","HollowMod:QuickDashStart+1","HollowMod:QuickDashStart","HollowMod:FocusHealStart","HollowMod:PogoStrike","HollowMod:MothsMistake+1","HollowMod:ElderbugsWisdom+1","HollowMod:DashSlash","HollowMod:MidwifesHunger+1","HollowMod:HuntersJournal","HollowMod:ZotesMagnificence+1","HollowMod:DungDefenderAura+1","StuffTheSpire:CopiaOfFamine+1","HollowMod:TaintedHusks+1","HollowMod:InfectedCysts+1","hubris:DuctTapeCard+2","HollowMod:HerrahsAnger","HollowMod:MothsMistake","HollowMod:NewInfectedGuardian","HollowMod:MawleksShell+1","StuffTheSpire:BrainWave","HollowMod:MawleksShell","ReplayUltimateDefense+1","infinitespire:FutureSight","HollowMod:BrokenVessel","StuffTheSpire:Vigor","HollowMod:GrimmsGift+1","Wraith","HollowMod:Weaversong","HollowMod:InfectedAttack+1"],"relics":["HollowMod:VesselMask","jedi:arcanewood","halation:BlackBeret","Durian","Replay:Rubber Ducky","Letter Opener","Mirror","Replay:Mystery Machine","hubris:RunicObelisk","aspiration:HiddenCompartment","Meat on the Bone","infinitespire:CursedDice","hubris:DuctTape","Guide Book","Black Star","Toy Ornithopter","aspiration:FrozenJewel","construct:FoamFinger","halation:StarCompass"],"acts_visited":["Exordium","TheCity","TheBeyond"],"potions_floor_usage":[35,46,52],"damage_taken":[{"damage":1.0,"enemies":"Jaw Worm","floor":1.0,"turns":4.0},{"damage":5.0,"enemies":"Small Slimes","floor":4.0,"turns":4.0},{"damage":23.0,"enemies":"3 Sentries","floor":6.0,"turns":8.0},{"damage":0.0,"enemies":"Cultist","floor":7.0,"turns":4.0},{"damage":13.0,"enemies":"Lagavulin","floor":8.0,"turns":6.0},{"damage":6.0,"enemies":"Exordium Wildlife","floor":10.0,"turns":5.0},{"damage":4.0,"enemies":"Looter","floor":12.0,"turns":3.0},{"damage":7.0,"enemies":"Exordium Thugs","floor":13.0,"turns":5.0},{"damage":14.0,"enemies":"HollowMod:MossKnight","floor":14.0,"turns":6.0},{"damage":44.0,"enemies":"The Guardian","floor":16.0,"turns":10.0},{"damage":12.0,"enemies":"HollowMod:HuskSentry","floor":18.0,"turns":4.0},{"damage":0.0,"enemies":"Shell Parasite","floor":26.0,"turns":5.0},{"damage":0.0,"enemies":"Replay:Snechameleon","floor":29.0,"turns":4.0},{"damage":2.0,"enemies":"Shelled Parasite and Fungi","floor":30.0,"turns":4.0},{"damage":0.0,"enemies":"conspire:SneckoGhost","floor":31.0,"turns":5.0},{"damage":5,"enemies":"3 Cultists","floor":32,"turns":3},{"damage":51,"enemies":"Automaton","floor":35,"turns":7},{"damage":0,"enemies":"Orb Walker","floor":37,"turns":5},{"damage":11,"enemies":"3 Darklings","floor":39,"turns":3},{"damage":0,"enemies":"Giant Head","floor":42,"turns":7},{"damage":0,"enemies":"Jaw Worm Horde","floor":44,"turns":3},{"damage":0,"enemies":"4 Shapes","floor":46,"turns":5},{"damage":0,"enemies":"Sphere and 2 Shapes","floor":49,"turns":3},{"damage":6,"enemies":"HollowMod:SlobberingHusk","floor":50,"turns":8},{"damage":0,"enemies":"hubris:GrandSnecko","floor":52,"turns":13}],"seed_played":"9193679642363309399","potions_obtained":[{"floor":4.0,"key":"Block Potion"},{"floor":7.0,"key":"Weak Potion"},{"floor":12.0,"key":"Swift Potion"},{"floor":13.0,"key":"Strength Potion"},{"floor":16.0,"key":"LiquidMemories"},{"floor":26.0,"key":"FearPotion"},{"floor":29.0,"key":"Fruit Juice"},{"floor":32,"key":"Block Potion"},{"floor":39,"key":"jedi:wingpotion"},{"floor":42,"key":"conspire:TimeTravelPotion"},{"floor":44,"key":"ColorlessPotion"},{"floor":49,"key":"Toxic Potion"}],"is_trial":false,"path_per_floor":["M","?","$","M","?","E","M","E","T","M","R","M","M","E","R","B",null,"M","?","?","?","R","PTL","PTL","R","M","R","T","E","M","E","M","$","R","B",null,"M","?","M","?","?","E","?","M","T","M","?","R","M","M","R","B",null],"character_chosen":"THE_BUGKNIGHT","items_purchased":["jedi:arcanewood","HollowMod:MothsMistake","Juzu Bracelet","Durian","HollowMod:HerrahsAnger","HollowMod:MothsMistake","Guide Book"],"campfire_rested":1,"item_purchase_floors":[0,3,3,3,33,33,33],"current_hp_per_floor":[50,50,55,56,56,39,45,42,42,42,42,38,31,23,47,9,80,74,74,54,54,54,54,54,54,54,54,54,60,64,75,70,70,70,37,85,85,77,66,66,47,53,53,53,53,58,58,58,58,58,58,69],"gold":441,"neow_bonus":"","is_daily":false,"chose_seed":false,"campfire_upgraded":6,"win_rate":0.0,"timestamp":1610923386,"path_taken":["M","?","$","M","?","E","M","E","T","M","R","M","M","E","R","BOSS","M","?","?","?","?","PTL","PTL","R","M","R","T","E","M","E","M","$","R","BOSS","M","?","M","?","?","E","?","M","T","M","?","?","M","M","R","BOSS"],"items_purchased_type":["Relic","Card","Relic","Relic","Card","Card","Relic"],"build_version":"2020-12-22","purchased_purges":0,"victory":true,"max_hp_per_floor":[75,75,80,80,80,80,80,80,80,80,80,80,80,80,80,80,80,80,80,80,80,80,80,80,80,80,80,80,80,80,85,85,85,85,85,85,85,77,77,77,77,77,77,77,77,77,77,77,77,77,77,77],"card_choices":[{"not_picked":["HollowMod:ShapeofUnn","HollowMod:ShadowDash","HollowMod:CornifersMapStart"],"picked":"SKIP","floor":1.0},{"not_picked":["HollowMod:VengefulVoid","HollowMod:DesolateDive"],"picked":"HollowMod:InfectedAttack","floor":4.0},{"not_picked":["HollowMod:HowlingWraiths","HollowMod:SoulEater"],"picked":"HollowMod:ElderbugsWisdom","floor":6.0},{"not_picked":["HollowMod:FastStrike","HollowMod:VengefulVoid"],"picked":"HollowMod:DashSlash","floor":7.0},{"not_picked":["HollowMod:DescendingDark","HollowMod:HeavyBlow"],"picked":"HollowMod:MidwifesHunger","floor":8.0},{"not_picked":["HollowMod:CycloneSlash","HollowMod:LuriensSpire","HollowMod:HowlingWraiths"],"picked":"SKIP","floor":10.0},{"not_picked":["HollowMod:ShadowDash","HollowMod:GoodIntentions"],"picked":"HollowMod:HuntersJournal","floor":12.0},{"not_picked":["HollowMod:PureNailStrike","HollowMod:SiblingsSouls","HollowMod:DescendingDark"],"picked":"SKIP","floor":13.0},{"not_picked":["HollowMod:ZotesMagnificence","HollowMod:SoulVessel"],"picked":"HollowMod:InfectedAttack","floor":14.0},{"not_picked":["HollowMod:VoidDash","HollowMod:SoulMaster"],"picked":"HollowMod:ZotesMagnificence","floor":16.0},{"not_picked":["HollowMod:SiblingsSouls+1","HollowMod:SoulShaman+1"],"picked":"HollowMod:DungDefenderAura","floor":18.0},{"not_picked":["HollowMod:QuirrelsAssistance","HollowMod:HuntersJournal+1"],"picked":"HollowMod:TaintedHusks+1","floor":26.0},{"not_picked":["HollowMod:SiblingsSouls+1","HollowMod:DashSlash","HollowMod:GreatSlash"],"picked":"SKIP","floor":29.0},{"not_picked":["HollowMod:RecoilStrike","HollowMod:CornifersMapStart","HollowMod:SoulStrike"],"picked":"SKIP","floor":30.0},{"not_picked":["HollowMod:DoubleDash","HollowMod:VengefulVoid"],"picked":"HollowMod:InfectedCysts+1","floor":31.0},{"not_picked":["HollowMod:GoodIntentions","HollowMod:LifebloodCocoon","HollowMod:VengefulVoid+1"],"picked":"SKIP","floor":32},{"not_picked":["HollowMod:LifebloodCore","HollowMod:MidwifesHunger"],"picked":"HollowMod:NewInfectedGuardian","floor":35},{"not_picked":["HollowMod:DashSlash","HollowMod:DungDefenderAura+1"],"picked":"HollowMod:MawleksShell+1","floor":37},{"not_picked":["HollowMod:WraithStrike+1","HollowMod:HowlingWraiths"],"picked":"HollowMod:MawleksShell","floor":39},{"not_picked":["Jack Of All Trades","Mayhem"],"picked":"ReplayUltimateDefense","floor":40},{"not_picked":["infinitespire:Fortify","infinitespire:Gouge"],"picked":"infinitespire:FutureSight","floor":41},{"not_picked":["HollowMod:SharpenedNail","HollowMod:ShadowDash+1"],"picked":"HollowMod:BrokenVessel","floor":42},{"not_picked":["StuffTheSpire:Perfection","StuffTheSpire:Rapture"],"picked":"StuffTheSpire:Vigor","floor":43},{"not_picked":["HollowMod:LifebloodCocoon","HollowMod:CloakDash+1","HollowMod:SiblingsShadow"],"picked":"SKIP","floor":44},{"not_picked":["HollowMod:SharpenedNail+1","HollowMod:HeavyBlow"],"picked":"HollowMod:GrimmsGift+1","floor":46},{"not_picked":["HollowMod:SoulVessel+1","HollowMod:ShapeofUnn+1"],"picked":"HollowMod:Weaversong","floor":49},{"not_picked":["HollowMod:LifebloodCocoon","HollowMod:ChannelNail+1"],"picked":"HollowMod:InfectedAttack+1","floor":50}],"player_experience":541995,"relics_obtained":[{"floor":6.0,"key":"Replay:Rubber Ducky"},{"floor":8.0,"key":"Letter Opener"},{"floor":9.0,"key":"Mirror"},{"floor":14.0,"key":"Replay:Mystery Machine"},{"floor":28.0,"key":"Meat on the Bone"},{"floor":29.0,"key":"infinitespire:CursedDice"},{"floor":31.0,"key":"hubris:DuctTape"},{"floor":42,"key":"Toy Ornithopter"},{"floor":42,"key":"aspiration:FrozenJewel"},{"floor":45,"key":"construct:FoamFinger"}],"event_choices":[{"cards_removed":["HollowMod:NailStrikeStart"],"damage_healed":0.0,"max_hp_gain":0.0,"max_hp_loss":0.0,"gold_gain":0.0,"event_name":"Bonfire Elementals","player_choice":"Offered Basic","floor":5.0,"gold_loss":0.0,"damage_taken":0.0},{"damage_healed":0.0,"max_hp_gain":0.0,"max_hp_loss":0.0,"gold_gain":0.0,"event_name":"Addict","player_choice":"Obtained Relic","floor":19.0,"gold_loss":85.0,"damage_taken":0.0,"relics_obtained":["aspiration:HiddenCompartment"]},{"damage_healed":0.0,"max_hp_gain":0.0,"max_hp_loss":0.0,"gold_gain":0.0,"event_name":"Designer","player_choice":"Upgraded Two","floor":21.0,"gold_loss":40.0,"damage_taken":0.0,"cards_upgraded":["HollowMod:QuickDashStart","HollowMod:QuickDashStart"]},{"damage_healed":0,"gold_gain":0,"player_choice":"Memory 1","damage_taken":0,"max_hp_gain":0,"max_hp_loss":0,"event_name":"SensoryStone","floor":40,"gold_loss":0},{"damage_healed":0,"gold_gain":0,"player_choice":"Ignored","damage_taken":0,"max_hp_gain":0,"max_hp_loss":0,"event_name":"OrinTheCat","floor":47,"gold_loss":0}],"is_beta":false,"boss_relics":[{"not_picked":["Astrolabe","halation:PlatinumPhoenix"],"picked":"hubris:RunicObelisk"},{"not_picked":["conspire:RunicOctahedron","Replay:Drink Me"],"picked":"Black Star"}],"items_purged_floors":[],"is_endless":false,"potions_floor_spawned":[4,7,12,13,16,26,29,32,39,42,44,49],"ascension_level":1}}