{"host":"v4pe0ixo3k7iwzp0","time":1610878405,"event":{"mods":["Ascension Reborn","BaseMod","Bestiary","Highlight Path","Minty Spire (QoL Compilation)","StSLib","The Marked"],"gold_per_floor":[112,131,146,146,61,61,61,61,61,93,268,282,53,80,80,178,178,194,205,218,118,118,118,151,26,26,36,36,50,61,78,78,78,78],"floor_reached":33,"language":"ENG","playtime":2451,"items_purged":["Doubt","Well Laid Plans","Strike_G"],"score":283,"play_id":"2535249e-bba5-475a-b1bb-5fc2b03c5f3e","local_time":"20210117021325","is_ascension_mode":true,"campfire_choices":[{"data":"Accuracy","floor":6,"key":"SMITH"},{"floor":15,"key":"REST"},{"floor":23,"key":"REST"},{"floor":32,"key":"REST"}],"circlet_count":0,"master_deck":["Strike_G","Strike_G","Strike_G","Defend_G","Defend_G","Defend_G","Defend_G","Defend_G","Survivor","Neutralize","Cloak And Dagger","Dodge and Roll","Blade Dance","Accuracy+1","Escape Plan","Endless Agony+1","Choke","Deflect"],"relics":["Ring of the Snake","WingedGreaves","Incense Burner","Frozen Eye","Bag of Marbles","Runic Pyramid","Du-Vu Doll","Ninja Scroll"],"acts_visited":["Exordium","TheCity"],"potions_floor_usage":[20,31,31,33],"damage_taken":[{"damage":0.0,"enemies":"Small Slimes","floor":1.0,"turns":4.0},{"damage":0.0,"enemies":"Jaw Worm","floor":2.0,"turns":4.0},{"damage":0,"enemies":"2 Louse","floor":3,"turns":3},{"damage":5,"enemies":"Gremlin Nob","floor":10,"turns":3},{"damage":0,"enemies":"Large Slime","floor":12,"turns":4},{"damage":2,"enemies":"Lagavulin","floor":14,"turns":6},{"damage":12,"enemies":"Slime Boss","floor":16,"turns":12},{"damage":4,"enemies":"3 Byrds","floor":18,"turns":6},{"damage":10,"enemies":"2 Thieves","floor":19,"turns":5},{"damage":14,"enemies":"Chosen and Byrds","floor":20,"turns":7},{"damage":10,"enemies":"Book of Stabbing","floor":24,"turns":7},{"damage":0,"enemies":"Snecko","floor":27,"turns":1},{"damage":2,"enemies":"Centurion and Healer","floor":29,"turns":3},{"damage":5,"enemies":"Snake Plant","floor":30,"turns":4},{"damage":14,"enemies":"Snecko","floor":31,"turns":5},{"damage":77,"enemies":"Automaton","floor":33,"turns":14}],"seed_played":"-4215733098895803641","potions_obtained":[{"floor":2.0,"key":"EssenceOfSteel"},{"floor":10,"key":"CultistPotion"},{"floor":18,"key":"ColorlessPotion"},{"floor":19,"key":"SkillPotion"},{"floor":29,"key":"LiquidBronze"},{"floor":30,"key":"Regen Potion"}],"is_trial":true,"path_per_floor":["M","M","M","?","$","R","$","?","T","E","?","M","$","E","R","B",null,"M","M","M","$","?","R","E","$","T","M","$","M","M","M","R","B"],"character_chosen":"THE_SILENT","items_purchased":["Blade Dance","Accuracy","Frozen Eye"],"campfire_rested":3,"item_purchase_floors":[5,5,13],"current_hp_per_floor":[70,70,70,75,75,75,75,75,75,70,70,70,70,68,75,63,75,71,61,47,47,47,69,59,59,59,59,59,57,52,52,74,0,0],"gold":78,"neow_bonus":"","is_daily":false,"chose_seed":false,"campfire_upgraded":1,"win_rate":0.0,"timestamp":1610878405,"path_taken":["M","M","M","?","$","R","$","?","T","E","?","M","$","E","R","BOSS","M","M","M","$","?","R","E","$","T","M","$","?","M","M","R","BOSS"],"items_purchased_type":["Card","Card","Relic"],"build_version":"2020-12-22","purchased_purges":3,"victory":false,"max_hp_per_floor":[70,70,70,75,75,75,75,75,75,75,75,75,75,75,75,75,75,75,75,75,75,75,75,75,75,75,75,75,75,75,75,75,75,75],"card_choices":[{"not_picked":["Backflip","Outmaneuver"],"picked":"Cloak And Dagger","floor":1.0},{"not_picked":["Well Laid Plans","Dagger Throw"],"picked":"Dodge and Roll","floor":2.0},{"not_picked":["PiercingWail","Deadly Poison"],"picked":"Cloak And Dagger","floor":3},{"not_picked":["Riddle With Holes","Sucker Punch","Underhanded Strike"],"picked":"SKIP","floor":10},{"not_picked":["Bane","Flying Knee","Calculated Gamble"],"picked":"SKIP","floor":12},{"not_picked":["Night Terror","All Out Attack","Terror"],"picked":"SKIP","floor":14},{"not_picked":["Deadly Poison+1","Underhanded Strike"],"picked":"Escape Plan","floor":18},{"not_picked":["Deadly Poison","Poisoned Stab+1"],"picked":"Endless Agony+1","floor":19},{"not_picked":["Flying Knee","Choke","Calculated Gamble"],"picked":"SKIP","floor":20},{"not_picked":["PiercingWail","Bullet Time","Noxious Fumes"],"picked":"SKIP","floor":24},{"not_picked":["Predator","Quick Slash"],"picked":"Choke","floor":27},{"not_picked":["Catalyst+1","PiercingWail+1"],"picked":"Deflect","floor":29},{"not_picked":["Blade Dance","Prepared+1","Distraction+1"],"picked":"SKIP","floor":30},{"not_picked":["Sucker Punch","Bane","Calculated Gamble+1"],"picked":"SKIP","floor":31}],"player_experience":142423,"relics_obtained":[{"floor":9,"key":"WingedGreaves"},{"floor":10,"key":"Incense Burner"},{"floor":14,"key":"Bag of Marbles"},{"floor":24,"key":"Du-Vu Doll"},{"floor":26,"key":"Ninja Scroll"}],"event_choices":[{"damage_healed":0,"gold_gain":0,"player_choice":"Donut","damage_taken":0,"max_hp_gain":5,"max_hp_loss":0,"event_name":"Big Fish","floor":4,"gold_loss":0},{"damage_healed":0,"gold_gain":0,"cards_transformed":["Strike_G"],"player_choice":"Change","damage_taken":0,"max_hp_gain":0,"max_hp_loss":0,"event_name":"Living Wall","floor":8,"gold_loss":0,"cards_obtained":["Well Laid Plans"]},{"damage_healed":0,"gold_gain":175,"player_choice":"AGREE","damage_taken":0,"max_hp_gain":0,"max_hp_loss":0,"event_name":"Liars Game","floor":11,"gold_loss":0,"cards_obtained":["Doubt"]},{"cards_removed":["Cloak And Dagger"],"damage_healed":0,"gold_gain":0,"player_choice":"Purged","damage_taken":0,"max_hp_gain":0,"max_hp_loss":0,"event_name":"Purifier","floor":22,"gold_loss":0}],"is_beta":false,"boss_relics":[{"not_picked":["Ring of the Serpent","Fusion Hammer"],"picked":"Runic Pyramid"}],"items_purged_floors":[13,21,25],"is_endless":true,"potions_floor_spawned":[2,10,18,19,29,30],"killed_by":"Automaton","ascension_level":-5}}