{"host":"Krakhan","time":1610922228,"event":{"mods":["AchievementEnabler","BaseMod","Colored Map","Colored Powertips","Faster Ascension Climbing","Highlight Path","Minty Spire (QoL Compilation)","Rare Cards Sparkle","Relic Stats","StSLib"],"gold_per_floor":[119,133,7,7,7,40,40,68,93,113,123,139,139,139,139,239,239,249,249,85,96,107,107,107],"floor_reached":23,"language":"ENG","playtime":808,"items_purged":["Normality"],"score":211,"play_id":"9c22b70a-afdf-437d-b4b5-cea3bfb70e4c","local_time":"20210117172348","is_ascension_mode":true,"campfire_choices":[{"floor":15.0,"key":"REST"}],"circlet_count":0,"master_deck":["Strike_R","Defend_R","Bash","Reckless Charge","Impervious","Thunderclap","Cleave","Anger","Sword Boomerang","Twin Strike","True Grit","Demon Form","Whirlwind","Uppercut","Power Through","Barricade","Twin Strike+1","Dropkick+1","Impervious+1","Apotheosis","Combust+1","Iron Wave+1"],"relics":["Burning Blood","Anchor","Dream Catcher","Astrolabe"],"acts_visited":["Exordium","TheCity"],"potions_floor_usage":[],"damage_taken":[{"damage":5.0,"enemies":"2 Louse","floor":1.0,"turns":3.0},{"damage":1.0,"enemies":"Cultist","floor":2.0,"turns":4.0},{"damage":18.0,"enemies":"Lagavulin","floor":6.0,"turns":6.0},{"damage":44.0,"enemies":"3 Sentries","floor":8.0,"turns":9.0},{"damage":1.0,"enemies":"Jaw Worm","floor":10.0,"turns":2.0},{"damage":0.0,"enemies":"2 Fungi Beasts","floor":11.0,"turns":2.0},{"damage":0.0,"enemies":"Blue Slaver","floor":12.0,"turns":2.0},{"damage":55.0,"enemies":"The Guardian","floor":16.0,"turns":8.0},{"damage":0.0,"enemies":"Shell Parasite","floor":18.0,"turns":5.0},{"damage":16.0,"enemies":"Chosen","floor":21.0,"turns":7.0},{"damage":27.0,"enemies":"Shelled Parasite and Fungi","floor":22.0,"turns":9.0},{"damage":34,"enemies":"Book of Stabbing","floor":23,"turns":7}],"seed_played":"452920715575920641","potions_obtained":[{"floor":2.0,"key":"SpeedPotion"},{"floor":11.0,"key":"ElixirPotion"},{"floor":12.0,"key":"DuplicationPotion"},{"floor":22.0,"key":"ElixirPotion"}],"is_trial":false,"path_per_floor":["M","M","$","?","$","E","?","E","T","M","M","M","?","$","R","B",null,"M","?","$","M","M","E"],"character_chosen":"IRONCLAD","items_purchased":["Anger","Apotheosis"],"campfire_rested":1,"item_purchase_floors":[3,20],"current_hp_per_floor":[80,80,80,73,73,61,61,23,23,28,34,40,40,40,64,15,80,80,65,65,55,34,0,0],"gold":107,"neow_bonus":"TRANSFORM_TWO_CARDS","is_daily":false,"chose_seed":false,"campfire_upgraded":0,"win_rate":0.0,"timestamp":1610922228,"path_taken":["M","M","$","?","$","E","?","E","T","?","M","M","?","$","R","BOSS","M","?","$","M","M","E"],"items_purchased_type":["Card","Card"],"build_version":"2020-12-18","purchased_purges":1,"victory":false,"max_hp_per_floor":[80,80,80,80,80,80,80,80,80,80,80,80,80,80,80,80,80,80,85,85,85,85,85,85],"relic_stats":{"Dream Catcher":1,"counters":[12,64],"Astrolabe":["Twin Strike","Dropkick","Impervious"],"obtain_stats":[{"Anchor":8,"Dream Catcher":9,"Astrolabe":17,"Burning Blood":0},{"Anchor":4,"Dream Catcher":4,"Astrolabe":8,"Burning Blood":0},{"Anchor":22,"Dream Catcher":22,"Astrolabe":36,"Burning Blood":0}],"Burning Blood":54},"card_choices":[{"not_picked":["Dark Embrace","Bloodletting"],"picked":"Thunderclap","floor":1.0},{"not_picked":["Body Slam","Ghostly Armor"],"picked":"Cleave","floor":2.0},{"not_picked":["Warcry","Infernal Blade"],"picked":"Sword Boomerang","floor":6.0},{"not_picked":["Thunderclap","Heavy Blade"],"picked":"Twin Strike","floor":8.0},{"not_picked":["Thunderclap","Inflame"],"picked":"True Grit","floor":10.0},{"not_picked":["Twin Strike","Shrug It Off"],"picked":"Demon Form","floor":11.0},{"not_picked":["Rage","Carnage"],"picked":"Whirlwind","floor":12.0},{"not_picked":["Cleave","Pommel Strike"],"picked":"Power Through","floor":15.0},{"not_picked":["Bludgeon","Feed"],"picked":"Barricade","floor":16.0},{"not_picked":["Infernal Blade","Twin Strike","Sword Boomerang"],"picked":"SKIP","floor":18.0},{"not_picked":["Clash","Armaments"],"picked":"Combust+1","floor":21.0},{"not_picked":["Dark Embrace","Combust+1"],"picked":"Iron Wave+1","floor":22.0}],"player_experience":1343868,"relics_obtained":[{"floor":8.0,"key":"Anchor"},{"floor":9.0,"key":"Dream Catcher"}],"event_choices":[{"cards_removed":["Strike_R"],"damage_healed":0.0,"max_hp_gain":0.0,"max_hp_loss":0.0,"gold_gain":0.0,"event_name":"Golden Wing","player_choice":"Card Removal","floor":4.0,"gold_loss":0.0,"damage_taken":7.0},{"damage_healed":0.0,"max_hp_gain":0.0,"max_hp_loss":0.0,"gold_gain":0.0,"event_name":"NoteForYourself","player_choice":"Ignored","floor":7.0,"gold_loss":0.0,"damage_taken":0.0},{"damage_healed":0.0,"max_hp_gain":0.0,"max_hp_loss":0.0,"gold_gain":0.0,"cards_transformed":["Strike_R"],"event_name":"Living Wall","player_choice":"Change","floor":13.0,"gold_loss":0.0,"damage_taken":0.0,"cards_obtained":["Uppercut"]},{"damage_healed":0.0,"max_hp_gain":5.0,"max_hp_loss":0.0,"gold_gain":0.0,"event_name":"Forgotten Altar","player_choice":"Shed Blood","floor":19.0,"gold_loss":0.0,"damage_taken":20.0}],"is_beta":true,"boss_relics":[{"not_picked":["Coffee Dripper","Tiny House"],"picked":"Astrolabe"}],"items_purged_floors":[3],"is_endless":false,"potions_floor_spawned":[2,11,12,22],"killed_by":"Book of Stabbing","ascension_level":1}}