{"host":"15dd7v8o90xso62x","time":1610894900,"event":{"mods":["BaseMod","Minty Spire (QoL Compilation)","Quick Restart","StSLib","SuperFastMode"],"gold_per_floor":[116,133,283,283,33,33,59,69,69,69,97,109,132,159,171,261,273,300,312,224,224,274,274,309,309,309,324,125,136,167,185,185,260,260,278,278,278,303,303,335,13,13,13,13,13,25,25,51,51,51,51],"floor_reached":52,"language":"KOR","playtime":1866,"items_purged":["Strike_G","Expertise","Unload","Expertise+1"],"score":2604,"play_id":"e78f971c-3b2c-464c-822f-82262de3ab09","local_time":"20210117234820","is_ascension_mode":true,"campfire_choices":[{"data":"Acrobatics","floor":6.0,"key":"SMITH"},{"data":"Prepared","floor":10.0,"key":"SMITH"},{"data":"Calculated Gamble","floor":15.0,"key":"SMITH"},{"data":"Tactician","floor":23,"key":"SMITH"},{"data":"Reflex","floor":25,"key":"SMITH"},{"data":"Well Laid Plans","floor":32,"key":"SMITH"},{"data":"Phantasmal Killer","floor":42,"key":"SMITH"},{"data":"Wraith Form v2","floor":44,"key":"SMITH"},{"data":"Footwork","floor":47,"key":"SMITH"},{"data":"1","floor":49,"key":"LIFT"}],"circlet_count":0,"master_deck":["AscendersBane","Survivor+1","Neutralize+1","Acrobatics+1","Grand Finale+1","Calculated Gamble+1","Prepared+1","Tactician+1","Reflex+1","Wraith Form v2+1","Escape Plan","Phantasmal Killer+1","Footwork+1","Well Laid Plans+1","Blur+1","Acrobatics+1"],"relics":["Ring of the Snake","NeowsBlessing","Gambling Chip","Girya","MawBank","Pandora\u0027s Box","Tiny Chest","Juzu Bracelet","Toxic Egg 2","Coffee Dripper","Whetstone","Singing Bowl","Medical Kit","Smiling Mask","The Courier"],"acts_visited":["Exordium","TheCity","TheBeyond"],"potions_floor_usage":[],"damage_taken":[{"damage":0.0,"enemies":"Small Slimes","floor":1.0,"turns":1.0},{"damage":0.0,"enemies":"Jaw Worm","floor":2.0,"turns":1.0},{"damage":0.0,"enemies":"3 Sentries","floor":7.0,"turns":2.0},{"damage":0.0,"enemies":"2 Louse","floor":8.0,"turns":1.0},{"damage":0.0,"enemies":"Lagavulin","floor":11.0,"turns":2.0},{"damage":0.0,"enemies":"Looter","floor":13.0,"turns":1.0},{"damage":0.0,"enemies":"Exordium Wildlife","floor":14.0,"turns":2.0},{"damage":16.0,"enemies":"The Guardian","floor":16.0,"turns":11.0},{"damage":0,"enemies":"Spheric Guardian","floor":18,"turns":1},{"damage":0,"enemies":"Slavers","floor":24,"turns":1},{"damage":0,"enemies":"Chosen","floor":27,"turns":1},{"damage":0,"enemies":"Shelled Parasite and Fungi","floor":29,"turns":1},{"damage":2,"enemies":"Book of Stabbing","floor":30,"turns":2},{"damage":0,"enemies":"Chosen and Byrds","floor":31,"turns":1},{"damage":0,"enemies":"Champ","floor":33,"turns":1},{"damage":1,"enemies":"3 Shapes","floor":35,"turns":1},{"damage":0,"enemies":"Giant Head","floor":40,"turns":1},{"damage":0,"enemies":"Orb Walker","floor":46,"turns":1},{"damage":0,"enemies":"Reptomancer","floor":48,"turns":1},{"damage":0,"enemies":"Time Eater","floor":50,"turns":3},{"damage":0,"enemies":"Awakened One","floor":51,"turns":2}],"seed_played":"6987760419558115955","potions_obtained":[{"floor":8.0,"key":"FearPotion"},{"floor":11.0,"key":"Dexterity Potion"},{"floor":13.0,"key":"Weak Potion"},{"floor":14.0,"key":"CultistPotion"},{"floor":16.0,"key":"DuplicationPotion"},{"floor":27,"key":"EntropicBrew"}],"is_trial":false,"path_per_floor":["M","M","?","?","$","R","E","M","T","R","E","?","M","M","R","B",null,"M","?","$","?","?","R","E","R","T","M","$","M","E","M","R","B",null,"M","?","?","T","?","E","$","R","T","R","?","M","R","E","R","B","B",null],"character_chosen":"THE_SILENT","items_purchased":["Grand Finale","Well Laid Plans","Medical Kit"],"campfire_rested":0,"item_purchase_floors":[5,28,41],"current_hp_per_floor":[59,59,59,59,59,59,59,59,59,59,59,39,39,39,39,23,55,55,37,37,37,37,37,37,37,37,37,37,37,35,35,35,35,62,61,61,61,61,61,63,63,63,63,63,63,65,65,67,67,67,67],"gold":51,"neow_bonus":"THREE_ENEMY_KILL","is_daily":false,"chose_seed":false,"campfire_upgraded":9,"win_rate":0.0,"timestamp":1610894900,"path_taken":["M","M","?","?","?","R","E","M","T","R","E","?","M","M","R","BOSS","M","?","$","?","?","R","E","R","T","M","?","M","E","M","R","BOSS","M","?","?","?","?","E","$","R","T","R","?","M","R","E","R","BOSS","BOSS"],"items_purchased_type":["Card","Card","Relic"],"build_version":"2020-12-22","purchased_purges":4,"victory":true,"max_hp_per_floor":[66,66,66,66,66,66,66,66,66,66,66,66,66,66,66,66,66,66,71,71,71,71,71,71,71,71,71,71,71,71,71,71,71,71,71,71,71,71,67,69,69,69,69,69,69,71,71,73,73,73,73],"card_choices":[{"not_picked":["Outmaneuver","PiercingWail"],"picked":"Skewer","floor":1.0},{"not_picked":["Bane","Bouncing Flask"],"picked":"Acrobatics","floor":2.0},{"not_picked":["Escape Plan","Outmaneuver"],"picked":"Calculated Gamble","floor":7.0},{"not_picked":["Escape Plan","Poisoned Stab"],"picked":"Prepared","floor":8.0},{"not_picked":["Setup","Blade Dance","Bane"],"picked":"SKIP","floor":11.0},{"not_picked":["Dagger Spray","Terror","Cloak And Dagger"],"picked":"SKIP","floor":13.0},{"not_picked":["Dodge and Roll","Backflip"],"picked":"Tactician","floor":14.0},{"not_picked":["Riddle With Holes","Outmaneuver"],"picked":"Footwork","floor":18},{"not_picked":["Prepared","Wraith Form v2","Choke"],"picked":"SKIP","floor":24},{"not_picked":["Leg Sweep","Calculated Gamble","Backflip"],"picked":"SKIP","floor":27},{"not_picked":["Eviscerate+1","Dagger Throw","Quick Slash"],"picked":"SKIP","floor":29},{"not_picked":["Underhanded Strike","Die Die Die"],"picked":"Blur+1","floor":30},{"not_picked":["PiercingWail+1","Setup+1"],"picked":"Acrobatics+1","floor":31},{"not_picked":["Flying Knee","Prepared+1","Blur+1"],"picked":"SKIP","floor":35},{"not_picked":["Finisher+1","Phantasmal Killer+1","Dodge and Roll+1"],"picked":"Singing Bowl","floor":40},{"not_picked":["Crippling Poison+1","Terror+1","Poisoned Stab+1"],"picked":"Singing Bowl","floor":46},{"not_picked":["Caltrops+1","Concentrate+1","Blade Dance+1"],"picked":"Singing Bowl","floor":48}],"player_experience":1040016,"relics_obtained":[{"floor":7.0,"key":"Gambling Chip"},{"floor":9.0,"key":"Girya"},{"floor":11.0,"key":"MawBank"},{"floor":24,"key":"Tiny Chest"},{"floor":26,"key":"Juzu Bracelet"},{"floor":30,"key":"Toxic Egg 2"},{"floor":38,"key":"Whetstone"},{"floor":40,"key":"Singing Bowl"},{"floor":43,"key":"Smiling Mask"},{"floor":48,"key":"The Courier"}],"event_choices":[{"damage_healed":0.0,"max_hp_gain":0.0,"max_hp_loss":0.0,"gold_gain":150.0,"event_name":"Liars Game","player_choice":"AGREE","floor":3.0,"gold_loss":0.0,"damage_taken":0.0,"cards_obtained":["Doubt"]},{"cards_removed":["Doubt"],"damage_healed":0.0,"max_hp_gain":0.0,"max_hp_loss":0.0,"gold_gain":0.0,"event_name":"Living Wall","player_choice":"Forget","floor":4.0,"gold_loss":0.0,"damage_taken":0.0},{"damage_healed":0.0,"max_hp_gain":0.0,"max_hp_loss":0.0,"gold_gain":0.0,"event_name":"Shining Light","player_choice":"Entered Light","floor":12.0,"gold_loss":0.0,"damage_taken":20.0,"cards_upgraded":["Grand Finale","Survivor"]},{"damage_healed":0,"gold_gain":0,"player_choice":"Shed Blood","damage_taken":23,"max_hp_gain":5,"max_hp_loss":0,"event_name":"Forgotten Altar","floor":19,"gold_loss":0},{"cards_removed":["Caltrops"],"damage_healed":0,"gold_gain":0,"player_choice":"Elegance","damage_taken":0,"max_hp_gain":0,"max_hp_loss":0,"event_name":"Back to Basics","floor":21,"gold_loss":0},{"damage_healed":0,"gold_gain":50,"player_choice":"Stole From Cult","damage_taken":0,"max_hp_gain":0,"max_hp_loss":0,"event_name":"Nest","floor":22,"gold_loss":0},{"cards_removed":["Eviscerate"],"damage_healed":0,"gold_gain":0,"player_choice":"Removed Attack","damage_taken":0,"max_hp_gain":0,"max_hp_loss":0,"event_name":"Falling","floor":36,"gold_loss":0},{"damage_healed":0,"gold_gain":0,"cards_transformed":["Skewer"],"player_choice":"Transformed","damage_taken":0,"max_hp_gain":0,"max_hp_loss":0,"event_name":"Transmorgrifier","floor":37,"gold_loss":0,"cards_obtained":["Expertise"]},{"damage_healed":0,"gold_gain":0,"player_choice":"Max HP","damage_taken":0,"max_hp_gain":0,"max_hp_loss":4,"event_name":"Winding Halls","floor":39,"gold_loss":0},{"cards_removed":["Dodge and Roll"],"damage_healed":0,"gold_gain":0,"player_choice":"Card Removal","damage_taken":0,"max_hp_gain":0,"max_hp_loss":0,"event_name":"Wheel of Change","floor":45,"gold_loss":0}],"is_beta":false,"boss_relics":[{"not_picked":["SacredBark","Snecko Eye"],"picked":"Pandora\u0027s Box"},{"not_picked":["Runic Dome","WristBlade"],"picked":"Coffee Dripper"}],"items_purged_floors":[5,20,28,41],"is_endless":false,"potions_floor_spawned":[8,11,13,14,16,24,27,33,35],"ascension_level":20}}