{"host":"l4kdldlios54gl54","time":1610861213,"event":{"mods":["AchievementEnabler","BaseMod","Colored Map","Colored Powertips","Minty Spire (QoL Compilation)","Random Character Button"],"gold_per_floor":[210,229,249,174,74,74,107,107,132,149,163,174,174,208,208,285,285,285,285,285,285,285,285,285,285,285,285,119,119,119,119,119],"floor_reached":31,"language":"ENG","playtime":1258,"items_purged":["Strike_R","Strike_R","Limit Break"],"score":584,"play_id":"7dbd3522-36d4-4a25-afac-c4488002686e","local_time":"20210117062653","is_ascension_mode":true,"campfire_choices":[{"data":"Searing Blow","floor":6,"key":"SMITH"},{"data":"Searing Blow+1","floor":8,"key":"SMITH"},{"floor":13,"key":"REST"},{"data":"Searing Blow+2","floor":15,"key":"SMITH"},{"data":"Searing Blow+3","floor":23,"key":"SMITH"},{"floor":25,"key":"REST"}],"circlet_count":0,"master_deck":["AscendersBane","Strike_R","Defend_R","Defend_R","Defend_R","Defend_R","Bash","Power Through","Searing Blow+4","Headbutt","Second Wind","Shrug It Off","True Grit","Offering","Sentinel","True Grit+1"],"relics":["Burning Blood","Regal Pillow","Omamori","FossilizedHelix","Ectoplasm","Smiling Mask","Paper Frog","Vajra"],"acts_visited":["Exordium","TheCity"],"potions_floor_usage":[7,14,16],"damage_taken":[{"damage":2,"enemies":"Cultist","floor":1,"turns":4},{"damage":0,"enemies":"2 Louse","floor":2,"turns":3},{"damage":19,"enemies":"Small Slimes","floor":3,"turns":4},{"damage":44,"enemies":"Lagavulin","floor":7,"turns":6},{"damage":6,"enemies":"Blue Slaver","floor":10,"turns":5},{"damage":13,"enemies":"3 Louse","floor":11,"turns":4},{"damage":0,"enemies":"Looter","floor":12,"turns":4},{"damage":0,"enemies":"Gremlin Nob","floor":14,"turns":2},{"damage":33,"enemies":"The Guardian","floor":16,"turns":15},{"damage":19,"enemies":"3 Byrds","floor":18,"turns":6},{"damage":10,"enemies":"Chosen","floor":20,"turns":4},{"damage":14,"enemies":"3 Cultists","floor":22,"turns":7},{"damage":29,"enemies":"Snecko","floor":24,"turns":7},{"damage":30,"enemies":"Book of Stabbing","floor":27,"turns":4},{"damage":6,"enemies":"Centurion and Healer","floor":29,"turns":7},{"damage":59,"enemies":"Masked Bandits","floor":31,"turns":5}],"seed_played":"-9114569768631097226","potions_obtained":[{"floor":1,"key":"FairyPotion"},{"floor":2,"key":"Fire Potion"},{"floor":11,"key":"LiquidMemories"},{"floor":14,"key":"Weak Potion"},{"floor":16,"key":"HeartOfIron"}],"is_trial":false,"path_per_floor":["M","M","M","$","$","R","E","R","T","M","M","M","R","E","R","B",null,"M","?","M","?","M","R","M","R","T","E","$","M","T","?"],"character_chosen":"IRONCLAD","items_purchased":["CultistPotion"],"campfire_rested":2,"item_purchase_floors":[28],"current_hp_per_floor":[72,75,62,62,62,62,24,24,24,24,17,23,60,66,66,39,66,53,53,49,49,41,41,18,55,55,31,31,31,31,0,0],"gold":119,"neow_bonus":"HUNDRED_GOLD","is_daily":false,"chose_seed":false,"campfire_upgraded":4,"win_rate":0.0,"timestamp":1610861213,"path_taken":["M","M","M","?","$","R","E","R","T","M","M","M","R","E","R","BOSS","M","?","M","?","M","R","M","R","T","E","$","M","?","?"],"items_purchased_type":["Potion"],"build_version":"2020-12-22","purchased_purges":3,"victory":false,"max_hp_per_floor":[75,75,75,75,75,75,75,75,75,75,75,75,75,75,75,75,75,75,75,75,75,75,75,75,75,75,75,75,75,75,75,75],"card_choices":[{"not_picked":["Seeing Red","Perfected Strike"],"picked":"Power Through","floor":1},{"not_picked":["Iron Wave","Clothesline"],"picked":"Searing Blow","floor":2},{"not_picked":["Entrench","Flex"],"picked":"Headbutt","floor":3},{"not_picked":["Havoc","Thunderclap"],"picked":"Second Wind","floor":7},{"not_picked":["Flex","Pommel Strike","Havoc"],"picked":"SKIP","floor":10},{"not_picked":["Sentinel","Infernal Blade"],"picked":"Shrug It Off","floor":11},{"not_picked":["Pommel Strike","Uppercut"],"picked":"True Grit","floor":12},{"not_picked":["Barricade","Clothesline","Heavy Blade"],"picked":"SKIP","floor":14},{"not_picked":["Limit Break","Fiend Fire"],"picked":"Offering","floor":16},{"not_picked":["Sword Boomerang","Sever Soul+1","Heavy Blade"],"picked":"SKIP","floor":18},{"not_picked":["Flex","Perfected Strike","Iron Wave"],"picked":"SKIP","floor":20},{"not_picked":["Pommel Strike","Twin Strike"],"picked":"True Grit+1","floor":22},{"not_picked":["Wild Strike","Body Slam+1","Searing Blow+1"],"picked":"SKIP","floor":24},{"not_picked":["Rupture","True Grit","Sentinel+1"],"picked":"SKIP","floor":27},{"not_picked":["Offering","Dark Embrace","Reckless Charge"],"picked":"SKIP","floor":29}],"player_experience":867758,"relics_obtained":[{"floor":7,"key":"Regal Pillow"},{"floor":9,"key":"Omamori"},{"floor":14,"key":"FossilizedHelix"},{"floor":26,"key":"Smiling Mask"},{"floor":27,"key":"Paper Frog"},{"floor":30,"key":"Vajra"}],"event_choices":[{"damage_healed":0,"gold_gain":0,"player_choice":"Ignored","damage_taken":0,"max_hp_gain":0,"max_hp_loss":0,"event_name":"Ghosts","floor":19,"gold_loss":0},{"damage_healed":0,"gold_gain":0,"cards_transformed":["Strike_R","Strike_R"],"player_choice":"Became Test Subject","damage_taken":0,"max_hp_gain":0,"max_hp_loss":0,"event_name":"Drug Dealer","floor":21,"gold_loss":0,"cards_obtained":["Limit Break","Sentinel"]},{"damage_healed":0,"gold_gain":0,"player_choice":"Fought Bandits","damage_taken":0,"max_hp_gain":0,"max_hp_loss":0,"event_name":"Masked Bandits","floor":31,"gold_loss":0}],"is_beta":false,"boss_relics":[{"not_picked":["SlaversCollar","Black Star"],"picked":"Ectoplasm"}],"items_purged_floors":[4,5,28],"is_endless":false,"potions_floor_spawned":[1,2,11,14,16,18,27,29],"killed_by":"Masked Bandits","ascension_level":20}}