{"host":"2gke39v5r4v8gacc","time":1610889964,"event":{"mods":["BaseMod","KinomotoSakuraMod(ƒæ÷Æ±æ”£)","Koishi","Marisa£®ÏF”Í°°ƒß¿Ì…≥£©","Minty Spire (QoL Compilation)","Prisma Mod","StSLib","The Bug Knight","WarShipGirlsR/’ΩΩ¢…Ÿ≈ÆR mod","Youmu£®ªÍ∆«—˝√Œ£©","Yuri Mod"],"gold_per_floor":[441,32,80,131,176,278,362,440,509,602,686,743,818,914,926,1226,1238,1280,914,555,606,606,684,771,873,873,978,1068,1068,1179,1284,1284,1605,1605,1647,1285,1327,1151,1187,1286,0,114,114,123,234,348,435,549,549,558],"floor_reached":51,"language":"ZHS","playtime":3505,"items_purged":["Mayhem+1","Madness"],"score":1765,"play_id":"706aacaa-7fb1-48b8-8fb2-186003f5647a","local_time":"20210117212604","daily_mods":["SealedDeck","Vintage","Colorless Cards","Heirloom","Time Dilation","Flight","Elite Swarm","Midas"],"is_ascension_mode":false,"campfire_choices":[{"data":"1","floor":15,"key":"LIFT"},{"data":"2","floor":32,"key":"LIFT"},{"floor":49,"key":"DIG"}],"circlet_count":0,"master_deck":["rmod:mineteam","rmod:fletcherpendant","rmod:overbreakdown","rmod:aviationdawn+1","rmod:sl","rmod:fuelsupply","rmod:diamondstrike","rmod:concentratefire","Swift Strike","rmod:chargemoney","rmod:selfconfidence","rmod:ridicule","rmod:windflower+1","rmod:desperatesituation","rmod:seals+1","rmod:secretscript+1","rmod:wasp+1","rmod:salvage","rmod:chargemoney+1","rmod:openingtorpedo","rmod:secretscript+1","rmod:u235","rmod:timeschanged+1","Sadistic Nature+1","HandOfGreed+1","Apotheosis","rmod:fletcherpendant+1","Magnetism+1","rmod:fletcher+1","rmod:fletcher+1","rmod:mineteam+1","rmod:intelligenceanalysis+1","rmod:wasp+1","rmod:selfconfidence+1","rmod:acesubmarine+1","rmod:fletcherpendant+1","rmod:highspeedmaneuver","Wraith","rmod:ridicule","rmod:timeschanged+1","rmod:expeditionaryescort+1","rmod:lastglory+1","rmod:fletcherpendant+1"],"relics":["rmod:firstchargereward","Old Coin","Mummified Hand","rmod:extraamm","Art of War","Lizard Tail","Dead Branch","Juzu Bracelet","Girya","Sundial","FossilizedHelix","Frozen Egg 2","Mercury Hourglass","Shuriken","Pen Nib","MawBank","Bag of Preparation","Philosopher\u0027s Stone","Happy Flower","PreservedInsect","Membership Card","Lantern","Akabeko","StrikeDummy","Anchor","Molten Egg 2","Boot","InkBottle","Ornamental Fan","CeramicFish","MealTicket","Tiny Chest","HollowMod:PaleOreRelic","Runic Dome","Smiling Mask","rmod:equipmentrecovery","Sling","Blood Vial","HollowMod:LifeEnderRelic","Gremlin Horn","Oddly Smooth Stone","Dream Catcher","Red Mask","Toy Ornithopter","Kunai","Shovel","Eternal Feather","TungstenRod","Bottled Flame","War Paint"],"acts_visited":["Exordium","TheCity","TheBeyond"],"potions_floor_usage":[16,16],"damage_taken":[{"damage":0.0,"enemies":"Small Slimes","floor":1.0,"turns":1.0},{"damage":0.0,"enemies":"Jaw Worm","floor":3.0,"turns":1.0},{"damage":0.0,"enemies":"Cultist","floor":4.0,"turns":1.0},{"damage":0.0,"enemies":"Exordium Thugs","floor":5.0,"turns":2.0},{"damage":1.0,"enemies":"Gremlin Nob","floor":6.0,"turns":2.0},{"damage":6.0,"enemies":"3 Sentries","floor":7.0,"turns":2.0},{"damage":0.0,"enemies":"Gremlin Nob","floor":8.0,"turns":2.0},{"damage":0.0,"enemies":"Lagavulin","floor":10.0,"turns":2.0},{"damage":0.0,"enemies":"Gremlin Nob","floor":11.0,"turns":2.0},{"damage":0.0,"enemies":"3 Louse","floor":12.0,"turns":1.0},{"damage":13,"enemies":"3 Sentries","floor":13,"turns":4},{"damage":0,"enemies":"Gremlin Nob","floor":14,"turns":3},{"damage":25,"enemies":"The Guardian","floor":16,"turns":3},{"damage":10,"enemies":"Shell Parasite","floor":18,"turns":2},{"damage":0,"enemies":"Spheric Guardian","floor":21,"turns":1},{"damage":0,"enemies":"Gremlin Leader","floor":23,"turns":1},{"damage":0,"enemies":"Book of Stabbing","floor":24,"turns":1},{"damage":0,"enemies":"Slavers","floor":25,"turns":1},{"damage":0,"enemies":"Gremlin Leader","floor":27,"turns":1},{"damage":0,"enemies":"Slavers","floor":28,"turns":1},{"damage":0,"enemies":"Gremlin Leader","floor":30,"turns":1},{"damage":0,"enemies":"Book of Stabbing","floor":31,"turns":1},{"damage":0,"enemies":"Champ","floor":33,"turns":1},{"damage":0,"enemies":"3 Darklings","floor":35,"turns":1},{"damage":0,"enemies":"3 Shapes","floor":37,"turns":1},{"damage":0,"enemies":"Jaw Worm Horde","floor":39,"turns":1},{"damage":0,"enemies":"Nemesis","floor":40,"turns":1},{"damage":0,"enemies":"Giant Head","floor":42,"turns":1},{"damage":0,"enemies":"HollowMod:StalkingDevout","floor":45,"turns":1},{"damage":0,"enemies":"Reptomancer","floor":46,"turns":1},{"damage":0,"enemies":"Nemesis","floor":47,"turns":1},{"damage":0,"enemies":"Giant Head","floor":48,"turns":1},{"damage":0,"enemies":"Awakened One","floor":50,"turns":2}],"seed_played":"898494724730686712","potions_obtained":[{"floor":1.0,"key":"PowerPotion"},{"floor":4.0,"key":"SkillPotion"},{"floor":5.0,"key":"DistilledChaos"},{"floor":6.0,"key":"SkillPotion"},{"floor":7.0,"key":"PowerPotion"},{"floor":13,"key":"ColorlessPotion"},{"floor":14,"key":"Fire Potion"},{"floor":21,"key":"SmokeBomb"},{"floor":23,"key":"Swift Potion"},{"floor":27,"key":"Weak Potion"},{"floor":30,"key":"LiquidMemories"},{"floor":33,"key":"ColorlessPotion"},{"floor":42,"key":"DistilledChaos"},{"floor":46,"key":"BlessingOfTheForge"}],"is_trial":true,"path_per_floor":["M","$","M","M","M","E","E","E","T","E","E","M","E","E","R","B",null,"M","$","$","M","?","E","E","E","T","E","E","?","E","E","R","B",null,"M","$","M","$","M","E","?","E","T","?","E","E","E","E","R","B",null],"character_chosen":"PRAEFECT","items_purchased":["rmod:chargemoney","rmod:extraamm","Art of War","rmod:selfconfidence","PreservedInsect","rmod:wasp+1","rmod:salvage","Membership Card","Lantern","Akabeko","rmod:chargemoney+1","rmod:openingtorpedo","rmod:equipmentrecovery","Sling","Blood Vial","rmod:mineteam+1","rmod:intelligenceanalysis+1","Gremlin Horn","rmod:wasp+1","rmod:selfconfidence+1"],"campfire_rested":0,"item_purchase_floors":[2,2,2,2,19,19,19,20,20,20,20,20,36,36,36,36,36,38,38,38],"current_hp_per_floor":[75,75,75,75,75,74,68,68,68,68,68,68,55,55,55,30,75,65,65,65,65,65,65,65,65,65,65,65,65,65,65,65,65,75,75,75,75,75,75,75,75,75,75,75,75,75,75,75,75,75],"gold":558,"neow_bonus":"","is_daily":false,"chose_seed":false,"campfire_upgraded":0,"win_rate":0.0,"timestamp":1610889964,"path_taken":["M","$","M","M","M","E","E","E","T","E","E","M","E","E","R","BOSS","M","$","$","M","?","E","E","E","T","E","E","?","E","E","R","BOSS","M","$","M","$","M","E","?","E","T","?","E","E","E","E","R","BOSS"],"items_purchased_type":["Card","Relic","Relic","Card","Relic","Card","Card","Relic","Relic","Relic","Card","Card","Relic","Relic","Relic","Card","Card","Relic","Card","Card"],"build_version":"2020-12-22","purchased_purges":2,"victory":true,"max_hp_per_floor":[75,75,75,75,75,75,75,75,75,75,75,75,75,75,75,75,75,75,75,75,75,75,75,75,75,75,75,75,75,75,75,75,75,75,75,75,75,75,75,75,75,75,75,75,75,75,75,75,75,75],"card_choices":[{"not_picked":["Violence","Secret Weapon"],"picked":"rmod:ridicule","floor":6.0},{"not_picked":["rmod:timeschanged","rmod:supriseattacks"],"picked":"rmod:windflower","floor":7.0},{"not_picked":["Metamorphosis","rmod:windflower"],"picked":"rmod:desperatesituation","floor":8.0},{"not_picked":["Metamorphosis","Secret Weapon"],"picked":"rmod:seals+1","floor":10.0},{"not_picked":["Violence","rmod:highspeedmaneuver"],"picked":"Mayhem+1","floor":11.0},{"not_picked":["Violence","Chrysalis"],"picked":"rmod:secretscript+1","floor":13},{"not_picked":["rmod:auspiciousomen","rmod:highspeedmaneuver","Secret Weapon"],"picked":"SKIP","floor":14},{"not_picked":["rmod:supriseattacks","The Bomb"],"picked":"rmod:secretscript+1","floor":23},{"not_picked":["Violence","Secret Weapon"],"picked":"rmod:u235","floor":24},{"not_picked":["Metamorphosis","Violence"],"picked":"rmod:timeschanged+1","floor":25},{"not_picked":["rmod:stealaluminum+1","Violence"],"picked":"Sadistic Nature+1","floor":27},{"not_picked":["rmod:highspeedmaneuver","rmod:u235"],"picked":"HandOfGreed+1","floor":28},{"not_picked":["rmod:supriseattacks","The Bomb"],"picked":"Apotheosis","floor":30},{"not_picked":["Transmutation","rmod:auspiciousomen"],"picked":"Magnetism+1","floor":31},{"not_picked":["Panache+1","Metamorphosis"],"picked":"rmod:fletcher+1","floor":33},{"not_picked":["rmod:ridicule","Apotheosis"],"picked":"rmod:acesubmarine+1","floor":40},{"not_picked":["rmod:supriseattacks","Thinking Ahead"],"picked":"rmod:highspeedmaneuver","floor":42},{"not_picked":["rmod:windflower","Secret Technique"],"picked":"rmod:ridicule","floor":45},{"not_picked":["rmod:highspeedmaneuver","rmod:u235"],"picked":"rmod:timeschanged+1","floor":46},{"not_picked":["rmod:highspeedmaneuver","Panache+1"],"picked":"rmod:expeditionaryescort+1","floor":47},{"not_picked":["rmod:seals+1","rmod:windflower"],"picked":"rmod:lastglory+1","floor":48}],"player_experience":548626,"relics_obtained":[{"floor":1.0,"key":"Mummified Hand"},{"floor":3.0,"key":"Lizard Tail"},{"floor":4.0,"key":"Dead Branch"},{"floor":5.0,"key":"Juzu Bracelet"},{"floor":6.0,"key":"Girya"},{"floor":7.0,"key":"Sundial"},{"floor":8.0,"key":"FossilizedHelix"},{"floor":9.0,"key":"Frozen Egg 2"},{"floor":10.0,"key":"Mercury Hourglass"},{"floor":11.0,"key":"Shuriken"},{"floor":12.0,"key":"Pen Nib"},{"floor":13,"key":"MawBank"},{"floor":14,"key":"Bag of Preparation"},{"floor":18,"key":"Happy Flower"},{"floor":21,"key":"StrikeDummy"},{"floor":23,"key":"Molten Egg 2"},{"floor":24,"key":"Boot"},{"floor":25,"key":"InkBottle"},{"floor":26,"key":"Ornamental Fan"},{"floor":27,"key":"CeramicFish"},{"floor":28,"key":"MealTicket"},{"floor":30,"key":"Tiny Chest"},{"floor":31,"key":"HollowMod:PaleOreRelic"},{"floor":35,"key":"Smiling Mask"},{"floor":37,"key":"HollowMod:LifeEnderRelic"},{"floor":39,"key":"Oddly Smooth Stone"},{"floor":40,"key":"Dream Catcher"},{"floor":42,"key":"Toy Ornithopter"},{"floor":43,"key":"Kunai"},{"floor":45,"key":"Shovel"},{"floor":46,"key":"Eternal Feather"},{"floor":47,"key":"TungstenRod"},{"floor":48,"key":"Bottled Flame"},{"floor":49,"key":"War Paint"}],"event_choices":[{"damage_healed":0,"gold_gain":0,"player_choice":"Opened","damage_taken":0,"relics_obtained":["Anchor"],"max_hp_gain":0,"max_hp_loss":0,"event_name":"The Mausoleum","floor":22,"gold_loss":0},{"damage_healed":0,"gold_gain":0,"player_choice":"Ignored","damage_taken":0,"max_hp_gain":0,"max_hp_loss":0,"event_name":"Vampires","floor":29,"gold_loss":0},{"damage_healed":0,"gold_gain":0,"player_choice":"Paid","damage_taken":0,"relics_obtained":["Red Mask"],"max_hp_gain":0,"max_hp_loss":0,"event_name":"Tomb of Lord Red Mask","floor":41,"gold_loss":1286},{"damage_healed":0,"gold_gain":0,"player_choice":"Ignored","damage_taken":0,"max_hp_gain":0,"max_hp_loss":0,"event_name":"OrinTheCat","floor":44,"gold_loss":0}],"is_beta":false,"boss_relics":[{"not_picked":["Cursed Key","SacredBark"],"picked":"Philosopher\u0027s Stone"},{"not_picked":["Empty Cage","SlaversCollar"],"picked":"Runic Dome"}],"items_purged_floors":[19,36],"is_endless":false,"potions_floor_spawned":[1,4,5,6,7,13,14,21,23,27,28,30,33,42,46,47,48],"ascension_level":0}}