{"host":"h3vysik1bw5w0dm6","time":1610900859,"event":{"mods":["AchievementEnabler","Aspiration","BaseMod","Better Note","Better Sensory Stone","Better Vampires","BetterRewards","Colored Powertips","Conspire","Downfall","Friendly Minions","Googly Eyes","Gremlin Skip","Halation","Infinite Spire","Minty Spire (QoL Compilation)","Quick Restart","Shop Mod","StSLib"],"gold_per_floor":[99,116,134,144,244,261,261,261,293,307,307,318,334,347,367,465,465,465,480,480,548,566,583,583,610,610,622,632,632,645,714,714,714,714],"floor_reached":32,"language":"ENG","playtime":1892,"items_purged":[],"score":300,"play_id":"cfcf1028-c558-4bd6-bc0b-3a51f22fcd25","local_time":"20210117172739","is_ascension_mode":false,"campfire_choices":[{"data":"champ:Execute","floor":1,"key":"SMITH"},{"data":"champ:CrownThrow","floor":8,"key":"SMITH"},{"data":"champ:BerserkersShout","floor":11,"key":"SMITH"},{"data":"champ:HeavySlash","floor":18,"key":"SMITH"},{"data":"champ:ArenaPreparation","floor":26,"key":"SMITH"}],"circlet_count":0,"master_deck":["champ:Strike","champ:Strike+1","champ:Strike","champ:Strike+1","champ:Defend","champ:Defend","champ:Defend","champ:Defend","champ:Execute+1","champ:Taunt","champ:FaceSlap","champ:CrownThrow+1","champ:Backstep","champ:BerserkersShout+1","champ:FlashCut","champ:EnGarde","champ:ArenaPreparation+1","champ:HeavySlash+1","champ:Haymaker","champ:Shatter+1","champ:EnragedBash+1","champ:RecklessLeap+1"],"relics":["champ:ChampionCrown","conspire:TopHat","Tiny Chest","Snecko Eye","Molten Egg 2","conspire:DeflatedDodgeball","Whetstone","Question Card"],"acts_visited":["Exordium","TheCity"],"potions_floor_usage":[6,10,16,16,16,27],"damage_taken":[{"damage":11,"enemies":"Cultist","floor":2,"turns":4},{"damage":27,"enemies":"Small Slimes","floor":3,"turns":3},{"damage":10,"enemies":"2 Louse","floor":4,"turns":2},{"damage":30,"enemies":"Gremlin Gang","floor":6,"turns":4},{"damage":18,"enemies":"Lagavulin","floor":9,"turns":6},{"damage":50,"enemies":"Exordium Thugs","floor":10,"turns":5},{"damage":20,"enemies":"Large Slime","floor":12,"turns":6},{"damage":28,"enemies":"Exordium Wildlife","floor":13,"turns":4},{"damage":16,"enemies":"3 Louse","floor":14,"turns":5},{"damage":10,"enemies":"Red Slaver","floor":15,"turns":4},{"damage":10,"enemies":"WA_ARCHETYPE_RETAIN","floor":16,"turns":4},{"damage":59,"enemies":"Shell Parasite","floor":19,"turns":4},{"damage":43,"enemies":"3 Byrds","floor":22,"turns":6},{"damage":21,"enemies":"Snecko","floor":23,"turns":4},{"damage":26,"enemies":"Snake Plant","floor":27,"turns":2},{"damage":25,"enemies":"Shelled Parasite and Fungi","floor":28,"turns":5},{"damage":34,"enemies":"Centurion and Healer","floor":30,"turns":7},{"damage":17,"enemies":"Sentry and Sphere","floor":32,"turns":3}],"seed_played":"-4483456003098979991","potions_obtained":[{"floor":4,"key":"Slimebound:ThreeZeroPotion"},{"floor":9,"key":"Dexterity Potion"},{"floor":10,"key":"FearPotion"},{"floor":13,"key":"Strength Potion"},{"floor":14,"key":"ColorlessPotion"},{"floor":19,"key":"champ:TechniquePotion"},{"floor":22,"key":"champ:OpenerPotion"},{"floor":28,"key":"hexamod:SoulburnPotion"}],"is_trial":false,"path_per_floor":["R","M","M","M","?","M","T","R","E","M","R","M","M","M","M","B",null,"R","M","?","T","M","M","T","T","R","M","M","?","M","T","M"],"character_chosen":"THE_CHAMP","items_purchased":[],"campfire_rested":0,"item_purchase_floors":[],"current_hp_per_floor":[99,98,91,91,91,81,81,81,78,53,53,53,35,34,34,34,99,99,75,75,75,72,61,61,61,61,40,35,35,17,17,0,0,0],"gold":714,"neow_bonus":"TEN_PERCENT_HP_BONUS","is_daily":false,"chose_seed":false,"campfire_upgraded":5,"win_rate":0.0,"timestamp":1610900859,"path_taken":["R","M","M","?","?","M","T","R","E","M","R","M","M","?","M","BOSS","R","M","?","?","M","M","T","?","R","?","M","?","?","?","M"],"items_purchased_type":[],"build_version":"2020-12-22","purchased_purges":0,"victory":false,"max_hp_per_floor":[99,99,99,99,99,99,99,99,99,99,99,99,99,99,99,99,99,99,99,99,99,99,99,99,99,99,99,99,99,99,99,99,99,99],"card_choices":[{"not_picked":["champ:GladiatorStyle","champ:SetATrap","champ:AdrenalArmor"],"picked":"SKIP","floor":2},{"not_picked":["champ:GutPunch","champ:CrookedStrike"],"picked":"champ:FaceSlap","floor":3},{"not_picked":["champ:CrookedStrike","champ:Circumvent"],"picked":"champ:CrownThrow","floor":4},{"not_picked":["champ:RisingSlash","champ:PerfectedStrike"],"picked":"champ:Backstep","floor":6},{"not_picked":["champ:Duel","champ:Haymaker"],"picked":"champ:BerserkersShout","floor":9},{"not_picked":["champ:BerserkersShout","champ:Shatter"],"picked":"champ:FlashCut","floor":10},{"not_picked":["champ:PerfectedStrike","champ:GutPunch","champ:AdrenalArmor"],"picked":"SKIP","floor":12},{"not_picked":["champ:GutPunch","champ:Encircle"],"picked":"champ:EnGarde","floor":13},{"not_picked":["champ:FanOfKnives","champ:PreemptiveStrike","champ:CrownThrow"],"picked":"SKIP","floor":14},{"not_picked":["champ:PreciseThrust","champ:EnGarde"],"picked":"champ:ArenaPreparation","floor":15},{"not_picked":["champ:StrikeOfGenius","champ:TripleStrike"],"picked":"champ:HeavySlash","floor":16},{"not_picked":["champ:ShieldSlam+1","champ:FlashCut"],"picked":"champ:Haymaker","floor":19},{"not_picked":["champ:FanOfKnives+1","champ:DefensiveShout"],"picked":"champ:Shatter+1","floor":22},{"not_picked":["champ:StanceDance+1","champ:BringItOn+1","champ:FocusedBerserking"],"picked":"SKIP","floor":23},{"not_picked":["champ:BladeFlurry+1","champ:FaceSlap+1","champ:BringItOn+1"],"picked":"SKIP","floor":27},{"not_picked":["champ:BerserkersShout","champ:BringItOn"],"picked":"champ:EnragedBash+1","floor":28},{"not_picked":["champ:RapidStrikes+1","champ:AdrenalArmor"],"picked":"champ:RecklessLeap+1","floor":30}],"player_experience":374085,"relics_obtained":[{"floor":7,"key":"conspire:TopHat"},{"floor":9,"key":"Tiny Chest"},{"floor":21,"key":"Molten Egg 2"},{"floor":24,"key":"conspire:DeflatedDodgeball"},{"floor":25,"key":"Whetstone"},{"floor":31,"key":"Question Card"}],"event_choices":[{"damage_healed":0,"gold_gain":0,"player_choice":"Ignored","damage_taken":0,"max_hp_gain":0,"max_hp_loss":0,"event_name":"betterNote:BetterNote","floor":20,"gold_loss":0,"cards_obtained":["hexamod:TimeOfNeed"]}],"is_beta":false,"boss_relics":[{"not_picked":["Cursed Key","halation:LoveArrow"],"picked":"Snecko Eye"}],"items_purged_floors":[],"is_endless":false,"potions_floor_spawned":[4,9,10,13,14,19,22,28],"killed_by":"Sentry and Sphere","ascension_level":0}}