{"host":"leop","time":1610881488,"event":{"mods":["ATMod(°¢èªMod)","Act Like it!","BaseMod","GifTheSpireLib","Minty Spire (QoL Compilation)","MostiFishMod","Shop Mod","Spicy Shops","StSLib","TestMod","[IsaacMod]ÒÔÈö¼âËþ","¡¾ÒÅÎï¿¨ÅÆ¡¿REMEMod"],"gold_per_floor":[110,110,129,144,194,228,228,257,257,292,48,59,59,74,74,150,150,165,180,258,272,272,301,301,327,354,371,386,413,413,313,313,384,384,398,273,286,286,302,329,329,179,179,179,191,216,216,242,242,242,242,242,242,71,102,102],"floor_reached":57,"language":"ZHS","playtime":1140,"items_purged":["Defend_P","Defend_P","Defend_P","Defend_P","Strike_P","Strike_P"],"score":3290,"play_id":"dbc435f5-5b7a-422f-99c7-f22d382ddceb","local_time":"20210117190448","is_ascension_mode":true,"campfire_choices":[{"data":"Eruption","floor":7.0,"key":"SMITH"},{"data":"Blasphemy","floor":13.0,"key":"SMITH"},{"data":"REME_CRH","floor":15.0,"key":"SMITH"},{"data":"Pray","floor":24.0,"key":"SMITH"},{"floor":32.0,"key":"RECALL"},{"data":"MostiFishMod:KamiSmash","floor":41.0,"key":"SMITH"},{"data":"Omniscience","floor":44.0,"key":"SMITH"},{"data":"Tantrum","floor":49.0,"key":"SMITH"},{"data":"Ragnarok","floor":53,"key":"SMITH"}],"circlet_count":0,"master_deck":["AscendersBane","Strike_P","Eruption+1","Vigilance","FearNoEvil","AT_FamilyPortrait","Conclude","FlurryOfBlows","Pray+1","Blasphemy+1","REME_CRH+1","Omniscience+1","Wallop","Tantrum+1","MostiFishMod:KamiSmash+1","Ragnarok+1","Adaptation+1","Wallop"],"relics":["testmod-TestBox","DaveBox","REME_ComplimentaryCards","AT_ATBox","HushsDoor","testmod-IndustrialRevolution","ShadowXiaoBlade","ChiXiaoBlade","UnicornStump","SynthV:TestCard","BookOfRevelations","PunchingBag","AT_ArchangelStaff","AT_ChloranthyRing","Transparent","Potion Belt","Void","Art of War","D6","PatriotShield","Toy Ornithopter","Mercury Hourglass","TheBean","PokeGo"],"acts_visited":["Exordium","TheCity","TheBeyond","TheEnding"],"potions_floor_usage":[],"damage_taken":[{"damage":0.0,"enemies":"Small Slimes","floor":1.0,"turns":2.0},{"damage":0.0,"enemies":"Jaw Worm","floor":3.0,"turns":1.0},{"damage":0.0,"enemies":"Cultist","floor":4.0,"turns":2.0},{"damage":0.0,"enemies":"Large Slime","floor":5.0,"turns":2.0},{"damage":0.0,"enemies":"3 Sentries","floor":6.0,"turns":1.0},{"damage":0.0,"enemies":"Lagavulin","floor":8.0,"turns":1.0},{"damage":0.0,"enemies":"3 Sentries","floor":10.0,"turns":2.0},{"damage":0.0,"enemies":"Lots of Slimes","floor":12.0,"turns":1.0},{"damage":0.0,"enemies":"Exordium Thugs","floor":14.0,"turns":1.0},{"damage":16.0,"enemies":"The Guardian","floor":16.0,"turns":3.0},{"damage":12.0,"enemies":"3 Byrds","floor":18.0,"turns":1.0},{"damage":12.0,"enemies":"Spheric Guardian","floor":19.0,"turns":1.0},{"damage":12.0,"enemies":"Snake Plant","floor":21.0,"turns":1.0},{"damage":12.0,"enemies":"Book of Stabbing","floor":23.0,"turns":1.0},{"damage":12.0,"enemies":"Slavers","floor":25.0,"turns":1.0},{"damage":12.0,"enemies":"Centurion and Healer","floor":27.0,"turns":1.0},{"damage":0.0,"enemies":"Sentry and Sphere","floor":28.0,"turns":1.0},{"damage":12.0,"enemies":"Book of Stabbing","floor":29.0,"turns":1.0},{"damage":12.0,"enemies":"Automaton","floor":33.0,"turns":1.0},{"damage":10.0,"enemies":"3 Shapes","floor":35.0,"turns":1.0},{"damage":10.0,"enemies":"3 Darklings","floor":37.0,"turns":1.0},{"damage":24.0,"enemies":"4 Shapes","floor":39.0,"turns":1.0},{"damage":10.0,"enemies":"Giant Head","floor":40.0,"turns":1.0},{"damage":10.0,"enemies":"Spire Growth","floor":45.0,"turns":1.0},{"damage":10.0,"enemies":"Reptomancer","floor":46.0,"turns":1.0},{"damage":10.0,"enemies":"Nemesis","floor":48.0,"turns":1.0},{"damage":20.0,"enemies":"Awakened One","floor":50.0,"turns":2.0},{"damage":10.0,"enemies":"Donu and Deca","floor":51.0,"turns":1.0},{"damage":10,"enemies":"Shield and Spear","floor":55,"turns":1},{"damage":30,"enemies":"Delirium","floor":56,"turns":3}],"seed_played":"-8148688755355035727","potions_obtained":[{"floor":1.0,"key":"FearPotion"},{"floor":3.0,"key":"SteroidPotion"},{"floor":4.0,"key":"REME_GoldPotion"},{"floor":6.0,"key":"DuplicationPotion"},{"floor":23.0,"key":"Swift Potion"},{"floor":28.0,"key":"PowerPotion"},{"floor":46.0,"key":"EntropicBrew"}],"is_trial":false,"path_per_floor":["M","?","M","M","M","E","R","E","T","E","$","M","R","M","R","B",null,"M","M","?","M","?","E","R","E","T","M","M","E","?","$","R","B",null,"M","$","M","?","M","E","R","$","T","R","M","E","?","E","R","B","B",null,"R","$","E","B",null],"character_chosen":"WATCHER","items_purchased":["AT_ChloranthyRing","SteamSale"],"campfire_rested":0,"item_purchase_floors":[11,54],"current_hp_per_floor":[61,61,61,61,61,61,61,61,61,61,61,61,61,64,64,48,62,66,66,36,66,66,66,66,66,66,66,66,66,66,66,66,66,59,59,59,59,59,59,59,59,59,59,59,59,59,59,59,59,59,59,59,59,59,59,59],"gold":102,"neow_bonus":"BOSS_RELIC","is_daily":false,"chose_seed":false,"campfire_upgraded":8,"win_rate":0.0,"timestamp":1610881488,"path_taken":["M","?","M","M","?","E","R","E","T","E","$","M","R","M","R","BOSS","M","M","?","?","?","E","R","E","T","M","M","E","?","?","R","BOSS","M","$","M","?","M","E","R","$","T","R","M","E","?","E","R","BOSS","BOSS","R","$","E","BOSS"],"items_purchased_type":["Relic","Relic"],"build_version":"2020-12-18","purchased_purges":6,"victory":true,"max_hp_per_floor":[68,68,68,68,68,68,68,68,68,68,68,68,68,71,71,71,66,66,66,66,66,66,66,66,66,66,66,66,66,66,66,66,66,59,59,59,59,59,59,59,59,59,59,59,59,59,59,59,59,59,59,59,59,59,59,59],"card_choices":[{"not_picked":["MentalFortress","Crescendo","REME_Repentance"],"picked":"SKIP","floor":1.0},{"not_picked":["Weave","CrushJoints","ClearTheMind","EmptyBody"],"picked":"Conclude","floor":3.0},{"not_picked":["Bomb","EmptyFist","SashWhip","REME_Repentance"],"picked":"FlurryOfBlows","floor":4.0},{"not_picked":["MentalFortress","FlurryOfBlows","EmptyBody","ThirdEye"],"picked":"Pray","floor":5.0},{"not_picked":["WreathOfFlame","MostiFishMod:OutWit","FollowUp","Bomb","FlyingSleeves"],"picked":"SKIP","floor":6.0},{"not_picked":["JustLucky","AT_OneInchPunch","Vengeance","Prostrate"],"picked":"Blasphemy","floor":8.0},{"not_picked":["MostiFishMod:KamiSmash","CutThroughFate","CrushJoints","EmptyFist","Protect"],"picked":"SKIP","floor":10.0},{"not_picked":["Evaluate","PathToVictory","CrushJoints","Judgement","FlyingSleeves"],"picked":"SKIP","floor":12.0},{"not_picked":["Evaluate","REME_Repentance","FlyingSleeves","Halt"],"picked":"REME_CRH","floor":14.0},{"not_picked":["AT_RealColorLess","AT_MachinaRedman","AT_IrregularMenstruation","MostiFishMod:StarOceanP"],"picked":"Omniscience","floor":16.0},{"not_picked":["BowlingBash","ClearTheMind","PathToVictory+1","CutThroughFate"],"picked":"Wallop","floor":18.0},{"not_picked":["SandsOfTime","EmptyFist","BattleHymn","AT_RealFormLess","MostiFishMod:Minus"],"picked":"SKIP","floor":19.0},{"not_picked":["Wallop","Conclude","BowlingBash","ThirdEye","FearNoEvil"],"picked":"SKIP","floor":21.0},{"not_picked":["Study","REME_Repentance","CutThroughFate","Fasting2","Swivel"],"picked":"SKIP","floor":23.0},{"not_picked":["Consecrate","WindmillStrike","Protect","FlyingSleeves"],"picked":"Tantrum","floor":25.0},{"not_picked":["FlyingSleeves","FollowUp","Consecrate","EmptyBody","MostiFishMod:FlowState"],"picked":"SKIP","floor":27.0},{"not_picked":["BowlingBash","ThirdEye","FollowUp","Consecrate+1"],"picked":"MostiFishMod:KamiSmash","floor":28.0},{"not_picked":["FlyingSleeves+1","BowlingBash","WheelKick","EmptyFist+1","ClearTheMind"],"picked":"SKIP","floor":29.0},{"not_picked":["ClearTheMind","MentalFortress","PathToVictory","FollowUp","BattleHymn"],"picked":"SKIP","floor":35.0},{"not_picked":["SashWhip","Protect+1","ThirdEye","MostiFishMod:FlowState","FlyingSleeves+1"],"picked":"SKIP","floor":37.0},{"not_picked":["Crescendo","JustLucky","MostiFishMod:ScryFuture","EmptyBody+1","Evaluate"],"picked":"SKIP","floor":39.0},{"not_picked":["Protect","MostiFishMod:FlowState","Nirvana","CarveReality+1"],"picked":"Ragnarok","floor":40.0},{"not_picked":["WreathOfFlame","REME_Repentance","FlyingSleeves","Prostrate"],"picked":"Adaptation+1","floor":45.0},{"not_picked":["EmptyFist","JustLucky","Wallop","EmptyMind","EmptyBody"],"picked":"SKIP","floor":46.0},{"not_picked":["EmptyFist","JustLucky","EmptyMind","EmptyBody"],"picked":"Wallop","floor":46.0},{"not_picked":["MostiFishMod:StarLaLaLa","CarveReality","EmptyBody","Protect","JustLucky"],"picked":"SKIP","floor":48.0},{"not_picked":["MostiFishMod:StarLaLaLa","AT_OneInchPunch","Meditate","JustLucky+1","REME_Repentance"],"picked":"SKIP","floor":55}],"player_experience":1100528,"relics_obtained":[{"floor":1.0,"key":"SynthV:TestCard"},{"floor":6.0,"key":"BookOfRevelations"},{"floor":8.0,"key":"PunchingBag"},{"floor":10.0,"key":"AT_ArchangelStaff"},{"floor":23.0,"key":"Potion Belt"},{"floor":25.0,"key":"Void"},{"floor":26.0,"key":"Art of War"},{"floor":29.0,"key":"D6"},{"floor":40.0,"key":"Toy Ornithopter"},{"floor":43.0,"key":"Mercury Hourglass"},{"floor":46.0,"key":"TheBean"},{"floor":48.0,"key":"PokeGo"}],"event_choices":[{"damage_healed":0.0,"max_hp_gain":0.0,"max_hp_loss":0.0,"gold_gain":0.0,"event_name":"Liars Game","player_choice":"Ignored","floor":2.0,"gold_loss":0.0,"damage_taken":0.0},{"damage_healed":0.0,"max_hp_gain":0.0,"max_hp_loss":0.0,"gold_gain":0.0,"event_name":"Vampires","player_choice":"Ignored","floor":22.0,"gold_loss":0.0,"damage_taken":0.0},{"damage_healed":0.0,"max_hp_gain":0.0,"max_hp_loss":0.0,"gold_gain":0.0,"event_name":"The Mausoleum","player_choice":"Ignored","floor":30.0,"gold_loss":0.0,"damage_taken":0.0},{"cards_removed":["Strike_P"],"damage_healed":0.0,"max_hp_gain":0.0,"max_hp_loss":0.0,"gold_gain":0.0,"event_name":"Falling","player_choice":"Removed Attack","floor":38.0,"gold_loss":0.0,"damage_taken":0.0},{"damage_healed":0.0,"max_hp_gain":0.0,"max_hp_loss":0.0,"gold_gain":0.0,"event_name":"Tomb of Lord Red Mask","player_choice":"Ignored","floor":47.0,"gold_loss":0.0,"damage_taken":0.0}],"is_beta":true,"boss_relics":[{"not_picked":["Empty Cage","AT_TrinityForce"],"picked":"Transparent"},{"not_picked":[]},{"not_picked":["FeatherPendant","HereWithMe"],"picked":"PatriotShield"},{"not_picked":[]}],"items_purged_floors":[11,17,31,34,36,42],"is_endless":false,"potions_floor_spawned":[1,3,4,6,8,14,19,21,23,28,40,46,55],"ascension_level":20}}