{"host":"te4ihy0orbpglf07","time":1610889224,"event":{"mods":["Act Like it!","Arknights The Spire","BaseMod","BetterRewards","Chen","Friendly Minions","Gensokyo","Hubris","Infinite Spire","Marisa????????","Minty Spire (QoL Compilation)","Onozuka Komachi Mod","Reimu??????","Remilia??????","RumiaBox-????????","Small Relic Pack","StSLib","SuperFastMode","Td1madao Mod","The Servant 0.9.4"],"gold_per_floor":[118,131,131,131,80,80,99,99,126,142,162,30,46,46,46],"floor_reached":14,"language":"ENG","playtime":384,"items_purged":[],"score":82,"play_id":"bf229e6c-145a-4eed-a36f-9b5700521eee","local_time":"20210117161344","is_ascension_mode":false,"campfire_choices":[{"data":"ats:Neurotoxin","floor":6,"key":"SMITH"}],"circlet_count":0,"master_deck":["ats:Strike C","ats:Strike G","ats:Strike S","ats:Strike V","ats:Armor Crushing Shot","ats:Defend","ats:Defend","ats:Defend","ats:Defend","ats:Emotion Absorption","ats:Demon Strength","ats:Closed Bolt Burst Fire","ats:Flexible Camouflage","ats:Neurotoxin+1","ats:Consecutive Shot Auto","ats:Neurotoxin","ats:Part Time Job","ats:Thorns","Gensokyo:BlemishedSteel","Gensokyo:Shovel","ats:Encircling Forest"],"relics":["ats:Sanity","hubris:Icosahedron","MealTicket"],"acts_visited":["Exordium"],"potions_floor_usage":[14],"damage_taken":[{"damage":10,"enemies":"Gensokyo:Gryphon","floor":1,"turns":3},{"damage":0,"enemies":"Gensokyo:Python","floor":2,"turns":2},{"damage":0,"enemies":"Gensokyo:2_Kodama","floor":7,"turns":2},{"damage":0,"enemies":"Gensokyo:LivingMonolith","floor":10,"turns":3},{"damage":21,"enemies":"Gensokyo:CorruptedTreant","floor":11,"turns":3},{"damage":23,"enemies":"Gensokyo:Python_and_Kodama","floor":13,"turns":5},{"damage":21,"enemies":"Gensokyo:Cirno","floor":14,"turns":3}],"seed_played":"4604583887542955963","potions_obtained":[{"floor":1,"key":"Swift Potion"},{"floor":11,"key":"SteroidPotion"},{"floor":13,"key":"DuplicationPotion"}],"is_trial":false,"path_per_floor":["M","M","?","?","$","R","M","$","T","M","M","COS","M","E"],"character_chosen":"DOCTOR_CLASS","items_purchased":["ats:Demon Strength","ats:Closed Bolt Burst Fire","ats:Consecutive Shot Auto"],"campfire_rested":0,"item_purchase_floors":[0,0,5],"current_hp_per_floor":[62,62,62,62,62,62,62,62,62,62,44,44,21,0,0],"gold":46,"neow_bonus":"","is_daily":false,"chose_seed":false,"campfire_upgraded":1,"win_rate":0.0,"timestamp":1610889224,"path_taken":["M","M","?","?","$","R","M","?","T","?","M","COS","M","E"],"items_purchased_type":["Card","Card","Card"],"build_version":"2020-12-22","purchased_purges":0,"victory":false,"max_hp_per_floor":[72,72,72,72,72,72,72,72,72,72,72,72,72,72,72],"card_choices":[{"not_picked":["ats:Childhood Dance","ats:Cat Scratch"],"picked":"ats:Flexible Camouflage","floor":1},{"not_picked":["ats:Ignite","ats:Roar Of Ursus"],"picked":"ats:Neurotoxin","floor":2},{"not_picked":["ats:Revitalization","ats:Flexible Camouflage"],"picked":"ats:Neurotoxin","floor":7},{"not_picked":["ats:Leaping Hammer","ats:Cat Scratch"],"picked":"ats:Part Time Job","floor":10},{"not_picked":["ats:Beaten Up","ats:Powerful Strike"],"picked":"ats:Thorns","floor":11},{"not_picked":["ats:Poison Spread","ats:Ignite"],"picked":"ats:Encircling Forest","floor":13}],"player_experience":119615,"relics_obtained":[{"floor":9,"key":"MealTicket"}],"event_choices":[],"is_beta":false,"boss_relics":[],"items_purged_floors":[],"is_endless":false,"potions_floor_spawned":[1,11,13],"killed_by":"Gensokyo:Cirno","ascension_level":0}}