{"host":"kg61lsvem4dxoat8","time":1610880121,"event":{"mods":["BaseMod","Colored Powertips","Minty Spire (QoL Compilation)","Quick Restart","Rare Cards Sparkle","Relic Stats","slay the spire mod where everything is the same but ironclad has a cowboy hat"],"gold_per_floor":[110,128,128,139,139,167,167,198,198,233,74,74,74,85,85,185,185,203,203,103,103,119,144,144,173,173,188,188,44,44,60,60,160,160,160,160],"floor_reached":35,"language":"ENG","playtime":1116,"items_purged":["Strike_R","Strike_R"],"score":580,"play_id":"dd52908e-bdea-467d-8afa-9e452f8b1005","local_time":"20210117184201","is_ascension_mode":true,"campfire_choices":[{"data":"Bash","floor":7,"key":"SMITH"},{"floor":15,"key":"REST"},{"floor":24,"key":"REST"},{"floor":28,"key":"REST"},{"floor":30,"key":"REST"},{"floor":32,"key":"REST"}],"circlet_count":0,"master_deck":["Strike_R","Strike_R","Defend_R","Defend_R","Defend_R","Defend_R","Bash+1","Infernal Blade+1","Cleave","True Grit","Limit Break","Impervious","Finesse","Rampage+1","Reaper","Carnage","True Grit+1","Seeing Red","Shrug It Off"],"relics":["Burning Blood","Dream Catcher","Ginger","White Beast Statue","Nunchaku","Strawberry","Fusion Hammer","Frozen Egg 2","Vajra","Blue Candle","Red Skull","SacredBark"],"acts_visited":["Exordium","TheCity","TheBeyond"],"potions_floor_usage":[4,8,14,16,16,23,23,23,25,33,33,33],"damage_taken":[{"damage":3,"enemies":"2 Louse","floor":1,"turns":4},{"damage":1,"enemies":"Cultist","floor":2,"turns":3},{"damage":7,"enemies":"Jaw Worm","floor":4,"turns":3},{"damage":10,"enemies":"Gremlin Nob","floor":6,"turns":3},{"damage":28,"enemies":"3 Sentries","floor":8,"turns":7},{"damage":30,"enemies":"Lagavulin","floor":10,"turns":6},{"damage":8,"enemies":"Exordium Wildlife","floor":14,"turns":4},{"damage":30,"enemies":"The Guardian","floor":16,"turns":9},{"damage":34,"enemies":"Shell Parasite","floor":18,"turns":7},{"damage":14,"enemies":"Spheric Guardian","floor":22,"turns":4},{"damage":39,"enemies":"Slavers","floor":23,"turns":7},{"damage":53,"enemies":"Book of Stabbing","floor":25,"turns":6},{"damage":31,"enemies":"Shelled Parasite and Fungi","floor":27,"turns":7},{"damage":15,"enemies":"Snake Plant","floor":31,"turns":4},{"damage":67,"enemies":"Collector","floor":33,"turns":9},{"damage":18,"enemies":"3 Darklings","floor":35,"turns":5}],"seed_played":"673503914539030869","potions_obtained":[{"floor":1,"key":"Block Potion"},{"floor":4,"key":"Fruit Juice"},{"floor":10,"key":"BloodPotion"},{"floor":13,"key":"CultistPotion"},{"floor":13,"key":"SteroidPotion"},{"floor":14,"key":"LiquidBronze"},{"floor":16,"key":"DistilledChaos"},{"floor":18,"key":"SkillPotion"},{"floor":23,"key":"SteroidPotion"},{"floor":25,"key":"Dexterity Potion"},{"floor":27,"key":"Strength Potion"},{"floor":31,"key":"Weak Potion"},{"floor":33,"key":"ElixirPotion"}],"is_trial":false,"path_per_floor":["M","M","?","M","?","E","R","E","T","E","$","?","?","M","R","B",null,"M","?","$","?","M","E","R","E","T","M","R","$","R","M","R","B",null,"M"],"character_chosen":"IRONCLAD","items_purchased":["Finesse","Red Skull"],"campfire_rested":5,"item_purchase_floors":[11,29],"current_hp_per_floor":[83,88,88,92,85,81,81,59,59,35,35,42,42,60,90,66,92,70,70,70,70,62,45,75,28,28,8,38,38,68,64,94,67,92,82,82],"gold":160,"neow_bonus":"TEN_PERCENT_HP_BONUS","is_daily":false,"chose_seed":false,"campfire_upgraded":1,"win_rate":0.0,"timestamp":1610880121,"path_taken":["M","M","?","?","?","E","R","E","T","E","$","?","?","?","R","BOSS","M","?","?","?","?","E","R","E","T","M","R","$","R","M","R","BOSS","M"],"items_purchased_type":["Card","Relic"],"build_version":"2020-12-22","purchased_purges":2,"victory":false,"max_hp_per_floor":[88,88,88,93,93,93,93,93,93,93,93,100,100,100,100,100,100,100,100,100,100,100,100,100,100,100,100,100,100,100,100,100,100,100,100,100],"relic_stats":{"Dream Catcher":5,"Nunchaku":[11],"counters":[16,88],"Blue Candle":[0],"Ginger":[8],"obtain_stats":[{"Dream Catcher":6,"Nunchaku":10,"Strawberry":12,"Blue Candle":26,"SacredBark":34,"Vajra":25,"Fusion Hammer":17,"Ginger":8,"Frozen Egg 2":23,"Burning Blood":0,"White Beast Statue":9,"Red Skull":29},{"Dream Catcher":4,"Nunchaku":6,"Strawberry":6,"Blue Candle":12,"SacredBark":15,"Vajra":12,"Fusion Hammer":8,"Ginger":5,"Frozen Egg 2":11,"Burning Blood":0,"White Beast Statue":5,"Red Skull":13},{"Dream Catcher":13,"Nunchaku":26,"Strawberry":26,"Blue Candle":63,"SacredBark":83,"Vajra":63,"Fusion Hammer":39,"Ginger":20,"Frozen Egg 2":57,"Burning Blood":0,"White Beast Statue":20,"Red Skull":70}],"Burning Blood":90},"card_choices":[{"not_picked":["Second Wind","Clothesline"],"picked":"Infernal Blade","floor":1},{"not_picked":["Pommel Strike","Flex"],"picked":"Cleave","floor":2},{"not_picked":["Cleave","Twin Strike"],"picked":"True Grit","floor":4},{"not_picked":["Sever Soul","Iron Wave"],"picked":"Limit Break","floor":6},{"not_picked":["Clash","Limit Break"],"picked":"Impervious","floor":8},{"not_picked":["Rupture","Flex","Iron Wave"],"picked":"SKIP","floor":10},{"not_picked":["Thunderclap","Pommel Strike","Flex"],"picked":"SKIP","floor":14},{"not_picked":["Body Slam","Searing Blow"],"picked":"Rampage","floor":15},{"not_picked":["Bludgeon","Immolate"],"picked":"Reaper","floor":16},{"not_picked":["Armaments","Reckless Charge"],"picked":"Carnage","floor":18},{"not_picked":["Searing Blow+1","Headbutt+1"],"picked":"True Grit+1","floor":22},{"not_picked":["Clash","Fire Breathing+1","Wild Strike"],"picked":"SKIP","floor":23},{"not_picked":["Blood for Blood+1","Anger","Shockwave"],"picked":"SKIP","floor":25},{"not_picked":["Brutality+1","Flex+1","Blood for Blood"],"picked":"SKIP","floor":27},{"not_picked":["Disarm","Twin Strike"],"picked":"Seeing Red","floor":28},{"not_picked":["Clash","Warcry","Barricade+1"],"picked":"SKIP","floor":31},{"not_picked":["Twin Strike","Whirlwind"],"picked":"Shrug It Off","floor":32}],"player_experience":1379477,"relics_obtained":[{"floor":6,"key":"Dream Catcher"},{"floor":8,"key":"Ginger"},{"floor":9,"key":"White Beast Statue"},{"floor":10,"key":"Nunchaku"},{"floor":23,"key":"Frozen Egg 2"},{"floor":25,"key":"Vajra"},{"floor":26,"key":"Blue Candle"}],"event_choices":[{"damage_healed":0,"gold_gain":0,"player_choice":"Upgraded","damage_taken":0,"max_hp_gain":0,"max_hp_loss":0,"event_name":"Upgrade Shrine","floor":3,"gold_loss":0,"cards_upgraded":["Infernal Blade"]},{"cards_removed":["Strike_R"],"damage_healed":0,"gold_gain":0,"player_choice":"Card Removal","damage_taken":7,"max_hp_gain":0,"max_hp_loss":0,"event_name":"Golden Wing","floor":5,"gold_loss":0},{"damage_healed":0,"gold_gain":0,"player_choice":"Searched \u00271\u0027 times","damage_taken":0,"relics_obtained":["Strawberry"],"max_hp_gain":0,"max_hp_loss":0,"event_name":"Dead Adventurer","floor":12,"gold_loss":0},{"damage_healed":0,"gold_gain":0,"player_choice":"Got Potions","damage_taken":0,"max_hp_gain":0,"max_hp_loss":0,"event_name":"Lab","floor":13,"gold_loss":0},{"damage_healed":0,"gold_gain":0,"player_choice":"Ignored","damage_taken":0,"max_hp_gain":0,"max_hp_loss":0,"event_name":"N\u0027loth","floor":19,"gold_loss":0},{"damage_healed":0,"gold_gain":0,"player_choice":"Upgraded","damage_taken":0,"max_hp_gain":0,"max_hp_loss":0,"event_name":"Upgrade Shrine","floor":21,"gold_loss":0,"cards_upgraded":["Rampage"]}],"is_beta":false,"boss_relics":[{"not_picked":["Calling Bell","Ectoplasm"],"picked":"Fusion Hammer"},{"not_picked":["Runic Cube","Snecko Eye"],"picked":"SacredBark"}],"items_purged_floors":[11,20],"is_endless":false,"potions_floor_spawned":[1,4,10,14,16,18,22,23,25,27,31,33],"killed_by":"3 Darklings","ascension_level":7}}