{"host":"0qlrtuw7bw78ucw4","time":1610860720,"event":{"mods":["BaseMod","Downfall","Minty Spire (QoL Compilation)","StSLib"],"gold_per_floor":[99,99,99,161,181,181,253,19,19,35,46,63,63,28,43,43,43,43],"floor_reached":16,"language":"ENG","playtime":734,"items_purged":["downfall:Malfunctioning"],"score":135,"play_id":"09d5af09-5abb-4323-936b-9d289fba9a7f","local_time":"20210117161840","is_ascension_mode":true,"campfire_choices":[{"data":"Slimebound:CorrosiveSpit","floor":1,"key":"SMITH"},{"data":"Slimebound:OozeBath","floor":13,"key":"PURGE"}],"circlet_count":0,"master_deck":["AscendersBane","Slimebound:Strike_Slimebound+1","Slimebound:Strike_Slimebound+1","Slimebound:Strike_Slimebound","Slimebound:Tackle","Slimebound:Defend_Slimebound","Slimebound:Defend_Slimebound","Slimebound:Defend_Slimebound","Slimebound:Defend_Slimebound","Slimebound:Split","Slimebound:CorrosiveSpit+1","Slimebound:SlimeBarrage","Slimebound:Prepare","Slimebound:ItLooksTasty+1","Slimebound:LeadByExample","Slimebound:SlimeSpikes","Slimebound:LevelUp","Slimebound:PressTheAttack","Slimebound:SlimeBrawl","Slimebound:SlimeTap","Slimebound:RainOfGoop"],"relics":["Slimebound:AbsorbEndCombat","downfall:HeartsMalice","HornCleat","Membership Card","Slimebound:ScrapOozeRelic"],"acts_visited":["Exordium"],"potions_floor_usage":[12,16,16],"damage_taken":[{"damage":0,"enemies":"Cultist","floor":2,"turns":1},{"damage":0,"enemies":"2 Louse","floor":3,"turns":1},{"damage":0,"enemies":"Lagavulin Event","floor":4,"turns":1},{"damage":4,"enemies":"Small Slimes","floor":5,"turns":4},{"damage":3,"enemies":"downfall:FleeingMerchant","floor":8,"turns":4},{"damage":4,"enemies":"Exordium Wildlife","floor":10,"turns":3},{"damage":13,"enemies":"Exordium Thugs","floor":11,"turns":4},{"damage":0,"enemies":"2 Fungi Beasts","floor":12,"turns":3},{"damage":1,"enemies":"downfall:FleeingMerchant","floor":14,"turns":4},{"damage":11,"enemies":"Gremlin Gang","floor":15,"turns":3},{"damage":43,"enemies":"DF_ARCHETYPE_STREAMLINE","floor":16,"turns":9}],"seed_played":"5550717693097657774","potions_obtained":[{"floor":4,"key":"PowerPotion"},{"floor":5,"key":"GamblersBrew"},{"floor":11,"key":"DistilledChaos"},{"floor":12,"key":"Fruit Juice"}],"is_trial":false,"path_per_floor":["R","M","M","?","M","?","T","$","?","M","M","M","R","$","M","B"],"character_chosen":"SLIMEBOUND","items_purchased":["Membership Card","Slimebound:LevelUp","Slimebound:RainOfGoop"],"campfire_rested":0,"item_purchase_floors":[8,8,14],"current_hp_per_floor":[59,59,59,59,57,57,57,57,57,53,41,46,46,46,36,0,0,0],"gold":43,"neow_bonus":"THREE_ENEMY_KILL","is_daily":false,"chose_seed":false,"campfire_upgraded":1,"win_rate":0.0,"timestamp":1610860720,"path_taken":["R","M","M","?","M","?","T","$","?","M","?","M","R","?","M","BOSS"],"items_purchased_type":["Relic","Card","Card"],"build_version":"2020-12-22","purchased_purges":1,"victory":false,"max_hp_per_floor":[65,65,65,65,65,65,65,65,65,65,65,70,70,70,70,70,70,70],"card_choices":[{"not_picked":["Slimebound:SplitAcid","Slimebound:ItLooksTasty"],"picked":"Slimebound:SlimeBarrage","floor":2},{"not_picked":["Slimebound:ComboTackle","Slimebound:RollThrough"],"picked":"Slimebound:Prepare","floor":3},{"not_picked":["Slimebound:Dissolve","Slimebound:ViciousTackle"],"picked":"Slimebound:ItLooksTasty","floor":4},{"not_picked":["Slimebound:SlimeSpikes","Slimebound:Prepare"],"picked":"Slimebound:LeadByExample","floor":5},{"not_picked":["Slimebound:GoopTackle","Slimebound:GoopSpray"],"picked":"Slimebound:SlimeSpikes","floor":8},{"not_picked":["Slimebound:TongueLash","Slimebound:FinishingTackle"],"picked":"Slimebound:OozeBath","floor":10},{"not_picked":["Slimebound:ComboTackle","Slimebound:Schlurp"],"picked":"Slimebound:PressTheAttack","floor":11},{"not_picked":["Slimebound:GrowthPunch","Slimebound:GoopTackle"],"picked":"Slimebound:SlimeBrawl","floor":12},{"not_picked":["Slimebound:BestDefense","Slimebound:GoopTackle"],"picked":"Slimebound:SlimeTap","floor":14},{"not_picked":["Slimebound:ItLooksTasty","Slimebound:PressTheAttack","Slimebound:FlameTackle"],"picked":"SKIP","floor":15}],"player_experience":848517,"relics_obtained":[{"floor":4,"key":"Juzu Bracelet"},{"floor":7,"key":"HornCleat"}],"event_choices":[],"is_beta":false,"boss_relics":[],"items_purged_floors":[8],"is_endless":false,"potions_floor_spawned":[4,5,11,12],"killed_by":"DF_ARCHETYPE_STREAMLINE","ascension_level":10}}