{"host":"Ian","time":1610882750,"event":{"mods":["BaseMod","Bestiary","Block Reminder","Colored Map","Highlight Path","Key Reminder","Minty Spire (QoL Compilation)","Relic Stats"],"gold_per_floor":[116,86,106,117,137,156,156,183,183,183,213,213,248,248,248,322,322,339,254,269,289,308,308,336,336,408,408,408,424,54,254,254,331,331,350,8,22,39,57,57,82,82,107,107,122,142,142,174,174,174,174,174,174,62,92,92],"floor_reached":57,"language":"ENG","playtime":3863,"items_purged":["Strike_R"],"score":3069,"play_id":"fbb6dc26-4645-4c58-b0b4-6141bba568dc","local_time":"20210117112550","is_ascension_mode":true,"campfire_choices":[{"data":"Bash","floor":7,"key":"SMITH"},{"floor":12,"key":"REST"},{"data":"Bludgeon","floor":15,"key":"SMITH"},{"floor":23,"key":"REST"},{"data":"Metallicize","floor":25,"key":"SMITH"},{"floor":27,"key":"REST"},{"data":"Evolve","floor":32,"key":"SMITH"},{"floor":40,"key":"RECALL"},{"data":"Fire Breathing","floor":42,"key":"SMITH"},{"data":"Disarm","floor":49,"key":"SMITH"},{"floor":53,"key":"REST"}],"circlet_count":0,"master_deck":["AscendersBane","Strike_R","Strike_R","Strike_R","Strike_R","Defend_R","Defend_R","Defend_R","Defend_R","Bash+1","Disarm+1","Fire Breathing+1","Metallicize+1","Evolve+1","Headbutt","Bludgeon+1","Second Wind+1","Warcry+1","Ghostly Armor+1","Barricade","Power Through+1","Shrug It Off+1","Wild Strike+1","Ghostly+1","Ghostly+1","Ghostly+1","Flame Barrier+1","Berserk+1","Dark Embrace+1","Entrench+1","Whirlwind+1","Flame Barrier+1","PanicButton+1","Entrench+1","Dark Embrace+1","Entrench+1"],"relics":["Burning Blood","Dream Catcher","InkBottle","Singing Bowl","Toxic Egg 2","Boot","Molten Egg 2","Snecko Eye","Art of War","Gremlin Horn","Frozen Egg 2","HornCleat","Mark of Pain","FossilizedHelix","Thread and Needle","Ice Cream","Bottled Tornado"],"acts_visited":["Exordium","TheCity","TheBeyond","TheEnding"],"potions_floor_usage":[8,8,8,11,11,18,50,50,50,56],"damage_taken":[{"damage":11,"enemies":"Jaw Worm","floor":1,"turns":4},{"damage":5,"enemies":"Cultist","floor":3,"turns":5},{"damage":11,"enemies":"2 Louse","floor":4,"turns":4},{"damage":12,"enemies":"Blue Slaver","floor":5,"turns":7},{"damage":14,"enemies":"2 Fungi Beasts","floor":6,"turns":5},{"damage":3,"enemies":"3 Sentries","floor":8,"turns":4},{"damage":36,"enemies":"Lagavulin","floor":11,"turns":9},{"damage":28,"enemies":"Gremlin Nob","floor":13,"turns":4},{"damage":20,"enemies":"Slime Boss","floor":16,"turns":6},{"damage":18,"enemies":"Chosen","floor":18,"turns":4},{"damage":21,"enemies":"Spheric Guardian","floor":20,"turns":5},{"damage":8,"enemies":"Snecko","floor":21,"turns":3},{"damage":11,"enemies":"Cultist and Chosen","floor":22,"turns":5},{"damage":20,"enemies":"Book of Stabbing","floor":24,"turns":7},{"damage":6,"enemies":"Shelled Parasite and Fungi","floor":29,"turns":6},{"damage":0,"enemies":"Collector","floor":33,"turns":12},{"damage":0,"enemies":"3 Darklings","floor":35,"turns":7},{"damage":0,"enemies":"Orb Walker","floor":37,"turns":4},{"damage":0,"enemies":"Sphere and 2 Shapes","floor":38,"turns":10},{"damage":10,"enemies":"Transient","floor":39,"turns":6},{"damage":0,"enemies":"Mind Bloom Boss Battle","floor":41,"turns":6},{"damage":0,"enemies":"3 Darklings","floor":45,"turns":6},{"damage":0,"enemies":"Maw","floor":46,"turns":7},{"damage":0,"enemies":"Giant Head","floor":48,"turns":9},{"damage":55,"enemies":"Donu and Deca","floor":50,"turns":15},{"damage":0,"enemies":"Time Eater","floor":51,"turns":12},{"damage":0,"enemies":"Shield and Spear","floor":55,"turns":11},{"damage":0,"enemies":"The Heart","floor":56,"turns":13}],"seed_played":"-788305822427282661","potions_obtained":[{"floor":2,"key":"EntropicBrew"},{"floor":2,"key":"EssenceOfSteel"},{"floor":8,"key":"Regen Potion"},{"floor":16,"key":"Swift Potion"},{"floor":20,"key":"Strength Potion"},{"floor":22,"key":"ElixirPotion"},{"floor":29,"key":"EntropicBrew"},{"floor":38,"key":"BloodPotion"}],"is_trial":false,"path_per_floor":["M","?","M","M","M","M","R","E","T","?","E","R","E","?","R","B",null,"M","?","M","M","M","R","E","R","T","R","?","M","$","?","R","B",null,"M","$","M","M","M","R","?","R","T","?","M","M","?","E","R","B","B",null,"R","$","E","B",null],"character_chosen":"IRONCLAD","items_purchased":["Flame Barrier+1","HornCleat","FossilizedHelix","Dark Embrace+1"],"campfire_rested":4,"item_purchase_floors":[30,30,36,54],"current_hp_per_floor":[63,63,64,59,53,45,45,48,48,30,15,37,15,40,40,26,63,53,53,40,38,35,59,47,47,47,71,41,43,43,43,43,43,43,45,45,47,49,45,45,49,49,49,47,47,47,41,47,47,8,14,42,53,53,53,53],"gold":92,"neow_bonus":"RANDOM_COMMON_RELIC","is_daily":false,"chose_seed":false,"campfire_upgraded":6,"win_rate":0.0,"timestamp":1610882750,"path_taken":["M","?","M","?","M","M","R","E","T","?","E","R","E","?","R","BOSS","M","?","M","M","M","R","E","R","T","R","?","M","$","?","R","BOSS","M","$","?","M","M","R","?","R","T","?","M","M","?","E","R","BOSS","BOSS","R","$","E","BOSS"],"items_purchased_type":["Card","Relic","Relic","Card"],"build_version":"2020-12-18","purchased_purges":1,"victory":true,"max_hp_per_floor":[75,75,75,75,75,75,75,75,75,75,75,75,75,75,75,75,75,77,77,79,79,81,81,83,83,83,83,41,43,43,43,43,43,43,45,45,47,49,49,49,49,49,49,47,47,47,51,51,51,51,51,51,53,53,53,53],"relic_stats":{"Dream Catcher":4,"Singing Bowl":22,"Gremlin Horn":[13,17],"counters":[28,196],"Snecko Eye":[313,297,319,303],"Art of War":[24],"Boot":[27],"obtain_stats":[{"Ice Cream":48,"Singing Bowl":9,"Gremlin Horn":24,"Thread and Needle":41,"Frozen Egg 2":26,"Bottled Tornado":55,"Boot":11,"Burning Blood":0,"keyreminder:keyreminder":8,"Dream Catcher":0,"HornCleat":30,"Snecko Eye":17,"Molten Egg 2":13,"Mark of Pain":34,"Art of War":19,"Toxic Egg 2":10,"InkBottle":8,"FossilizedHelix":36},{"Ice Cream":24,"Singing Bowl":6,"Gremlin Horn":14,"Thread and Needle":21,"Frozen Egg 2":14,"Bottled Tornado":27,"Boot":7,"Burning Blood":0,"keyreminder:keyreminder":6,"Dream Catcher":0,"HornCleat":15,"Snecko Eye":9,"Molten Egg 2":8,"Mark of Pain":16,"Art of War":10,"Toxic Egg 2":6,"InkBottle":6,"FossilizedHelix":17},{"Ice Cream":145,"Singing Bowl":29,"Gremlin Horn":72,"Thread and Needle":123,"Frozen Egg 2":72,"Bottled Tornado":183,"Boot":38,"Burning Blood":0,"keyreminder:keyreminder":29,"Dream Catcher":0,"HornCleat":78,"Snecko Eye":48,"Molten Egg 2":42,"Mark of Pain":90,"Art of War":52,"Toxic Egg 2":29,"InkBottle":29,"FossilizedHelix":97}],"Burning Blood":118,"InkBottle":[62]},"card_choices":[{"not_picked":["True Grit","Headbutt"],"picked":"Disarm","floor":1},{"not_picked":["Dropkick","Perfected Strike"],"picked":"Fire Breathing","floor":3},{"not_picked":["Thunderclap","Body Slam"],"picked":"Metallicize","floor":4},{"not_picked":["Havoc","Shrug It Off"],"picked":"Evolve","floor":5},{"not_picked":["Headbutt","Thunderclap","Bloodletting"],"picked":"SKIP","floor":6},{"not_picked":["Thunderclap","Bloodletting"],"picked":"Headbutt","floor":6},{"not_picked":["Perfected Strike","Iron Wave"],"picked":"Bludgeon","floor":8},{"not_picked":["Twin Strike","Anger"],"picked":"Second Wind+1","floor":11},{"not_picked":["Pommel Strike","Spot Weakness+1"],"picked":"Warcry+1","floor":12},{"not_picked":["Dual Wield+1","Twin Strike+1"],"picked":"Ghostly Armor+1","floor":13},{"not_picked":["Demon Form","Fiend Fire+1"],"picked":"Barricade","floor":16},{"not_picked":["Pommel Strike+1","Havoc+1","Fire Breathing"],"picked":"Singing Bowl","floor":18},{"not_picked":["Cleave+1","Reckless Charge+1","Searing Blow+1"],"picked":"Singing Bowl","floor":20},{"not_picked":["Body Slam+1","Headbutt+1"],"picked":"Power Through+1","floor":21},{"not_picked":["Body Slam+1","Clash+1","Iron Wave+1"],"picked":"Singing Bowl","floor":22},{"not_picked":["Cleave+1","Anger+1"],"picked":"Shrug It Off+1","floor":23},{"not_picked":["Rupture","Havoc+1","Berserk"],"picked":"Singing Bowl","floor":24},{"not_picked":["Inflame+1","Hemokinesis+1"],"picked":"Wild Strike+1","floor":27},{"not_picked":["Wild Strike+1","Iron Wave+1","Havoc+1"],"picked":"Singing Bowl","floor":29},{"not_picked":["Double Tap+1","Feed+1"],"picked":"Berserk+1","floor":33},{"not_picked":["Bloodletting+1","Iron Wave+1","Pommel Strike+1"],"picked":"Singing Bowl","floor":35},{"not_picked":["Heavy Blade+1","Anger+1","Iron Wave+1"],"picked":"Singing Bowl","floor":37},{"not_picked":["Cleave+1","Perfected Strike+1","Wild Strike+1"],"picked":"Singing Bowl","floor":38},{"not_picked":["Thunderclap+1","Warcry+1"],"picked":"Dark Embrace+1","floor":39},{"not_picked":["Perfected Strike+1","Cleave+1"],"picked":"Entrench+1","floor":41},{"not_picked":["Iron Wave+1","Cleave+1"],"picked":"Whirlwind+1","floor":45},{"not_picked":["Thunderclap+1","Flex+1"],"picked":"Flame Barrier+1","floor":46},{"not_picked":["Dramatic Entrance+1","Madness+1"],"picked":"PanicButton+1","floor":47},{"not_picked":["Forethought+1","Master of Strategy+1","Chrysalis+1"],"picked":"Singing Bowl","floor":47},{"not_picked":["Secret Weapon+1","Dramatic Entrance+1","PanicButton+1"],"picked":"Singing Bowl","floor":47},{"not_picked":["Anger+1","Wild Strike+1"],"picked":"Entrench+1","floor":48},{"not_picked":["Shrug It Off+1","Twin Strike+1","Wild Strike+1"],"picked":"Singing Bowl","floor":53},{"not_picked":["Warcry+1","Anger+1"],"picked":"Entrench+1","floor":55}],"player_experience":2699925,"relics_obtained":[{"floor":8,"key":"InkBottle"},{"floor":9,"key":"Singing Bowl"},{"floor":11,"key":"Boot"},{"floor":13,"key":"Molten Egg 2"},{"floor":24,"key":"Gremlin Horn"},{"floor":26,"key":"Frozen Egg 2"},{"floor":41,"key":"Thread and Needle"},{"floor":48,"key":"Ice Cream"},{"floor":55,"key":"Bottled Tornado"}],"event_choices":[{"damage_healed":0,"gold_gain":0,"player_choice":"Bought 2 Potions","damage_taken":0,"max_hp_gain":0,"max_hp_loss":0,"event_name":"The Woman in Blue","floor":2,"gold_loss":0},{"damage_healed":0,"gold_gain":0,"player_choice":"Success","damage_taken":18,"relics_obtained":["Toxic Egg 2"],"max_hp_gain":0,"max_hp_loss":0,"event_name":"Scrap Ooze","floor":10,"gold_loss":0},{"damage_healed":25,"gold_gain":0,"player_choice":"Banana","damage_taken":0,"max_hp_gain":0,"max_hp_loss":0,"event_name":"Big Fish","floor":14,"gold_loss":0},{"damage_healed":0,"gold_gain":0,"player_choice":"Obtained Relic","damage_taken":0,"relics_obtained":["Art of War"],"max_hp_gain":0,"max_hp_loss":0,"event_name":"Addict","floor":19,"gold_loss":85},{"damage_healed":0,"gold_gain":0,"player_choice":"Became a Ghost","damage_taken":0,"max_hp_gain":0,"max_hp_loss":42,"event_name":"Ghosts","floor":28,"gold_loss":0,"cards_obtained":["Ghostly","Ghostly","Ghostly"]},{"damage_healed":0,"gold_gain":200,"player_choice":"Gold","damage_taken":0,"max_hp_gain":0,"max_hp_loss":0,"event_name":"Wheel of Change","floor":31,"gold_loss":0},{"damage_healed":0,"gold_gain":0,"player_choice":"Fight","damage_taken":0,"max_hp_gain":0,"max_hp_loss":0,"event_name":"MindBloom","floor":41,"gold_loss":0},{"damage_healed":0,"gold_gain":0,"player_choice":"Max HP","damage_taken":0,"max_hp_gain":0,"max_hp_loss":2,"event_name":"Winding Halls","floor":44,"gold_loss":0},{"damage_healed":0,"gold_gain":0,"player_choice":"Memory 3","damage_taken":10,"max_hp_gain":0,"max_hp_loss":0,"event_name":"SensoryStone","floor":47,"gold_loss":0}],"is_beta":true,"boss_relics":[{"not_picked":["Runic Pyramid","Calling Bell"],"picked":"Snecko Eye"},{"not_picked":["Black Star","Coffee Dripper"],"picked":"Mark of Pain"}],"items_purged_floors":[54],"is_endless":false,"potions_floor_spawned":[4,5,8,16,20,22,29,38,39,48],"ascension_level":20}}