{"host":"1ewlj51w384ajcbv","time":1610869179,"event":{"mods":["BaseMod","Better Third Choice","Downfall","Minty Spire (QoL Compilation)","StSLib"],"gold_per_floor":[128,140,152,177,209,221,251,263,275,318,330,352,364,396,408,517,529,558,645,670,693,121,155,155,155,223,223,241,260,276,276,276,378,378,395,42,42,42,55,55,81,81,81,106,119,119,139,159,159,159],"floor_reached":51,"language":"ENG","playtime":5097,"items_purged":[],"score":754,"play_id":"86ed7f9c-a4a8-422e-a2ff-81abb197c425","local_time":"20210116233939","is_ascension_mode":false,"campfire_choices":[{"floor":6,"key":"REST"},{"floor":8,"key":"REST"},{"floor":13,"key":"REST"},{"data":"Chill","floor":15,"key":"SMITH"},{"data":"Distraction","floor":24,"key":"SMITH"},{"floor":32,"key":"REST"},{"floor":40,"key":"REST"},{"floor":42,"key":"REST"},{"floor":46,"key":"REST"},{"floor":49,"key":"REST"}],"circlet_count":0,"master_deck":["Strike_G","Strike_G","Strike_G","Strike_G","Defend_G","Defend_G","Defend_G","Defend_G","Defend_G","Survivor","Neutralize","Chill+1","Dodge and Roll","Blade Dance","Sucker Punch","Endless Agony","Infinite Blades","Outmaneuver","Quick Slash","Leg Sweep","Quick Slash","Distraction+1","Dark Shackles","Backstab","Slice","Expertise","Deflect+1","PiercingWail","Blade Dance+1","Phantasmal Killer","Noxious Fumes+1","Finesse","Sucker Punch+1","Deflect","Dodge and Roll","Caltrops","Backstab","Sucker Punch"],"relics":["Ring of the Snake","MawBank","Omamori","Ornamental Fan","Pen Nib","Sozu","Ice Cream","Lee\u0027s Waffle","InkBottle","Pear","Philosopher\u0027s Stone","Shuriken","Unceasing Top","Potion Belt","Darkstone Periapt"],"acts_visited":["Exordium","TheCity","TheBeyond"],"potions_floor_usage":[10,23],"damage_taken":[{"damage":0,"enemies":"Small Slimes","floor":1,"turns":3},{"damage":3,"enemies":"Jaw Worm","floor":4,"turns":6},{"damage":0,"enemies":"2 Louse","floor":5,"turns":4},{"damage":20,"enemies":"Exordium Thugs","floor":7,"turns":9},{"damage":23,"enemies":"Lagavulin","floor":10,"turns":10},{"damage":0,"enemies":"Looter","floor":12,"turns":3},{"damage":4,"enemies":"Gremlin Gang","floor":14,"turns":4},{"damage":36,"enemies":"Hexaghost","floor":16,"turns":15},{"damage":3,"enemies":"Shell Parasite","floor":18,"turns":6},{"damage":0,"enemies":"Spheric Guardian","floor":20,"turns":4},{"damage":42,"enemies":"Cultist and Chosen","floor":21,"turns":11},{"damage":8,"enemies":"Book of Stabbing","floor":23,"turns":8},{"damage":1,"enemies":"Snake Plant","floor":28,"turns":7},{"damage":8,"enemies":"Snecko","floor":29,"turns":7},{"damage":10,"enemies":"Sentry and Sphere","floor":30,"turns":6},{"damage":30,"enemies":"Champ","floor":33,"turns":15},{"damage":62,"enemies":"3 Shapes","floor":35,"turns":5},{"damage":0,"enemies":"Orb Walker","floor":39,"turns":2},{"damage":5,"enemies":"Giant Head","floor":41,"turns":6},{"damage":25,"enemies":"Reptomancer","floor":44,"turns":4},{"damage":17,"enemies":"4 Shapes","floor":45,"turns":4},{"damage":1,"enemies":"Spire Growth","floor":47,"turns":4},{"damage":12,"enemies":"Writhing Mass","floor":48,"turns":5},{"damage":39,"enemies":"Donu and Deca","floor":50,"turns":9}],"seed_played":"3456231384067033627","potions_obtained":[{"floor":1,"key":"Explosive Potion"},{"floor":4,"key":"Swift Potion"}],"is_trial":false,"path_per_floor":["M","?","?","M","M","R","M","R","T","E","?","M","R","M","R","B",null,"M","?","M","M","$","E","R","?","T","?","M","M","M","?","R","B",null,"M","$","?","$","M","R","E","R","T","E","M","R","M","M","R","B",null],"character_chosen":"THE_SILENT","items_purchased":["Ice Cream","Lee\u0027s Waffle","Dark Shackles","Backstab","Shuriken","Finesse"],"campfire_rested":8,"item_purchase_floors":[22,22,22,22,36,36],"current_hp_per_floor":[70,70,50,47,47,68,48,69,69,46,46,46,67,63,63,27,70,67,60,60,18,77,69,69,69,79,79,78,70,60,60,86,56,87,25,25,25,25,25,51,46,72,72,47,30,56,55,43,69,30],"gold":159,"neow_bonus":"RANDOM_COMMON_RELIC","is_daily":false,"chose_seed":false,"campfire_upgraded":2,"win_rate":0.0,"timestamp":1610869179,"path_taken":["M","?","?","M","M","R","M","R","T","E","?","?","R","M","R","BOSS","M","?","M","?","?","E","R","?","T","?","?","M","M","?","R","BOSS","M","$","?","?","M","R","E","R","T","E","M","R","M","M","R","BOSS"],"items_purchased_type":["Relic","Relic","Card","Card","Relic","Card"],"build_version":"2020-12-22","purchased_purges":0,"victory":true,"max_hp_per_floor":[70,70,70,70,70,70,70,70,70,70,70,70,70,70,70,70,70,70,70,70,70,77,77,77,77,87,87,87,87,87,87,87,87,87,87,87,87,87,87,87,87,87,87,87,87,87,87,87,87,87],"card_choices":[{"not_picked":["Predator","Outmaneuver"],"picked":"Catalyst","floor":1},{"not_picked":["Underhanded Strike","Prepared"],"picked":"Dodge and Roll","floor":4},{"not_picked":["Expertise","Outmaneuver"],"picked":"Blade Dance","floor":5},{"not_picked":["Well Laid Plans","Dagger Throw"],"picked":"Sucker Punch","floor":7},{"not_picked":["Doppelganger","Expertise"],"picked":"Endless Agony","floor":10},{"not_picked":["Acrobatics","Underhanded Strike"],"picked":"Outmaneuver","floor":12},{"not_picked":["Dagger Throw","Outmaneuver"],"picked":"Quick Slash","floor":14},{"not_picked":["Glass Knife","Doppelganger"],"picked":"Burst","floor":16},{"not_picked":["Blur","Sucker Punch"],"picked":"Leg Sweep","floor":18},{"not_picked":["Choke","Bane"],"picked":"Quick Slash","floor":20},{"not_picked":["Poisoned Stab","Outmaneuver"],"picked":"Distraction","floor":21},{"not_picked":["Deadly Poison+1","Prepared"],"picked":"Slice","floor":23},{"not_picked":["Well Laid Plans","Night Terror"],"picked":"Deflect+1","floor":28},{"not_picked":["Prepared","Dagger Spray"],"picked":"PiercingWail","floor":29},{"not_picked":["Blur","Backstab"],"picked":"Blade Dance+1","floor":30},{"not_picked":["Corpse Explosion","Malaise"],"picked":"Phantasmal Killer","floor":33},{"not_picked":["Skewer","Bane+1"],"picked":"Noxious Fumes+1","floor":35},{"not_picked":["Poisoned Stab+1","Backflip"],"picked":"Sucker Punch+1","floor":39},{"not_picked":["Underhanded Strike","Reflex+1"],"picked":"Deflect","floor":41},{"not_picked":["Underhanded Strike","Masterful Stab+1"],"picked":"Dodge and Roll","floor":44},{"not_picked":["Bane+1","Crippling Poison"],"picked":"Caltrops","floor":45},{"not_picked":["Escape Plan+1","Heel Hook"],"picked":"Backstab","floor":47},{"not_picked":["PiercingWail+1","Masterful Stab+1"],"picked":"Sucker Punch","floor":48}],"player_experience":107326,"relics_obtained":[{"floor":9,"key":"Ornamental Fan"},{"floor":10,"key":"Pen Nib"},{"floor":23,"key":"InkBottle"},{"floor":26,"key":"Pear"},{"floor":41,"key":"Unceasing Top"},{"floor":43,"key":"Potion Belt"},{"floor":44,"key":"Darkstone Periapt"}],"event_choices":[{"cards_removed":["Catalyst"],"damage_healed":0,"gold_gain":0,"player_choice":"Forget","damage_taken":0,"max_hp_gain":0,"max_hp_loss":0,"event_name":"Living Wall","floor":2,"gold_loss":0},{"damage_healed":0,"gold_gain":0,"cards_transformed":["Strike_G"],"player_choice":"Transformed","damage_taken":0,"max_hp_gain":0,"max_hp_loss":0,"event_name":"Transmorgrifier","floor":11,"gold_loss":0,"cards_obtained":["Infinite Blades"]},{"damage_healed":0,"gold_gain":75,"player_choice":"Touch","damage_taken":7,"max_hp_gain":0,"max_hp_loss":0,"event_name":"FaceTrader","floor":19,"gold_loss":0},{"damage_healed":0,"gold_gain":0,"cards_transformed":["Burst"],"player_choice":"Transformed","damage_taken":0,"max_hp_gain":0,"max_hp_loss":0,"event_name":"Transmorgrifier","floor":27,"gold_loss":0,"cards_obtained":["Expertise"]},{"damage_healed":0,"gold_gain":0,"player_choice":"Ignored","damage_taken":0,"max_hp_gain":0,"max_hp_loss":0,"event_name":"Beggar","floor":31,"gold_loss":0},{"damage_healed":0,"gold_gain":0,"player_choice":"Got Potions","damage_taken":0,"max_hp_gain":0,"max_hp_loss":0,"event_name":"Lab","floor":37,"gold_loss":0}],"is_beta":false,"boss_relics":[{"not_picked":["Busted Crown","Tiny House"],"picked":"Sozu"},{"not_picked":["HoveringKite","Calling Bell"],"picked":"Philosopher\u0027s Stone"}],"items_purged_floors":[],"is_endless":false,"potions_floor_spawned":[1,4,18,28,33,44,47],"ascension_level":0}}