{"host":"wg29woj1pduqw9vg","time":1610868738,"event":{"mods":["BaseMod","Bestiary","Better Third Choice","Colored Map","Downfall","Highlight Path","Minty Spire (QoL Compilation)","Quick Restart","StSLib"],"gold_per_floor":[99,99,99,99,99,110,110,110,129,129,129,129,69,99,109,109,109,109],"floor_reached":16,"language":"ENG","playtime":652,"items_purged":[],"score":96,"play_id":"ef1ba4c9-348e-4dec-9e9c-c21446fe4fc4","local_time":"20210116233218","is_ascension_mode":false,"campfire_choices":[{"data":"champ:Execute","floor":1,"key":"SMITH"},{"data":"champ:CrownThrow","floor":10,"key":"SMITH"},{"data":"Judgement","floor":12,"key":"SMITH"}],"circlet_count":0,"master_deck":["champ:Strike","champ:Strike","champ:Strike","champ:Strike","champ:Defend","champ:Defend","champ:Defend","champ:Defend","champ:Execute+1","champ:Taunt","champ:FanOfKnives+1","champ:Haymaker","champ:Backstep","champ:ViciousMockery","champ:CrownThrow+1","Judgement+1","champ:StanceDance","champ:AdrenalArmor"],"relics":["champ:ChampionCrown","downfall:HeartsMalice","Dream Catcher","HornCleat"],"acts_visited":["Exordium"],"potions_floor_usage":[14,16],"damage_taken":[{"damage":0,"enemies":"Small Slimes","floor":2,"turns":1},{"damage":0,"enemies":"Cultist","floor":3,"turns":1},{"damage":0,"enemies":"2 Louse","floor":5,"turns":1},{"damage":10,"enemies":"Blue Slaver","floor":6,"turns":4},{"damage":3,"enemies":"Lots of Slimes","floor":9,"turns":3},{"damage":10,"enemies":"downfall:FleeingMerchant","floor":13,"turns":4},{"damage":40,"enemies":"Gremlin Nob","floor":14,"turns":5},{"damage":10,"enemies":"Gremlin Gang","floor":15,"turns":4},{"damage":62,"enemies":"SI_SHIV_ARCHETYPE","floor":16,"turns":7}],"seed_played":"6537129909310943676","potions_obtained":[{"floor":6,"key":"Ancient Potion"},{"floor":9,"key":"SpeedPotion"},{"floor":14,"key":"Energy Potion"}],"is_trial":false,"path_per_floor":["R","M","M","?","M","M","T","?","M","R","?","R","$","E","M","B"],"character_chosen":"THE_CHAMP","items_purchased":["champ:StanceDance"],"campfire_rested":0,"item_purchase_floors":[13],"current_hp_per_floor":[90,90,90,90,90,90,90,95,92,92,87,87,87,57,57,0,0,0],"gold":109,"neow_bonus":"THREE_ENEMY_KILL","is_daily":false,"chose_seed":false,"campfire_upgraded":3,"win_rate":0.0,"timestamp":1610868738,"path_taken":["R","M","M","?","?","M","T","?","M","R","?","R","?","E","M","BOSS"],"items_purchased_type":["Card"],"build_version":"2020-12-22","purchased_purges":0,"victory":false,"max_hp_per_floor":[90,90,90,90,90,90,90,95,95,95,95,95,95,95,95,95,95,95],"card_choices":[{"not_picked":["champ:AdrenalArmor","champ:GutPunch"],"picked":"champ:FanOfKnives","floor":2},{"not_picked":["champ:BringItOn","champ:FlashCut"],"picked":"champ:Haymaker","floor":3},{"not_picked":["champ:EnGarde","champ:Haymaker"],"picked":"champ:Backstep","floor":5},{"not_picked":["champ:Haymaker","champ:FalseCounter"],"picked":"champ:ViciousMockery","floor":6},{"not_picked":["champ:PerfectedStrike","champ:TornadoPunch"],"picked":"champ:CrownThrow","floor":9},{"not_picked":["champ:BerserkersShout","champ:BladeFlurry","champ:Endure"],"picked":"SKIP","floor":13},{"not_picked":["champ:EndlessRage","champ:TripleStrike"],"picked":"champ:AdrenalArmor","floor":14},{"not_picked":["champ:DefensiveStyle","champ:AdrenalArmor","champ:StanceDance"],"picked":"SKIP","floor":15}],"player_experience":51729,"relics_obtained":[{"floor":7,"key":"Dream Catcher"},{"floor":14,"key":"HornCleat"}],"event_choices":[{"damage_healed":0,"gold_gain":0,"player_choice":"Forge","damage_taken":0,"max_hp_gain":0,"max_hp_loss":0,"event_name":"Accursed Blacksmith","floor":4,"gold_loss":0,"cards_upgraded":["champ:FanOfKnives"]},{"damage_healed":0,"gold_gain":0,"player_choice":"Donut","damage_taken":0,"max_hp_gain":5,"max_hp_loss":0,"event_name":"Big Fish","floor":8,"gold_loss":0},{"damage_healed":0,"gold_gain":0,"player_choice":"Card ","damage_taken":5,"max_hp_gain":0,"max_hp_loss":0,"event_name":"betterThird:BetterScrap","floor":11,"gold_loss":0,"cards_obtained":["Judgement"]}],"is_beta":false,"boss_relics":[],"items_purged_floors":[],"is_endless":false,"potions_floor_spawned":[6,9,14],"killed_by":"SI_SHIV_ARCHETYPE","ascension_level":0}}