{"host":"8c7ixdz8x9d2d2wv","time":1610848055,"event":{"mods":["AYAYA","BaseMod","Better Altar","Better Sensory Stone","Better-Laid Plans","BetterRewards","Colored Map","Colored Powertips","Curses Come First","Dark Map","Defuse TimeMaze Blight","Emptier Cage","Highlight Path","Minty Spire (QoL Compilation)","Quick Restart","Rare Cards Sparkle","Relic Sorter","Shop Mod","StSLib","Transform Curses","Uncapped"],"gold_per_floor":[109,184,184,1,1,1,30,30,30,47,47,13,53,77,77,77,77],"floor_reached":16,"language":"ENG","playtime":406,"items_purged":[],"score":131,"play_id":"0b9aaaf2-ce2d-4271-85f9-a4aedda8079c","local_time":"20210117024735","is_ascension_mode":false,"campfire_choices":[{"data":"Noxious Fumes","floor":6,"key":"SMITH"},{"floor":8,"key":"RECALL"},{"data":"Cloak And Dagger","floor":15,"key":"SMITH"}],"circlet_count":0,"master_deck":["Strike_G","Strike_G","Strike_G","Strike_G","Strike_G","Defend_G","Defend_G+1","Defend_G","Defend_G","Defend_G","Survivor","Neutralize+1","Deflect","Noxious Fumes+1","Caltrops","Cloak And Dagger+1"],"relics":["Ring of the Snake","NeowsBlessing","TwistedFunnel","Torii","Orichalcum","Golden Idol","Molten Egg 2"],"acts_visited":["Exordium"],"potions_floor_usage":[16],"damage_taken":[{"damage":0,"enemies":"2 Louse","floor":1,"turns":1},{"damage":0,"enemies":"Lagavulin","floor":7,"turns":1},{"damage":0,"enemies":"Jaw Worm","floor":10,"turns":1},{"damage":17,"enemies":"3 Sentries","floor":13,"turns":6},{"damage":0,"enemies":"Small Slimes","floor":14,"turns":3},{"damage":35,"enemies":"Slime Boss","floor":16,"turns":5}],"seed_played":"-4838573233690019692","potions_obtained":[{"floor":14,"key":"EssenceOfSteel"}],"is_trial":false,"path_per_floor":["M","?","?","$","?","R","E","R","T","M","?","$","E","M","R","B"],"character_chosen":"THE_SILENT","items_purchased":["Noxious Fumes","TwistedFunnel","Caltrops"],"campfire_rested":0,"item_purchase_floors":[4,4,12],"current_hp_per_floor":[70,59,45,45,68,68,68,68,68,68,51,51,34,34,34,0,0],"gold":77,"neow_bonus":"THREE_ENEMY_KILL","is_daily":false,"chose_seed":false,"campfire_upgraded":2,"win_rate":0.0,"timestamp":1610848055,"path_taken":["M","?","?","$","?","R","E","R","T","M","?","$","E","M","R","BOSS"],"items_purchased_type":["Card","Relic","Card"],"build_version":"2020-12-22","purchased_purges":0,"victory":false,"max_hp_per_floor":[70,70,70,70,70,70,70,70,70,70,70,70,70,70,70,70,70],"card_choices":[{"not_picked":["Dagger Throw","Leg Sweep"],"picked":"Deflect","floor":1},{"not_picked":["Tactician","Calculated Gamble","Blade Dance"],"picked":"SKIP","floor":7},{"not_picked":["Dagger Throw","Blade Dance","Outmaneuver"],"picked":"SKIP","floor":10},{"not_picked":["Eviscerate+1","Flechettes+1","Backstab+1"],"picked":"SKIP","floor":13},{"not_picked":["Accuracy","Concentrate"],"picked":"Cloak And Dagger","floor":14}],"player_experience":646365,"relics_obtained":[{"floor":7,"key":"Torii"},{"floor":9,"key":"Orichalcum"},{"floor":13,"key":"Molten Egg 2"}],"event_choices":[{"damage_healed":0,"gold_gain":75,"player_choice":"Gather Gold","damage_taken":11,"max_hp_gain":0,"max_hp_loss":0,"event_name":"World of Goop","floor":2,"gold_loss":0},{"damage_healed":0,"gold_gain":0,"player_choice":"Entered Light","damage_taken":14,"max_hp_gain":0,"max_hp_loss":0,"event_name":"Shining Light","floor":3,"gold_loss":0,"cards_upgraded":["Neutralize","Defend_G"]},{"damage_healed":23,"gold_gain":0,"player_choice":"Banana","damage_taken":0,"max_hp_gain":0,"max_hp_loss":0,"event_name":"Big Fish","floor":5,"gold_loss":0},{"damage_healed":0,"gold_gain":0,"player_choice":"Take Damage","damage_taken":17,"relics_obtained":["Golden Idol"],"max_hp_gain":0,"max_hp_loss":0,"event_name":"Golden Idol","floor":11,"gold_loss":0}],"is_beta":false,"boss_relics":[],"items_purged_floors":[],"is_endless":false,"potions_floor_spawned":[14],"killed_by":"Slime Boss","ascension_level":0}}