{"host":"x52zk6e1f2bye2h7","time":1610879829,"event":{"mods":["AchievementEnabler","BaseMod","Highlight Path","Minty Spire (QoL Compilation)","everything is the same but u backflip on backflip"],"gold_per_floor":[117,137,62,78,78,110,110,145,191,226,56,56,71,71,71,173,173,193,209,209,220,220,220,247,247,247],"floor_reached":25,"language":"ENG","playtime":1515,"items_purged":["Strike_R","Strike_R"],"score":263,"play_id":"3415bc13-ca09-4fff-aaca-820e04e4b98a","local_time":"20210117103709","is_ascension_mode":true,"campfire_choices":[{"data":"Pommel Strike","floor":7,"key":"SMITH"},{"data":"Rupture","floor":12,"key":"SMITH"},{"data":"Metallicize","floor":15,"key":"SMITH"},{"floor":23,"key":"REST"}],"circlet_count":0,"master_deck":["Strike_R+1","Strike_R+1","Strike_R+1","Defend_R+1","Defend_R+1","Defend_R+1","Defend_R+1","Bash+1","Iron Wave+1","Rupture+1","Regret","Pommel Strike+1","Metallicize+1","Hemokinesis+1","Metallicize","Disarm","Barricade"],"relics":["Burning Blood","Mercury Hourglass","MealTicket","Self Forming Clay","Tiny Chest","Oddly Smooth Stone","Black Star","Bottled Tornado","Letter Opener","Whetstone"],"acts_visited":["Exordium","TheCity"],"potions_floor_usage":[8,10,16,21,24,24,24],"damage_taken":[{"damage":1,"enemies":"Cultist","floor":1,"turns":4},{"damage":6,"enemies":"2 Louse","floor":2,"turns":3},{"damage":7,"enemies":"Jaw Worm","floor":4,"turns":3},{"damage":35,"enemies":"Gremlin Nob","floor":6,"turns":5},{"damage":17,"enemies":"3 Sentries","floor":8,"turns":6},{"damage":16,"enemies":"Lagavulin","floor":10,"turns":8},{"damage":9,"enemies":"Blue Slaver","floor":13,"turns":3},{"damage":24,"enemies":"Slime Boss","floor":16,"turns":8},{"damage":26,"enemies":"2 Thieves","floor":18,"turns":5},{"damage":12,"enemies":"Shell Parasite","floor":19,"turns":6},{"damage":29,"enemies":"Chosen and Byrds","floor":21,"turns":5},{"damage":40,"enemies":"Slavers","floor":24,"turns":6},{"damage":23,"enemies":"Centurion and Healer","floor":25,"turns":6}],"seed_played":"-6929859375892047928","potions_obtained":[{"floor":4,"key":"BlessingOfTheForge"},{"floor":8,"key":"Block Potion"},{"floor":13,"key":"SkillPotion"},{"floor":14,"key":"CultistPotion"},{"floor":14,"key":"LiquidBronze"},{"floor":16,"key":"BlessingOfTheForge"},{"floor":21,"key":"Block Potion"}],"is_trial":false,"path_per_floor":["M","M","$","M","?","E","R","E","T","E","$","R","M","?","R","B",null,"M","M","?","M","T","R","E","M"],"character_chosen":"IRONCLAD","items_purchased":["Metallicize"],"campfire_rested":1,"item_purchase_floors":[11],"current_hp_per_floor":[80,80,80,79,79,50,50,39,39,29,44,44,41,41,41,23,80,60,54,54,31,31,55,21,0,0],"gold":247,"neow_bonus":"UPGRADE_CARD","is_daily":false,"chose_seed":false,"campfire_upgraded":3,"win_rate":0.0,"timestamp":1610879829,"path_taken":["M","M","$","M","?","E","R","E","T","E","$","R","M","?","R","BOSS","M","?","?","M","?","R","E","M"],"items_purchased_type":["Card"],"build_version":"2020-12-22","purchased_purges":2,"victory":false,"max_hp_per_floor":[80,80,80,80,80,80,80,80,80,80,80,80,80,80,80,80,80,80,80,80,80,80,80,80,80,80],"card_choices":[{"not_picked":["Anger","Thunderclap"],"picked":"Iron Wave","floor":1},{"not_picked":["Flex","Rage","Havoc"],"picked":"SKIP","floor":2},{"not_picked":["Heavy Blade","Twin Strike"],"picked":"Rupture","floor":4},{"not_picked":["Rage","Pummel"],"picked":"Pommel Strike","floor":6},{"not_picked":["Wild Strike","Battle Trance"],"picked":"Metallicize","floor":8},{"not_picked":["Sword Boomerang","Flex"],"picked":"Hemokinesis","floor":10},{"not_picked":["Sword Boomerang","Havoc"],"picked":"Disarm","floor":13},{"not_picked":["Offering","Brutality"],"picked":"Barricade","floor":16},{"not_picked":["Sever Soul+1","Battle Trance","Seeing Red"],"picked":"SKIP","floor":18},{"not_picked":["Evolve+1","Clothesline","Sentinel"],"picked":"SKIP","floor":19},{"not_picked":["Clash","Perfected Strike","Searing Blow"],"picked":"SKIP","floor":21},{"not_picked":["Dropkick","Sever Soul","Reckless Charge"],"picked":"SKIP","floor":24}],"player_experience":103279,"relics_obtained":[{"floor":6,"key":"MealTicket"},{"floor":8,"key":"Self Forming Clay"},{"floor":9,"key":"Tiny Chest"},{"floor":10,"key":"Oddly Smooth Stone"},{"floor":22,"key":"Bottled Tornado"},{"floor":24,"key":"Letter Opener"},{"floor":24,"key":"Whetstone"}],"event_choices":[{"damage_healed":0,"gold_gain":0,"player_choice":"Box","damage_taken":0,"relics_obtained":["Mercury Hourglass"],"max_hp_gain":0,"max_hp_loss":0,"event_name":"Big Fish","floor":5,"gold_loss":0,"cards_obtained":["Regret"]},{"damage_healed":0,"gold_gain":0,"player_choice":"Got Potions","damage_taken":0,"max_hp_gain":0,"max_hp_loss":0,"event_name":"Lab","floor":14,"gold_loss":0},{"damage_healed":0,"gold_gain":0,"player_choice":"Simplicity","damage_taken":0,"max_hp_gain":0,"max_hp_loss":0,"event_name":"Back to Basics","floor":20,"gold_loss":0,"cards_upgraded":["Strike_R","Strike_R","Strike_R","Defend_R","Defend_R","Defend_R","Defend_R"]}],"is_beta":false,"boss_relics":[{"not_picked":["Philosopher\u0027s Stone","Snecko Eye"],"picked":"Black Star"}],"items_purged_floors":[3,11],"is_endless":false,"potions_floor_spawned":[4,8,13,16,19,21],"killed_by":"Centurion and Healer","ascension_level":2}}