{"host":"i09pxcjttd31eh4q","time":1610896126,"event":{"mods":["AchievementEnabler","BaseMod","Colored Map","Keyboard Shortcuts","Minty Spire (QoL Compilation)","StSLib","SuperFastMode"],"gold_per_floor":[114,114,124,124,49,85,106,119,119,142,160,180,180,199,199,199,199],"floor_reached":16,"language":"KOR","playtime":247,"items_purged":["Strike_B"],"score":262,"play_id":"3df8d275-0c19-42d0-9ab5-cf12287dce1e","local_time":"20210118000846","is_ascension_mode":true,"campfire_choices":[{"data":"Recycle","floor":15,"key":"SMITH"}],"circlet_count":0,"master_deck":["AscendersBane","Strike_B+1","Strike_B","Defend_B","Defend_B","Defend_B","Defend_B+1","Zap","Dualcast","Cold Snap","Streamline","Sweeping Beam","Hologram","Heatsinks+1","Recycle+1","Chill"],"relics":["Cracked Core","NeowsBlessing","Golden Idol","Frozen Egg 2","Meat on the Bone"],"acts_visited":["Exordium"],"potions_floor_usage":[8,16],"damage_taken":[{"damage":0,"enemies":"Jaw Worm","floor":1,"turns":1},{"damage":0,"enemies":"Cultist","floor":3,"turns":1},{"damage":0,"enemies":"Lagavulin","floor":6,"turns":1},{"damage":1,"enemies":"2 Louse","floor":7,"turns":3},{"damage":13,"enemies":"Exordium Wildlife","floor":8,"turns":4},{"damage":7,"enemies":"Red Slaver","floor":10,"turns":5},{"damage":16,"enemies":"Large Slime","floor":11,"turns":6},{"damage":6,"enemies":"2 Fungi Beasts","floor":12,"turns":3},{"damage":3,"enemies":"3 Louse","floor":14,"turns":4},{"damage":31,"enemies":"Slime Boss","floor":16,"turns":3}],"seed_played":"-2818936361453773528","potions_obtained":[{"floor":6,"key":"Energy Potion"},{"floor":7,"key":"SteroidPotion"},{"floor":8,"key":"AttackPotion"}],"is_trial":false,"path_per_floor":["M","?","M","?","$","E","M","M","T","M","M","M","?","M","R","B"],"character_chosen":"DEFECT","items_purchased":[],"campfire_rested":0,"item_purchase_floors":[],"current_hp_per_floor":[64,64,64,64,64,64,63,50,50,43,39,33,14,23,23,0,0],"gold":199,"neow_bonus":"THREE_ENEMY_KILL","is_daily":false,"chose_seed":false,"campfire_upgraded":1,"win_rate":0.0,"timestamp":1610896126,"path_taken":["M","?","?","?","$","E","M","M","T","M","M","M","?","M","R","BOSS"],"items_purchased_type":[],"build_version":"2020-12-22","purchased_purges":1,"victory":false,"max_hp_per_floor":[71,71,71,64,64,64,64,64,64,64,64,64,64,64,64,64,64],"card_choices":[{"not_picked":["Hello World","Scrape"],"picked":"Cold Snap","floor":1},{"not_picked":["Auto Shields","Undo"],"picked":"Sweeping Beam","floor":3},{"not_picked":["Genetic Algorithm","Go for the Eyes"],"picked":"Hologram","floor":6},{"not_picked":["Leap","Redo"],"picked":"Heatsinks+1","floor":7},{"not_picked":["Gash","Ball Lightning","Barrage"],"picked":"SKIP","floor":8},{"not_picked":["Reinforced Body","Streamline","Aggregate"],"picked":"SKIP","floor":10},{"not_picked":["Beam Cell","Melter"],"picked":"Recycle","floor":11},{"not_picked":["Streamline","Rebound"],"picked":"Chill","floor":12},{"not_picked":["Rip and Tear","Leap","Stack"],"picked":"SKIP","floor":14}],"player_experience":866611,"relics_obtained":[{"floor":6,"key":"Frozen Egg 2"},{"floor":9,"key":"Meat on the Bone"}],"event_choices":[{"damage_healed":0,"gold_gain":0,"cards_transformed":["Strike_B"],"player_choice":"Transformed","damage_taken":0,"max_hp_gain":0,"max_hp_loss":0,"event_name":"Transmorgrifier","floor":2,"gold_loss":0,"cards_obtained":["Streamline"]},{"damage_healed":0,"gold_gain":0,"player_choice":"Lose Max HP","damage_taken":0,"relics_obtained":["Golden Idol"],"max_hp_gain":0,"max_hp_loss":7,"event_name":"Golden Idol","floor":4,"gold_loss":0},{"damage_healed":0,"gold_gain":0,"player_choice":"Entered Light","damage_taken":19,"max_hp_gain":0,"max_hp_loss":0,"event_name":"Shining Light","floor":13,"gold_loss":0,"cards_upgraded":["Defend_B","Strike_B"]}],"is_beta":false,"boss_relics":[],"items_purged_floors":[5],"is_endless":false,"potions_floor_spawned":[6,7,8,12],"killed_by":"Slime Boss","ascension_level":20}}