{"host":"3xls0xm49ftugio7","time":1610903901,"event":{"mods":["2.2 Compatiblity","AchievementEnabler","Act Like it!","BaseMod","Colored Powertips","GifTheSpireLib","Minty Spire (QoL Compilation)","Quick Restart","Relic Stats","StSLib"],"gold_per_floor":[116,132,132,149,169,194,194,226,226,19,19,19,31,47,47,118,118,95,105,123,123,123],"floor_reached":21,"language":"ENG","playtime":1124,"items_purged":["Strike_B"],"score":436,"play_id":"acf11a9d-45db-4ffa-825a-79a716a3255b","local_time":"20210117191821","is_ascension_mode":true,"campfire_choices":[{"floor":7,"key":"REST"},{"data":"Defragment","floor":12,"key":"SMITH"},{"floor":15,"key":"REST"}],"circlet_count":0,"master_deck":["AscendersBane","Strike_B+1","Strike_B","Strike_B","Defend_B","Defend_B","Defend_B","Defend_B","Zap","Dualcast","Sweeping Beam+1","Ball Lightning","Barrage","Defragment+1","BootSequence","Coolheaded","Capacitor","Leap","Streamline","Coolheaded","Creative AI","CurseOfTheBell","Go for the Eyes","Glacier"],"relics":["Cracked Core","Bag of Preparation","Juzu Bracelet","Mummified Hand","StoneCalendar","Calling Bell","DataDisk","Shuriken","Ginger"],"acts_visited":["Exordium","TheCity"],"potions_floor_usage":[6,6,20],"damage_taken":[{"damage":3,"enemies":"2 Louse","floor":1,"turns":3},{"damage":4,"enemies":"Small Slimes","floor":2,"turns":3},{"damage":1,"enemies":"Cultist","floor":4,"turns":3},{"damage":1,"enemies":"Looter","floor":5,"turns":2},{"damage":0,"enemies":"3 Sentries","floor":6,"turns":4},{"damage":25,"enemies":"Lagavulin","floor":8,"turns":6},{"damage":7,"enemies":"Red Slaver","floor":13,"turns":3},{"damage":2,"enemies":"Exordium Thugs","floor":14,"turns":3},{"damage":32,"enemies":"The Guardian","floor":16,"turns":8},{"damage":16,"enemies":"2 Thieves","floor":18,"turns":4},{"damage":20,"enemies":"Spheric Guardian","floor":19,"turns":4},{"damage":24,"enemies":"Snake Plant","floor":20,"turns":6},{"damage":17,"enemies":"Cultist and Chosen","floor":21,"turns":3}],"seed_played":"-5064713386718250662","potions_obtained":[{"floor":0,"key":"Explosive Potion"},{"floor":0,"key":"BlessingOfTheForge"},{"floor":4,"key":"Fire Potion"},{"floor":8,"key":"Regen Potion"},{"floor":13,"key":"EssenceOfSteel"},{"floor":16,"key":"Explosive Potion"},{"floor":19,"key":"Regen Potion"}],"is_trial":false,"path_per_floor":["M","M","?","M","M","E","R","E","T","$","?","R","M","M","R","B",null,"M","M","M","M"],"character_chosen":"DEFECT","items_purchased":["Capacitor","Leap"],"campfire_rested":2,"item_purchase_floors":[10,10],"current_hp_per_floor":[61,57,36,35,34,34,55,30,30,30,30,30,23,21,42,10,56,40,20,5,0,0],"gold":123,"neow_bonus":"THREE_SMALL_POTIONS","is_daily":false,"chose_seed":false,"campfire_upgraded":1,"win_rate":0.0,"timestamp":1610903901,"path_taken":["M","M","?","M","M","E","R","E","T","$","?","R","M","M","R","BOSS","M","M","M","M"],"items_purchased_type":["Card","Card"],"build_version":"2020-12-22","purchased_purges":1,"victory":false,"max_hp_per_floor":[71,71,71,71,71,71,71,71,71,71,71,71,71,71,71,71,71,71,71,71,71,71],"relic_stats":{"counters":[13,52],"Mummified Hand":[17],"Shuriken":[2],"StoneCalendar":[52],"Bag of Preparation":[16],"Juzu Bracelet":0,"Ginger":[4],"obtain_stats":[{"Calling Bell":17,"DataDisk":17,"Mummified Hand":9,"Shuriken":17,"StoneCalendar":11,"Bag of Preparation":6,"Juzu Bracelet":8,"Ginger":17,"Cracked Core":0},{"Calling Bell":9,"DataDisk":9,"Mummified Hand":6,"Shuriken":9,"StoneCalendar":6,"Bag of Preparation":5,"Juzu Bracelet":6,"Ginger":9,"Cracked Core":0},{"Calling Bell":35,"DataDisk":35,"Mummified Hand":21,"Shuriken":35,"StoneCalendar":21,"Bag of Preparation":15,"Juzu Bracelet":21,"Ginger":35,"Cracked Core":0}]},"card_choices":[{"not_picked":["Auto Shields","Conserve Battery"],"picked":"Sweeping Beam","floor":1},{"not_picked":["Darkness","Gash"],"picked":"Ball Lightning","floor":2},{"not_picked":["Reboot","Leap"],"picked":"Barrage","floor":4},{"not_picked":["Steam","Sweeping Beam"],"picked":"Defragment","floor":5},{"not_picked":["Sweeping Beam","Skim"],"picked":"BootSequence","floor":6},{"not_picked":["Auto Shields","Steam"],"picked":"Coolheaded","floor":8},{"not_picked":["Turbo","Gash"],"picked":"Streamline","floor":13},{"not_picked":["Tempest","BootSequence"],"picked":"Coolheaded","floor":14},{"not_picked":["Machine Learning","Amplify"],"picked":"Creative AI","floor":16},{"not_picked":["Ball Lightning","Redo"],"picked":"Go for the Eyes","floor":18},{"not_picked":["Hologram","Streamline+1","Sunder+1"],"picked":"SKIP","floor":19},{"not_picked":["Rip and Tear","Beam Cell"],"picked":"Glacier","floor":20}],"player_experience":704131,"relics_obtained":[{"floor":6,"key":"Bag of Preparation"},{"floor":8,"key":"Juzu Bracelet"},{"floor":9,"key":"Mummified Hand"},{"floor":17,"key":"DataDisk"},{"floor":17,"key":"Shuriken"},{"floor":17,"key":"Ginger"}],"event_choices":[{"damage_healed":0,"gold_gain":0,"player_choice":"Entered Light","damage_taken":21,"max_hp_gain":0,"max_hp_loss":0,"event_name":"Shining Light","floor":3,"gold_loss":0,"cards_upgraded":["Strike_B","Sweeping Beam"]},{"damage_healed":0,"gold_gain":0,"player_choice":"Gave Potion","damage_taken":0,"relics_obtained":["StoneCalendar"],"max_hp_gain":0,"max_hp_loss":0,"event_name":"WeMeetAgain","floor":11,"gold_loss":0}],"is_beta":false,"boss_relics":[{"not_picked":["Runic Pyramid","Astrolabe"],"picked":"Calling Bell"}],"items_purged_floors":[10],"is_endless":false,"potions_floor_spawned":[4,5,8,13,16,18,19],"killed_by":"Cultist and Chosen","ascension_level":20}}