{"host":"on8rz1ayhhz269sg","time":1610862655,"event":{"mods":["BaseMod","Downfall","Minty Spire (QoL Compilation)","Remilia（蕾米莉亚）","StSLib","[GremlinLeader]The Maniac","残留之物"],"gold_per_floor":[114,37,57,57,57,92,92,102,129,141,157,157,175,190,190,292,292,299,149,159,178,61,73,100,100,100,126,136,136,136,51,51,148,448,451,80,96,0,15,15,15,15,39,55,67,67,67,79,79,79],"floor_reached":51,"language":"ZHS","playtime":3781,"items_purged":[],"score":716,"play_id":"23baf2f2-dff5-4b50-8666-776800ece19a","local_time":"20210117135055","is_ascension_mode":false,"campfire_choices":[{"data":"maniac:HammerStrike","floor":12.0,"key":"SMITH"},{"floor":15.0,"key":"REST"},{"floor":25.0,"key":"REST"},{"floor":30.0,"key":"REST"},{"data":"maniac:Deal","floor":32.0,"key":"SMITH"},{"data":"maniac:Collecting","floor":40.0,"key":"SMITH"},{"data":"maniac:Deal+1","floor":42.0,"key":"SMITH"},{"data":"maniac:Deal+2","floor":49,"key":"SMITH"}],"circlet_count":0,"master_deck":["maniac:Strike","maniac:Strike","maniac:Strike","maniac:Strike","maniac:Strike","maniac:Defend","maniac:Defend","maniac:Defend","maniac:Defend","maniac:BurnBlood","maniac:AbyssShackle","maniac:UntravelledPath","maniac:BladesInCloak+1","maniac:WardAndDefend","maniac:ShelteringEdge","maniac:Refine","maniac:TorturousScreams","maniac:HammerStrike+1","maniac:ArmToTheTeeth","maniac:Whirlscythe","maniac:SpectralKnives","maniac:Deal+3","maniac:Confront+1","maniac:Intimidate+1","maniac:BladeShoot","Mind Blast","maniac:SpectralKnives","maniac:BladeArtist","maniac:BladeShoot","maniac:Guilty","maniac:WardAndDefend+1","maniac:PanickyParry+1","Necronomicurse","maniac:Intimidate+1","maniac:Collecting+1","CurseOfTheBell","maniac:Refine+1","maniac:StormOfTime","maniac:ArmToTheTeeth","maniac:LootBarrage","The Bomb","maniac:ShiftingShadows+1","maniac:BladeArtist+1","maniac:Guilty","maniac:Intimidate+1"],"relics":["maniac:DamagedAnvil","maniac:BrokenHorn","NeowsBlessing","Orichalcum","Dream Catcher","Cursed Key","Membership Card","Lee\u0027s Waffle","Ginger","Nunchaku","PlaceholderMod:DaolothFragment","Necronomicon","Vajra","Calling Bell","Blood Vial","Matryoshka","Old Coin","Calipers","Omamori","Strange Spoon","Red Mask","Frozen Egg 2","Bag of Marbles","Du-Vu Doll"],"acts_visited":["Exordium","TheCity","TheBeyond"],"potions_floor_usage":[],"damage_taken":[{"damage":0.0,"enemies":"Cultist","floor":1.0,"turns":1.0},{"damage":0.0,"enemies":"2 Louse","floor":3.0,"turns":1.0},{"damage":0.0,"enemies":"3 Sentries","floor":6.0,"turns":2.0},{"damage":4.0,"enemies":"Small Slimes","floor":8.0,"turns":5.0},{"damage":8.0,"enemies":"3 Louse","floor":10.0,"turns":4.0},{"damage":2.0,"enemies":"Lots of Slimes","floor":11.0,"turns":5.0},{"damage":7.0,"enemies":"Large Slime","floor":13.0,"turns":7.0},{"damage":0.0,"enemies":"3 Louse","floor":14.0,"turns":2.0},{"damage":37.0,"enemies":"The Guardian","floor":16.0,"turns":10.0},{"damage":14.0,"enemies":"2 Thieves","floor":18.0,"turns":4.0},{"damage":8.0,"enemies":"Chosen","floor":20.0,"turns":4.0},{"damage":9.0,"enemies":"Snake Plant","floor":21.0,"turns":2.0},{"damage":4.0,"enemies":"Centurion and Healer","floor":23.0,"turns":4.0},{"damage":14.0,"enemies":"Gremlin Leader","floor":24.0,"turns":4.0},{"damage":17.0,"enemies":"Slavers","floor":27.0,"turns":5.0},{"damage":3.0,"enemies":"Snecko","floor":28.0,"turns":3.0},{"damage":25.0,"enemies":"Champ","floor":33.0,"turns":4.0},{"damage":2.0,"enemies":"3 Darklings","floor":35.0,"turns":3.0},{"damage":11.0,"enemies":"3 Shapes","floor":37.0,"turns":2.0},{"damage":4.0,"enemies":"Jaw Worm Horde","floor":39.0,"turns":4.0},{"damage":0.0,"enemies":"Writhing Mass","floor":44.0,"turns":1.0},{"damage":0,"enemies":"Maw","floor":45,"turns":2},{"damage":0,"enemies":"4 Shapes","floor":48,"turns":3},{"damage":9,"enemies":"Time Eater","floor":50,"turns":3}],"seed_played":"-2639339664963787083","potions_obtained":[{"floor":1.0,"key":"BlessingOfTheForge"},{"floor":8.0,"key":"Fire Potion"},{"floor":13.0,"key":"champ:CounterPotion"},{"floor":14.0,"key":"SteroidPotion"},{"floor":18.0,"key":"Fire Potion"},{"floor":20.0,"key":"Fire Potion"},{"floor":35.0,"key":"PowerPotion"},{"floor":37.0,"key":"BlessingOfTheForge"},{"floor":45,"key":"Weak Potion"}],"is_trial":false,"path_per_floor":["M","$","M","?","?","E","?","M","T","M","M","R","M","M","R","B",null,"M","$","M","M","$","M","E","R","T","E","M","?","R","?","R","B",null,"M","$","M","?","M","R","?","R","T","M","M","?","?","M","R","B",null],"character_chosen":"THE_MANIAC","items_purchased":["maniac:BladesInCloak","maniac:WardAndDefend","Membership Card","Lee\u0027s Waffle","Mind Blast","Calipers","Omamori","Strange Spoon","maniac:StormOfTime"],"campfire_rested":3,"item_purchase_floors":[2,2,19,22,22,36,36,36,36],"current_hp_per_floor":[80,80,80,80,80,80,90,86,86,78,76,76,69,69,90,53,90,76,76,68,59,97,93,79,97,97,80,77,61,90,90,90,65,97,95,95,86,86,84,84,84,84,84,86,88,88,88,90,90,83],"gold":79,"neow_bonus":"THREE_ENEMY_KILL","is_daily":false,"chose_seed":false,"campfire_upgraded":5,"win_rate":0.0,"timestamp":1610862655,"path_taken":["M","$","?","?","?","E","?","M","T","M","M","R","M","M","R","BOSS","M","?","M","M","$","M","E","R","T","E","M","?","R","?","R","BOSS","M","$","M","?","M","R","?","R","T","M","M","?","?","M","R","BOSS"],"items_purchased_type":["Card","Card","Relic","Relic","Card","Relic","Relic","Relic","Card"],"build_version":"2020-12-22","purchased_purges":0,"victory":true,"max_hp_per_floor":[80,80,80,80,80,80,90,90,90,90,90,90,90,90,90,90,90,90,90,90,90,97,97,97,97,97,97,97,97,97,97,97,97,97,97,97,97,97,97,97,97,97,97,97,97,97,92,92,92,92],"card_choices":[{"not_picked":["maniac:EndOfTheRoad","maniac:ReconstructWounds"],"picked":"maniac:UntravelledPath","floor":1.0},{"not_picked":["maniac:BladesInCloak","maniac:UntravelledPath"],"picked":"maniac:ShelteringEdge","floor":3.0},{"not_picked":["maniac:BladeShoot","maniac:DashForward"],"picked":"maniac:ForsakenHand","floor":6.0},{"not_picked":["maniac:BladesInCloak","maniac:ListenToNone"],"picked":"maniac:Refine","floor":8.0},{"not_picked":["maniac:UndyingDesire","maniac:ListenToNone"],"picked":"maniac:TorturousScreams","floor":10.0},{"not_picked":["maniac:ShelteringEdge","maniac:Refine"],"picked":"maniac:HammerStrike","floor":11.0},{"not_picked":["maniac:ListenToNone","maniac:Hasten"],"picked":"maniac:ArmToTheTeeth","floor":13.0},{"not_picked":["maniac:Traceback","maniac:FindAShortcut"],"picked":"maniac:Whirlscythe","floor":14.0},{"not_picked":["maniac:FindAShortcut","maniac:ListenToNone"],"picked":"maniac:SpectralKnives","floor":15.0},{"not_picked":["maniac:TwistedEddies","maniac:ExceedEnchantment"],"picked":"maniac:Deal","floor":16.0},{"not_picked":["maniac:ShelteringEdge","maniac:Refine"],"picked":"maniac:Confront+1","floor":18.0},{"not_picked":["maniac:ListenToNone","maniac:TorturousScreams"],"picked":"maniac:Intimidate+1","floor":20.0},{"not_picked":["maniac:FoilArmor","maniac:Refine"],"picked":"maniac:BladeShoot","floor":21.0},{"not_picked":["maniac:FindAShortcut","maniac:SecretBackups"],"picked":"maniac:SpectralKnives","floor":23.0},{"not_picked":["maniac:ColdHeart","maniac:ObscuredAttack+1"],"picked":"maniac:BladeArtist","floor":24.0},{"not_picked":["maniac:ReachVictory","maniac:FindAShortcut"],"picked":"maniac:BladeShoot","floor":25.0},{"not_picked":["maniac:Traceback","maniac:Confront+1"],"picked":"maniac:WardAndDefend+1","floor":27.0},{"not_picked":["maniac:MeleeStrike","maniac:BladesInCloak"],"picked":"maniac:PanickyParry+1","floor":28.0},{"not_picked":["maniac:ShelteringEdge","maniac:PanickyParry"],"picked":"maniac:Intimidate+1","floor":30.0},{"not_picked":["maniac:Simulacrum","maniac:ReachVictory"],"picked":"maniac:Collecting","floor":33.0},{"not_picked":["maniac:BladesInCloak+1","maniac:MeleeStrike+1"],"picked":"maniac:Refine+1","floor":35.0},{"not_picked":["maniac:ExpectedMoves","maniac:Infuriate+1"],"picked":"maniac:ArmToTheTeeth","floor":37.0},{"not_picked":["maniac:UntravelledPath","maniac:Intimidate"],"picked":"maniac:LootBarrage","floor":39.0},{"not_picked":["Blind","Bandage Up"],"picked":"The Bomb","floor":41.0},{"not_picked":["maniac:FindAShortcut","maniac:UndyingDesire+1"],"picked":"maniac:ShiftingShadows+1","floor":44.0},{"not_picked":["maniac:ListenToNone","maniac:SpectralKnives"],"picked":"maniac:BladeArtist+1","floor":45},{"not_picked":["maniac:ListenToNone","maniac:SpectralKnives+1"],"picked":"maniac:Intimidate+1","floor":48}],"player_experience":222630,"relics_obtained":[{"floor":6.0,"key":"Orichalcum"},{"floor":9.0,"key":"Dream Catcher"},{"floor":24.0,"key":"Ginger"},{"floor":26.0,"key":"Nunchaku"},{"floor":27.0,"key":"PlaceholderMod:DaolothFragment"},{"floor":29.0,"key":"Necronomicon"},{"floor":34.0,"key":"Blood Vial"},{"floor":34.0,"key":"Matryoshka"},{"floor":34.0,"key":"Old Coin"},{"floor":43.0,"key":"Frozen Egg 2"},{"floor":43.0,"key":"Bag of Marbles"}],"event_choices":[{"damage_healed":0.0,"max_hp_gain":0.0,"max_hp_loss":0.0,"gold_gain":0.0,"event_name":"Shining Light","player_choice":"Ignored","floor":4.0,"gold_loss":0.0,"damage_taken":0.0},{"damage_healed":0.0,"max_hp_gain":0.0,"max_hp_loss":0.0,"gold_gain":0.0,"event_name":"Living Wall","player_choice":"Grow","floor":5.0,"gold_loss":0.0,"damage_taken":0.0,"cards_upgraded":["maniac:BladesInCloak"]},{"cards_removed":["maniac:ForsakenHand"],"damage_healed":0.0,"max_hp_gain":10.0,"max_hp_loss":0.0,"gold_gain":0.0,"event_name":"Bonfire Elementals","player_choice":"Offered Rare","floor":7.0,"gold_loss":0.0,"damage_taken":0.0},{"damage_healed":0.0,"max_hp_gain":0.0,"max_hp_loss":0.0,"gold_gain":0.0,"event_name":"Cursed Tome","player_choice":"Obtained Book","floor":29.0,"gold_loss":0.0,"damage_taken":16.0},{"damage_healed":0.0,"max_hp_gain":0.0,"max_hp_loss":0.0,"gold_gain":0.0,"event_name":"Addict","player_choice":"Obtained Relic","floor":31.0,"gold_loss":85.0,"damage_taken":0.0,"relics_obtained":["Vajra"]},{"damage_healed":0.0,"max_hp_gain":0.0,"max_hp_loss":0.0,"gold_gain":0.0,"event_name":"Tomb of Lord Red Mask","player_choice":"Paid","floor":38.0,"gold_loss":96.0,"damage_taken":0.0,"relics_obtained":["Red Mask"]},{"damage_healed":0.0,"max_hp_gain":0.0,"max_hp_loss":0.0,"gold_gain":0.0,"event_name":"SensoryStone","player_choice":"Memory 1","floor":41.0,"gold_loss":0.0,"damage_taken":0.0},{"damage_healed":0,"gold_gain":0,"player_choice":"Max HP","damage_taken":0,"max_hp_gain":0,"max_hp_loss":5,"event_name":"Winding Halls","floor":47,"gold_loss":0}],"is_beta":false,"boss_relics":[{"not_picked":["Pandora\u0027s Box","Runic Pyramid"],"picked":"Cursed Key"},{"not_picked":["Snecko Eye","Astrolabe"],"picked":"Calling Bell"}],"items_purged_floors":[],"is_endless":false,"potions_floor_spawned":[1,8,13,14,18,20,35,37,45],"ascension_level":0}}