{"host":"mai03x2ekbjy4059","time":1610859605,"event":{"mods":["2.2 Compatiblity","BaseMod","DeckTracker","Keyboard Shortcuts","Minty Spire (QoL Compilation)","Permanent Neow","Quick Restart","SuperFastMode","everything is the same but u backflip on backflip"],"gold_per_floor":[115,115,40,40,60,88,104,129,129,147,147,47,47,80,80,183,183,203,218,143,154,166,166,199,199,199,233,243,263,263,298,298,298,298,298],"floor_reached":34,"language":"KOR","playtime":983,"items_purged":["Bash","Strike_R"],"score":452,"play_id":"691272d2-174c-446a-bcf4-e599236d3eb5","local_time":"20210117140005","is_ascension_mode":true,"campfire_choices":[{"data":"Body Slam","floor":11.0,"key":"SMITH"},{"data":"Body Slam","floor":15.0,"key":"SMITH"},{"data":"Juggernaut","floor":23.0,"key":"SMITH"},{"floor":25.0,"key":"REST"},{"floor":32.0,"key":"REST"}],"circlet_count":0,"master_deck":["Strike_R","Strike_R","Strike_R","Defend_R","Defend_R","Defend_R","Defend_R","Juggernaut+1","Body Slam+1","Finesse","Feel No Pain","Body Slam+1","Offering","Shrug It Off+1","Decay"],"relics":["Burning Blood","Bag of Preparation","Self Forming Clay","Lantern","Ornamental Fan","Molten Egg 2","Velvet Choker","Boot","Sundial","Potion Belt","White Beast Statue","Black Star"],"acts_visited":["Exordium","TheCity","TheBeyond"],"potions_floor_usage":[],"damage_taken":[{"damage":0.0,"enemies":"Small Slimes","floor":1.0,"turns":4.0},{"damage":2.0,"enemies":"Jaw Worm","floor":5.0,"turns":4.0},{"damage":55.0,"enemies":"Gremlin Nob","floor":6.0,"turns":6.0},{"damage":1.0,"enemies":"Cultist","floor":7.0,"turns":3.0},{"damage":21.0,"enemies":"Lagavulin","floor":8.0,"turns":7.0},{"damage":1.0,"enemies":"Red Slaver","floor":10.0,"turns":3.0},{"damage":9.0,"enemies":"Gremlin Nob","floor":14.0,"turns":4.0},{"damage":13.0,"enemies":"Hexaghost","floor":16.0,"turns":7.0},{"damage":16.0,"enemies":"3 Byrds","floor":18.0,"turns":5.0},{"damage":11.0,"enemies":"2 Thieves","floor":19.0,"turns":3.0},{"damage":36.0,"enemies":"Snecko","floor":21.0,"turns":6.0},{"damage":6.0,"enemies":"Cultist and Chosen","floor":22.0,"turns":6.0},{"damage":27.0,"enemies":"Book of Stabbing","floor":24.0,"turns":5.0},{"damage":28.0,"enemies":"Slavers","floor":27.0,"turns":6.0},{"damage":14.0,"enemies":"Snake Plant","floor":28.0,"turns":3.0},{"damage":10.0,"enemies":"Snecko","floor":29.0,"turns":5.0},{"damage":8.0,"enemies":"Book of Stabbing","floor":31.0,"turns":4.0},{"damage":38.0,"enemies":"Collector","floor":33.0,"turns":7.0}],"seed_played":"-865608296394546977","potions_obtained":[{"floor":6.0,"key":"Fire Potion"},{"floor":10.0,"key":"LiquidBronze"},{"floor":14.0,"key":"FearPotion"},{"floor":16.0,"key":"PowerPotion"},{"floor":22.0,"key":"BloodPotion"},{"floor":28.0,"key":"Weak Potion"},{"floor":29.0,"key":"Weak Potion"},{"floor":31.0,"key":"SkillPotion"}],"is_trial":false,"path_per_floor":["M","?","$","?","M","E","M","E","T","M","R","$","$","E","R","B",null,"M","M","?","M","M","R","E","R","T","E","M","M","?","E","R","B",null],"character_chosen":"IRONCLAD","items_purchased":[],"campfire_rested":2,"item_purchase_floors":[],"current_hp_per_floor":[80,77,77,77,80,31,36,21,21,26,26,26,26,23,23,16,80,70,65,65,35,51,51,30,54,54,32,24,20,20,18,42,10,80,80],"gold":298,"neow_bonus":"ONE_RANDOM_RARE_CARD","is_daily":false,"chose_seed":false,"campfire_upgraded":3,"win_rate":0.0,"timestamp":1610859605,"path_taken":["M","?","$","?","M","E","?","E","T","M","R","?","$","E","R","BOSS","M","M","?","M","M","R","E","R","T","E","M","M","?","E","R","BOSS"],"items_purchased_type":[],"build_version":"2020-12-22","purchased_purges":2,"victory":false,"max_hp_per_floor":[80,80,80,80,80,80,80,80,80,80,80,80,80,80,80,80,80,80,80,80,80,80,80,80,80,80,80,80,80,80,80,80,80,80,80],"card_choices":[{"not_picked":["Shrug It Off","Anger"],"picked":"Body Slam","floor":1.0},{"not_picked":["Battle Trance","Headbutt"],"picked":"Feel No Pain","floor":5.0},{"not_picked":["Cleave","Sword Boomerang","Uppercut"],"picked":"SKIP","floor":6.0},{"not_picked":["Rage","Sword Boomerang","Body Slam"],"picked":"SKIP","floor":7.0},{"not_picked":["Perfected Strike","Armaments"],"picked":"Body Slam","floor":8.0},{"not_picked":["Blood for Blood","Feed","Warcry"],"picked":"SKIP","floor":10.0},{"not_picked":["Dark Embrace","Intimidate"],"picked":"Offering","floor":14.0},{"not_picked":["Cleave+1","Havoc","Dropkick+1"],"picked":"SKIP","floor":18.0},{"not_picked":["Cleave+1","Warcry+1","Anger+1"],"picked":"SKIP","floor":19.0},{"not_picked":["Warcry+1","Clash+1","Iron Wave+1"],"picked":"SKIP","floor":21.0},{"not_picked":["Carnage+1","Wild Strike+1","Feel No Pain"],"picked":"SKIP","floor":22.0},{"not_picked":["Carnage+1","Wild Strike+1","Feel No Pain"],"picked":"SKIP","floor":22.0},{"not_picked":["Second Wind","Hemokinesis+1","Exhume"],"picked":"SKIP","floor":24.0},{"not_picked":["Dual Wield+1","Armaments"],"picked":"Shrug It Off+1","floor":27.0},{"not_picked":["Seeing Red","Rage+1","Uppercut+1"],"picked":"SKIP","floor":28.0},{"not_picked":["Twin Strike+1","Wild Strike+1","Clash+1"],"picked":"SKIP","floor":29.0},{"not_picked":["Headbutt+1","Carnage+1","Warcry"],"picked":"SKIP","floor":31.0}],"player_experience":1068888,"relics_obtained":[{"floor":6.0,"key":"Self Forming Clay"},{"floor":8.0,"key":"Lantern"},{"floor":9.0,"key":"Ornamental Fan"},{"floor":14.0,"key":"Molten Egg 2"},{"floor":24.0,"key":"Boot"},{"floor":26.0,"key":"Sundial"},{"floor":27.0,"key":"Potion Belt"},{"floor":31.0,"key":"White Beast Statue"}],"event_choices":[{"damage_healed":0.0,"max_hp_gain":0.0,"max_hp_loss":0.0,"gold_gain":0.0,"event_name":"Scrap Ooze","player_choice":"Success","floor":2.0,"gold_loss":0.0,"damage_taken":3.0,"relics_obtained":["Bag of Preparation"]},{"damage_healed":0.0,"max_hp_gain":0.0,"max_hp_loss":0.0,"gold_gain":0.0,"event_name":"Match and Keep!","player_choice":"1 cards matched","floor":4.0,"gold_loss":0.0,"damage_taken":0.0,"cards_obtained":["Finesse"]},{"cards_removed":["Strike_R"],"damage_healed":0.0,"max_hp_gain":0.0,"max_hp_loss":0.0,"gold_gain":0.0,"event_name":"Beggar","player_choice":"Gave Gold","floor":20.0,"gold_loss":75.0,"damage_taken":0.0},{"damage_healed":0.0,"max_hp_gain":0.0,"max_hp_loss":0.0,"gold_gain":0.0,"event_name":"Forgotten Altar","player_choice":"Smashed Altar","floor":30.0,"gold_loss":0.0,"damage_taken":0.0,"cards_obtained":["Decay"]}],"is_beta":false,"boss_relics":[{"not_picked":["Runic Dome","SacredBark"],"picked":"Velvet Choker"},{"not_picked":["Astrolabe","Coffee Dripper"],"picked":"Black Star"}],"items_purged_floors":[3,12],"is_endless":false,"potions_floor_spawned":[6,10,14,16,19,22,28,29,31,33],"ascension_level":1}}