{"host":"qze10v60nfvfsee6","time":1610905619,"event":{"mods":["Act Like it!","Ascension Reborn","BaseMod","Colored Powertips","Minty Spire (QoL Compilation)","Shop Mod","StSLib","The Administrix"],"gold_per_floor":[16,29,41,116,132,167,185,195,195,211,238,258,258,274,274,378,378,391,27,41,71,83,113,125,141,210,239,239,239,254,264,264,369,369,379,390,406,27,47,76,76,130,130,147,147,165,191,216,216,216,216,216,44,70,70,70],"floor_reached":55,"language":"ZHS","playtime":5700,"items_purged":["Writhe","AdministrixMod:Wuji+1"],"score":864,"play_id":"c2b19d9e-4de4-4bbf-ad86-cd8c3182f225","local_time":"20210118014659","is_ascension_mode":true,"campfire_choices":[{"floor":13,"key":"REST"},{"floor":15,"key":"RECALL"},{"floor":28,"key":"REST"},{"floor":32,"key":"REST"},{"data":"AdministrixMod:StarSwordSoul","floor":41,"key":"SMITH"},{"data":"AdministrixMod:WifeLightning","floor":45,"key":"SMITH"},{"data":"AdministrixMod:FuneraryRites","floor":49,"key":"SMITH"},{"data":"AdministrixMod:BishamonBlessing","floor":52,"key":"SMITH"}],"circlet_count":0,"master_deck":["AdministrixMod:RedCloak","AdministrixMod:BlueCloak","AdministrixMod:ShadowPlay","AdministrixMod:HiddenPower","AdministrixMod:SipOfSparks","AdministrixMod:ShadowPlay","AdministrixMod:FuneraryRites","AdministrixMod:PassageOfAges","AdministrixMod:Overdrive","AdministrixMod:SealAway","AdministrixMod:HaveItAll","AdministrixMod:BishamonBlessing+1","AdministrixMod:WickedPunishment","AdministrixMod:FuneraryRites+1","AdministrixMod:MixOfMercury","AdministrixMod:WifeLightning+1","AdministrixMod:HiddenPower","AdministrixMod:GuanyinBlessing+1","AdministrixMod:FiendishCrimson","AdministrixMod:PassageOfAges","AdministrixMod:ArmillarySphere+1","AdministrixMod:FuneraryRites+1","AdministrixMod:SipOfSparks+1","AdministrixMod:FuneraryRites+1","AdministrixMod:ArmillarySphere+1","AdministrixMod:QuietConspiracy+1","AdministrixMod:CrackingPangu","AdministrixMod:StarSwordSoul+1","AdministrixMod:FiendishCrimson","AdministrixMod:FiendishCrimson","AdministrixMod:FiendishCrimson","AdministrixMod:BloodlessSapphire+1","AdministrixMod:BloodlessSapphire+1","AdministrixMod:BloodlessSapphire+1","AdministrixMod:SipOfSparks+1","AdministrixMod:BloodBargain+1","AdministrixMod:PassageOfAges+1","AdministrixMod:SyncreticSurge+1","AdministrixMod:SyncreticPlunge+1","AdministrixMod:TouchOfCinnabar+1","AdministrixMod:PassageOfAges","AdministrixMod:DreamsMausoleum+1","AdministrixMod:RebukeDesires","AdministrixMod:Transition+1","AdministrixMod:PlateOfAntiquity+1"],"relics":["AdministrixMod:ConductorRitualBaton","Centennial Puzzle","Pantograph","AdministrixMod:ElixirOfImmorality","Toxic Egg 2","Red Mask","Kunai","Mercury Hourglass","White Beast Statue","Meat on the Bone","AdministrixMod:BloodSoakedVeil","Incense Burner","Bottled Lightning","Ice Cream","Bag of Marbles","Prayer Wheel","Orichalcum","Ornamental Fan"],"acts_visited":["Exordium","TheCity","TheBeyond","TheEnding"],"potions_floor_usage":[6,6,16,16,18,20,25,30,31,33,33,37,37,46,50,50,55,55],"damage_taken":[{"damage":3,"enemies":"Jaw Worm","floor":1,"turns":3},{"damage":2,"enemies":"2 Louse","floor":2,"turns":3},{"damage":0,"enemies":"Small Slimes","floor":3,"turns":2},{"damage":7,"enemies":"Blue Slaver","floor":5,"turns":4},{"damage":10,"enemies":"Lagavulin","floor":6,"turns":4},{"damage":7,"enemies":"Exordium Thugs","floor":7,"turns":3},{"damage":0,"enemies":"Looter","floor":8,"turns":2},{"damage":0,"enemies":"2 Fungi Beasts","floor":10,"turns":3},{"damage":5,"enemies":"3 Sentries","floor":11,"turns":4},{"damage":5,"enemies":"Large Slime","floor":12,"turns":6},{"damage":0,"enemies":"3 Louse","floor":14,"turns":2},{"damage":22,"enemies":"The Guardian","floor":16,"turns":7},{"damage":8,"enemies":"2 Thieves","floor":18,"turns":4},{"damage":1,"enemies":"Shell Parasite","floor":20,"turns":5},{"damage":5,"enemies":"Masked Bandits","floor":21,"turns":2},{"damage":6,"enemies":"Snake Plant","floor":22,"turns":3},{"damage":8,"enemies":"Book of Stabbing","floor":23,"turns":4},{"damage":8,"enemies":"Centurion and Healer","floor":24,"turns":3},{"damage":14,"enemies":"Shelled Parasite and Fungi","floor":25,"turns":5},{"damage":18,"enemies":"Gremlin Leader","floor":27,"turns":5},{"damage":11,"enemies":"Snake Plant","floor":30,"turns":3},{"damage":1,"enemies":"3 Cultists","floor":31,"turns":2},{"damage":1,"enemies":"Automaton","floor":33,"turns":4},{"damage":20,"enemies":"3 Darklings","floor":35,"turns":4},{"damage":15,"enemies":"Orb Walker","floor":36,"turns":3},{"damage":57,"enemies":"Spire Growth","floor":37,"turns":5},{"damage":21,"enemies":"4 Shapes","floor":39,"turns":3},{"damage":29,"enemies":"Nemesis","floor":40,"turns":7},{"damage":19,"enemies":"2 Orb Walkers","floor":42,"turns":3},{"damage":21,"enemies":"3 Darklings","floor":44,"turns":3},{"damage":10,"enemies":"Jaw Worm Horde","floor":46,"turns":3},{"damage":14,"enemies":"Reptomancer","floor":47,"turns":5},{"damage":68,"enemies":"Time Eater","floor":50,"turns":9},{"damage":22,"enemies":"Shield and Spear","floor":54,"turns":5},{"damage":104,"enemies":"The Heart","floor":55,"turns":5}],"seed_played":"6652290243105201942","potions_obtained":[{"floor":1,"key":"BlessingOfTheForge"},{"floor":2,"key":"LiquidMemories"},{"floor":11,"key":"FearPotion"},{"floor":12,"key":"LiquidMemories"},{"floor":16,"key":"Block Potion"},{"floor":18,"key":"EntropicBrew"},{"floor":20,"key":"AdministrixMod:AttunementTonic"},{"floor":24,"key":"ColorlessPotion"},{"floor":25,"key":"Ancient Potion"},{"floor":27,"key":"LiquidBronze"},{"floor":30,"key":"ColorlessPotion"},{"floor":31,"key":"PowerPotion"},{"floor":33,"key":"DistilledChaos"},{"floor":35,"key":"LiquidMemories"},{"floor":36,"key":"Regen Potion"},{"floor":37,"key":"DuplicationPotion"},{"floor":39,"key":"PowerPotion"},{"floor":40,"key":"DistilledChaos"},{"floor":44,"key":"LiquidMemories"},{"floor":46,"key":"Energy Potion"},{"floor":54,"key":"CultistPotion"}],"is_trial":false,"path_per_floor":["M","M","M","?","M","E","M","M","T","M","E","M","R","M","R","B",null,"M","$","M","?","M","E","M","M","T","E","R","?","M","M","R","B",null,"M","M","M","$","M","E","R","?","T","M","R","M","E","T","R","B",null,"R","$","E","B"],"character_chosen":"TheAdministrix","items_purchased":["AdministrixMod:HiddenPower","Toxic Egg 2","AdministrixMod:GuanyinBlessing+1","Incense Burner","AdministrixMod:Transition+1","PowerPotion"],"campfire_rested":3,"item_purchase_floors":[19,19,19,38,53,53],"current_hp_per_floor":[62,60,60,49,42,32,25,25,25,25,20,15,34,34,34,37,65,57,57,56,55,53,45,37,27,27,13,32,32,37,36,55,65,65,52,49,39,39,43,40,40,33,33,28,28,37,45,45,45,34,65,65,65,45,0,0],"gold":70,"neow_bonus":"TRANSFORM_TWO_CARDS","is_daily":false,"chose_seed":false,"campfire_upgraded":4,"win_rate":0.0,"timestamp":1610905619,"path_taken":["M","M","M","?","M","E","M","M","T","M","E","M","R","M","R","BOSS","M","$","M","?","M","E","M","M","T","E","R","?","M","M","R","BOSS","M","M","M","$","M","E","R","?","T","M","R","M","E","?","R","BOSS","R","$","E","BOSS"],"items_purchased_type":["Card","Relic","Card","Relic","Card","Potion"],"build_version":"2020-12-22","purchased_purges":2,"victory":false,"max_hp_per_floor":[65,65,65,65,65,65,65,65,65,65,65,65,65,65,65,65,65,65,65,65,65,65,65,65,65,65,65,65,65,65,65,65,65,65,65,65,65,65,65,65,65,65,65,65,65,65,65,65,65,65,65,65,65,65,65,65],"card_choices":[{"not_picked":["AdministrixMod:UnstableVigor","AdministrixMod:ExtolVirtue"],"picked":"AdministrixMod:SipOfSparks","floor":1},{"not_picked":["AdministrixMod:RegentEdict","AdministrixMod:ImmortalGrace"],"picked":"AdministrixMod:ShadowPlay","floor":2},{"not_picked":["AdministrixMod:FeastOfDew","AdministrixMod:ImmortalGrace"],"picked":"AdministrixMod:FuneraryRites","floor":3},{"not_picked":["AdministrixMod:Transition","AdministrixMod:ShadowPlay"],"picked":"AdministrixMod:PassageOfAges","floor":5},{"not_picked":["AdministrixMod:BloodlessSapphire","AdministrixMod:SealAway"],"picked":"AdministrixMod:Overdrive","floor":6},{"not_picked":["AdministrixMod:ImmortalGrace","AdministrixMod:RisingSunPrince"],"picked":"AdministrixMod:SealAway","floor":7},{"not_picked":["AdministrixMod:Transition","AdministrixMod:DreamsMausoleum"],"picked":"AdministrixMod:HaveItAll","floor":8},{"not_picked":["AdministrixMod:Katabasis","AdministrixMod:SipOfSparks"],"picked":"AdministrixMod:BishamonBlessing","floor":10},{"not_picked":["AdministrixMod:CastOffRegrets","AdministrixMod:ImmortalPurity"],"picked":"AdministrixMod:WickedPunishment","floor":11},{"not_picked":["AdministrixMod:ImmortalPurity","AdministrixMod:SipOfSparks"],"picked":"AdministrixMod:FuneraryRites","floor":12},{"not_picked":["AdministrixMod:ExtolVirtue","AdministrixMod:QuietConspiracy"],"picked":"AdministrixMod:MixOfMercury","floor":14},{"not_picked":["AdministrixMod:FearOfDeath","AdministrixMod:TenDesires"],"picked":"AdministrixMod:WifeLightning","floor":16},{"not_picked":["AdministrixMod:SealAway","AdministrixMod:ImmortalPurity+1"],"picked":"AdministrixMod:Wuji+1","floor":18},{"not_picked":["AdministrixMod:ExtolVirtue","AdministrixMod:RebukeDesires"],"picked":"AdministrixMod:FiendishCrimson","floor":20},{"not_picked":["AdministrixMod:Metempsychosis+1","AdministrixMod:DiversionaryTactic+1"],"picked":"AdministrixMod:PassageOfAges","floor":21},{"not_picked":["AdministrixMod:GirlsDoItBetter","AdministrixMod:NoblePath"],"picked":"AdministrixMod:ArmillarySphere+1","floor":22},{"not_picked":["AdministrixMod:ImmortalPurity+1","AdministrixMod:RebukeDesires"],"picked":"AdministrixMod:FuneraryRites+1","floor":23},{"not_picked":["AdministrixMod:ImmortalPurity+1","AdministrixMod:Katabasis+1"],"picked":"AdministrixMod:SipOfSparks+1","floor":24},{"not_picked":["AdministrixMod:XianArts","AdministrixMod:LightOfYourLife+1"],"picked":"AdministrixMod:FuneraryRites+1","floor":25},{"not_picked":["AdministrixMod:NewbornDivinity","AdministrixMod:FuneraryRites+1"],"picked":"AdministrixMod:ArmillarySphere+1","floor":27},{"not_picked":["AdministrixMod:SealAway+1","AdministrixMod:ImmortalGrace"],"picked":"AdministrixMod:QuietConspiracy+1","floor":30},{"not_picked":["AdministrixMod:CenturiesAscent+1","AdministrixMod:PlateOfAntiquity"],"picked":"AdministrixMod:CrackingPangu","floor":31},{"not_picked":["AdministrixMod:BattleforgedBonds+1","AdministrixMod:Schism"],"picked":"AdministrixMod:StarSwordSoul","floor":33},{"not_picked":["AdministrixMod:PlateOfAntiquity+1","AdministrixMod:ShadowPlay"],"picked":"AdministrixMod:SipOfSparks+1","floor":35},{"not_picked":["AdministrixMod:QuietConspiracy+1","AdministrixMod:PlateOfAntiquity+1"],"picked":"AdministrixMod:BloodBargain+1","floor":36},{"not_picked":["AdministrixMod:TrickOfTheLight+1","AdministrixMod:NoblePath+1"],"picked":"AdministrixMod:PassageOfAges+1","floor":37},{"not_picked":["AdministrixMod:WickedPunishment+1","AdministrixMod:Transcension+1"],"picked":"AdministrixMod:SyncreticSurge+1","floor":39},{"not_picked":["AdministrixMod:Schism","AdministrixMod:BishamonBlessing+1"],"picked":"AdministrixMod:SyncreticPlunge+1","floor":40},{"not_picked":["AdministrixMod:LightOfYourLife+1","AdministrixMod:JustRewards+1"],"picked":"AdministrixMod:TouchOfCinnabar+1","floor":42},{"not_picked":["AdministrixMod:SealAway+1","AdministrixMod:CenturiesAscent+1"],"picked":"AdministrixMod:PassageOfAges","floor":44},{"not_picked":["AdministrixMod:RisingSunPrince","AdministrixMod:NewbornDivinity"],"picked":"AdministrixMod:DreamsMausoleum+1","floor":46},{"not_picked":["AdministrixMod:ArmillarySphere+1","AdministrixMod:CrackingPangu+1"],"picked":"AdministrixMod:RebukeDesires","floor":47},{"not_picked":["AdministrixMod:CrackingPangu+1","AdministrixMod:CastOffRegrets+1"],"picked":"AdministrixMod:PlateOfAntiquity+1","floor":54}],"player_experience":63032,"relics_obtained":[{"floor":6,"key":"Centennial Puzzle"},{"floor":11,"key":"Pantograph"},{"floor":21,"key":"Red Mask"},{"floor":23,"key":"Kunai"},{"floor":26,"key":"Mercury Hourglass"},{"floor":27,"key":"White Beast Statue"},{"floor":40,"key":"Bottled Lightning"},{"floor":42,"key":"Ice Cream"},{"floor":43,"key":"Bag of Marbles"},{"floor":47,"key":"Prayer Wheel"},{"floor":48,"key":"Orichalcum"},{"floor":54,"key":"Ornamental Fan"}],"event_choices":[{"damage_healed":0,"gold_gain":75,"player_choice":"Gather Gold","damage_taken":11,"max_hp_gain":0,"max_hp_loss":0,"event_name":"World of Goop","floor":4,"gold_loss":0},{"damage_healed":0,"gold_gain":0,"player_choice":"Fought Bandits","damage_taken":0,"max_hp_gain":0,"max_hp_loss":0,"event_name":"Masked Bandits","floor":21,"gold_loss":0},{"damage_healed":0,"gold_gain":0,"player_choice":"Opened","damage_taken":0,"relics_obtained":["Meat on the Bone"],"max_hp_gain":0,"max_hp_loss":0,"event_name":"The Mausoleum","floor":29,"gold_loss":0,"cards_obtained":["Writhe"]},{"damage_healed":0,"gold_gain":0,"player_choice":"Fight","damage_taken":0,"max_hp_gain":0,"max_hp_loss":0,"event_name":"Mysterious Sphere","floor":42,"gold_loss":0}],"is_beta":false,"boss_relics":[{"not_picked":["SacredBark","Sozu"],"picked":"AdministrixMod:ElixirOfImmorality"},{"not_picked":["Calling Bell","Coffee Dripper"],"picked":"AdministrixMod:BloodSoakedVeil"}],"items_purged_floors":[38,53],"is_endless":false,"potions_floor_spawned":[1,2,11,12,16,18,20,24,25,27,30,31,33,35,36,37,39,40,42,44,46,47,54],"killed_by":"The Heart","ascension_level":0}}