{"host":"tq6qmx9nj4kgfpqr","time":1610854318,"event":{"mods":["AchievementEnabler","Bard","BaseMod","Bestiary","Better Match","Better Third Choice","ChefMod","Colored Map","Colored Powertips","Gremlin Skip","Hermit","Minty Spire (QoL Compilation)","Quarter Circle Forward PUNCH!","Quick Restart","READ ME - Guardian Mod","Somnambulant","StSLib","The Bladedancer","The Blue Laboratory","The Construct","The Cursed","The Juggle","The Poker Player","The Sage"],"gold_per_floor":[119,194,194,170,170,205,220,251,298,328,355,390,98,133,133,228,228,242,222,256,281,299,334,334,366,391,421,25,25,25,100,100,195,195,215,227,275,275,294,294,294,294,294,327,361,8,35,69,69,69],"floor_reached":51,"language":"ENG","playtime":6626,"items_purged":[],"score":1574,"play_id":"d67e475b-eb47-4f40-962b-193119c08f1e","local_time":"20210116223158","daily_mods":["SealedDeck","Colorless Cards","Heirloom","Time Dilation","Flight","DeadlyEvents","Elite Swarm"],"is_ascension_mode":false,"campfire_choices":[{"data":"blademaster:AspectOfLightning","floor":15.0,"key":"SMITH"},{"data":"blademaster:AspectOfWind","floor":24.0,"key":"SMITH"},{"data":"blademaster:Sharpen","floor":29.0,"key":"SMITH"},{"data":"blademaster:Sharpen","floor":30.0,"key":"SMITH"},{"data":"blademaster:CombatPrep","floor":32,"key":"SMITH"},{"data":"1","floor":40,"key":"LIFT"},{"data":"2","floor":41,"key":"LIFT"},{"data":"3","floor":42,"key":"LIFT"},{"data":"blademaster:Stability","floor":49,"key":"SMITH"}],"circlet_count":0,"master_deck":["blademaster:CombatPrep+1","blademaster:DaggerAndCloak","blademaster:DaggerAndCloak","blademaster:Frontflip","blademaster:LeechingStrike+1","blademaster:Safeguard+1","blademaster:Sharpen+1","blademaster:AspectOfLightning+1","blademaster:Sharpen+1","blademaster:Stability+1","blademaster:AspectOfWind+1","blademaster:LeechingStrike+1","blademaster:AwakeningStrike+1","blademaster:Cut","blademaster:Stability+1"],"relics":["blademaster:DancersAmulet","Torii","qcfpunch:Wrestler\u0027s_Cloak","Toy Ornithopter","Art of War","qcfpunch:Red_Gi","TungstenRod","Pen Nib","Nunchaku","Lee\u0027s Waffle","qcfpunch:Red_Beret","construct:ClawGrip","Blood Vial","Centennial Puzzle","Matryoshka","qcfpunch:Black_Training_Shirt","MealTicket","Strawberry","Boot","Bag of Preparation","Kunai","Coffee Dripper","Girya","Ancient Tea Set","Orichalcum","Regal Pillow","Frozen Egg 2","Dead Branch","Mummified Hand","Meat on the Bone"],"acts_visited":["Exordium","TheCity","TheBeyond"],"potions_floor_usage":[33,50,50],"damage_taken":[{"damage":0.0,"enemies":"Small Slimes","floor":1.0,"turns":3.0},{"damage":1.0,"enemies":"Gremlin Nob","floor":6.0,"turns":3.0},{"damage":0.0,"enemies":"2 Louse","floor":7.0,"turns":3.0},{"damage":0.0,"enemies":"3 Sentries","floor":8.0,"turns":5.0},{"damage":0.0,"enemies":"Lagavulin","floor":10.0,"turns":3.0},{"damage":0.0,"enemies":"Gremlin Nob","floor":11.0,"turns":3.0},{"damage":0.0,"enemies":"Lagavulin","floor":12.0,"turns":3.0},{"damage":0.0,"enemies":"3 Sentries","floor":14.0,"turns":4.0},{"damage":0.0,"enemies":"The Guardian","floor":16.0,"turns":3.0},{"damage":0.0,"enemies":"Shell Parasite","floor":18.0,"turns":2.0},{"damage":0.0,"enemies":"Book of Stabbing","floor":20.0,"turns":3.0},{"damage":0.0,"enemies":"Slavers","floor":21.0,"turns":3.0},{"damage":0.0,"enemies":"Spheric Guardian","floor":22.0,"turns":3.0},{"damage":0.0,"enemies":"Gremlin Leader","floor":23.0,"turns":3.0},{"damage":0.0,"enemies":"Slavers","floor":25.0,"turns":3.0},{"damage":0.0,"enemies":"Book of Stabbing","floor":27.0,"turns":2.0},{"damage":0,"enemies":"Automaton","floor":33,"turns":4},{"damage":0,"enemies":"Orb Walker","floor":35,"turns":2},{"damage":0,"enemies":"3 Darklings","floor":36,"turns":2},{"damage":0,"enemies":"2 Orb Walkers","floor":37,"turns":2},{"damage":0,"enemies":"Transient","floor":39,"turns":4},{"damage":0,"enemies":"Reptomancer","floor":44,"turns":2},{"damage":0,"enemies":"Giant Head","floor":45,"turns":2},{"damage":0,"enemies":"Nemesis","floor":47,"turns":2},{"damage":0,"enemies":"Giant Head","floor":48,"turns":1},{"damage":0,"enemies":"Time Eater","floor":50,"turns":3}],"seed_played":"5889358058150495160","potions_obtained":[{"floor":6.0,"key":"PowerPotion"},{"floor":7.0,"key":"blueLaboratory:ForbiddenFruitJuice"},{"floor":14.0,"key":"blueLaboratory:HummingbirdPotion"},{"floor":16.0,"key":"EssenceOfSteel"},{"floor":19.0,"key":"PowerPotion"},{"floor":22.0,"key":"ColorlessPotion"},{"floor":35,"key":"blueLaboratory:BubblePotion"},{"floor":36,"key":"blueLaboratory:BottleOfVodka"},{"floor":37,"key":"blueLaboratory:BottleOfRum"}],"is_trial":true,"path_per_floor":["M","?","?","$","?","E","M","E","T","E","E","E","$","E","R","B",null,"M","?","E","E","M","E","R","E","T","E","$","R","R","?","R","B",null,"M","M","?","?","M","R","R","R","T","E","E","$","E","E","R","B",null],"character_chosen":"THE_BLADEMASTER","items_purchased":["blademaster:Stability","Nunchaku","Lee\u0027s Waffle","Bag of Preparation","Kunai","Dead Branch","blademaster:Stability+1"],"campfire_rested":0,"item_purchase_floors":[4,13,13,28,28,46,46],"current_hp_per_floor":[75,64,64,64,49,58,68,73,73,75,75,75,82,82,82,82,82,82,82,82,82,82,82,82,82,89,89,89,89,89,82,82,89,89,89,89,89,89,89,89,89,89,89,89,89,89,89,89,89,89],"gold":69,"neow_bonus":"","is_daily":false,"chose_seed":false,"campfire_upgraded":6,"win_rate":0.0,"timestamp":1610854318,"path_taken":["M","?","?","$","?","E","?","E","T","E","E","E","$","E","R","BOSS","M","?","?","?","?","E","R","E","T","E","$","R","R","?","R","BOSS","M","?","?","?","?","R","R","R","T","E","E","$","?","?","R","BOSS"],"items_purchased_type":["Card","Relic","Relic","Relic","Relic","Relic","Card"],"build_version":"2020-12-22","purchased_purges":0,"victory":true,"max_hp_per_floor":[75,75,75,75,75,75,75,75,75,75,75,75,82,82,82,82,82,82,82,82,82,82,82,82,82,89,89,89,89,89,89,89,89,89,89,89,89,89,89,89,89,89,89,89,89,89,89,89,89,89],"card_choices":[{"not_picked":["blademaster:DancingEdge","Trip","blademaster:Quickstep"],"picked":"SKIP","floor":1.0},{"not_picked":["blademaster:HighVoltage","blademaster:Flash","Mayhem"],"picked":"SKIP","floor":6.0},{"not_picked":["blademaster:TraverseCut","blademaster:ParryingStrike"],"picked":"blademaster:AspectOfWind","floor":7.0},{"not_picked":["blademaster:ColdBlood","Violence","blademaster:CloudOfSteel"],"picked":"SKIP","floor":8.0},{"not_picked":["Thinking Ahead","Master of Strategy","blademaster:FlockOfBlades"],"picked":"SKIP","floor":10.0},{"not_picked":["Secret Weapon","Secret Technique","blademaster:ThreePointStrike"],"picked":"SKIP","floor":11.0},{"not_picked":["blademaster:ThreePointStrike","Secret Weapon","Sadistic Nature"],"picked":"SKIP","floor":12.0},{"not_picked":["Violence","blademaster:UnrelentingWind","blademaster:Flash"],"picked":"SKIP","floor":14.0},{"not_picked":["blademaster:Slice","blademaster:AwakeningStrike"],"picked":"blademaster:LeechingStrike+1","floor":18.0},{"not_picked":["blademaster:Empower","blademaster:BladeDance","Chrysalis"],"picked":"SKIP","floor":20.0},{"not_picked":["blademaster:RagingBlow","blademaster:ColdBlood","blademaster:Empower"],"picked":"SKIP","floor":21.0},{"not_picked":["blademaster:Quickstep","Swift Strike"],"picked":"blademaster:AwakeningStrike+1","floor":22.0},{"not_picked":["blademaster:ColdBlood","blademaster:FuryOfTheElements","Panache"],"picked":"SKIP","floor":23.0},{"not_picked":["Secret Technique","blademaster:RagingBlow","blademaster:StanceMastery"],"picked":"SKIP","floor":25.0},{"not_picked":["blademaster:BladeDance","HandOfGreed","Metamorphosis"],"picked":"SKIP","floor":27.0},{"not_picked":["blademaster:Sunder+1","blademaster:DaggerAndCloak+1"],"picked":"blademaster:Cut","floor":35},{"not_picked":["blademaster:AirSlash","blademaster:BrainBloom","Good Instincts"],"picked":"SKIP","floor":36},{"not_picked":["blademaster:AncestralHealing+1","Enlightenment+1","blademaster:AspectOfLightning+1"],"picked":"SKIP","floor":39},{"not_picked":["blademaster:AncestralHealing+1","Enlightenment+1","blademaster:AspectOfLightning+1"],"picked":"SKIP","floor":39},{"not_picked":["blademaster:LightningDraw","blademaster:FuryOfTheElements","Violence"],"picked":"SKIP","floor":44},{"not_picked":["Secret Technique","blademaster:FuryOfTheElements","Transmutation"],"picked":"SKIP","floor":45},{"not_picked":["blademaster:ColdBlood+1","blademaster:FuryOfTheElements","blademaster:CloudOfSteel"],"picked":"SKIP","floor":47},{"not_picked":["Sadistic Nature+1","blademaster:RagingBlow","Secret Weapon"],"picked":"SKIP","floor":48}],"player_experience":220885,"relics_obtained":[{"floor":6.0,"key":"qcfpunch:Wrestler\u0027s_Cloak"},{"floor":6.0,"key":"blademaster:ComboEveryTurnPerk"},{"floor":8.0,"key":"Toy Ornithopter"},{"floor":8.0,"key":"blademaster:BleedingLaceratePerk"},{"floor":9.0,"key":"Art of War"},{"floor":10.0,"key":"qcfpunch:Red_Gi"},{"floor":10.0,"key":"blademaster:FuryEveryTurnPerk"},{"floor":11.0,"key":"TungstenRod"},{"floor":11.0,"key":"blademaster:FinisherDrawCardPerk"},{"floor":12.0,"key":"Pen Nib"},{"floor":12.0,"key":"blademaster:StrongPerk"},{"floor":14.0,"key":"qcfpunch:Red_Beret"},{"floor":14.0,"key":"blademaster:BonusFuryPerk"},{"floor":20.0,"key":"Blood Vial"},{"floor":20.0,"key":"blademaster:RandomBladePerk"},{"floor":21.0,"key":"Centennial Puzzle"},{"floor":21.0,"key":"blademaster:LightningChargePerk"},{"floor":23.0,"key":"Matryoshka"},{"floor":23.0,"key":"blademaster:BonusComboPerk"},{"floor":25.0,"key":"qcfpunch:Black_Training_Shirt"},{"floor":25.0,"key":"blademaster:BleedingMoreDamagePerk"},{"floor":26.0,"key":"MealTicket"},{"floor":26.0,"key":"Strawberry"},{"floor":27.0,"key":"Boot"},{"floor":27.0,"key":"blademaster:DextrousPerk"},{"floor":37,"key":"Girya"},{"floor":37,"key":"blademaster:WindChargePerk"},{"floor":43,"key":"Ancient Tea Set"},{"floor":43,"key":"Orichalcum"},{"floor":44,"key":"Regal Pillow"},{"floor":44,"key":"blademaster:StanceHealPerk"},{"floor":45,"key":"Frozen Egg 2"},{"floor":45,"key":"blademaster:RandomStancePerk"},{"floor":47,"key":"Mummified Hand"},{"floor":47,"key":"blademaster:OnAttackedChargePerk"},{"floor":48,"key":"Meat on the Bone"}],"event_choices":[{"damage_healed":0.0,"max_hp_gain":0.0,"max_hp_loss":0.0,"gold_gain":75.0,"event_name":"betterThird:BetterGoop","player_choice":"Gold","floor":2.0,"gold_loss":0.0,"damage_taken":11.0},{"damage_healed":0.0,"max_hp_gain":0.0,"max_hp_loss":0.0,"gold_gain":0.0,"event_name":"Golden Wing","player_choice":"Ignored","floor":3.0,"gold_loss":0.0,"damage_taken":0.0},{"damage_healed":64.0,"max_hp_gain":0.0,"max_hp_loss":75.0,"gold_gain":0.0,"event_name":"betterThird:BetterShining","player_choice":"Upgrade","floor":5.0,"gold_loss":0.0,"damage_taken":15.0,"cards_upgraded":["blademaster:LeechingStrike","blademaster:Safeguard"]},{"damage_healed":0.0,"max_hp_gain":0.0,"max_hp_loss":0.0,"gold_gain":0.0,"event_name":"The Woman in Blue","player_choice":"Bought 1 Potion","floor":19.0,"gold_loss":0.0,"damage_taken":0.0},{"damage_healed":0,"gold_gain":75,"player_choice":"Touch","damage_taken":8,"max_hp_gain":0,"max_hp_loss":0,"event_name":"FaceTrader","floor":31,"gold_loss":0},{"damage_healed":0,"gold_gain":0,"player_choice":"Fight","damage_taken":0,"max_hp_gain":0,"max_hp_loss":0,"event_name":"Mysterious Sphere","floor":37,"gold_loss":0},{"cards_removed":["blademaster:Stability"],"damage_healed":0,"gold_gain":0,"player_choice":"Removed Power","damage_taken":0,"max_hp_gain":0,"max_hp_loss":0,"event_name":"Falling","floor":38,"gold_loss":0}],"is_beta":false,"boss_relics":[{"not_picked":["Velvet Choker","Tiny House"],"picked":"construct:ClawGrip"},{"not_picked":["qcfpunch:Killian_Engine_Alpha","Runic Dome"],"picked":"Coffee Dripper"}],"items_purged_floors":[],"is_endless":false,"potions_floor_spawned":[6,7,14,16,18,22,23,35,36,37],"ascension_level":0}}