{"host":"vyjryxuuuxkt43k4","time":1610883264,"event":{"mods":["AchievementEnabler","BaseMod","Colored Map","DeckTracker","Keyboard Shortcuts","Minty Spire (QoL Compilation)","Permanent Neow","Quick Restart","StSLib","SuperFastMode","everything is the same but u backflip on backflip"],"gold_per_floor":[10,10,10,25,45,45,72,72,98,98,98,98,116,142,142,237,237,248,265,45,55,72,72,102,102,102],"floor_reached":25,"language":"KOR","playtime":1746,"items_purged":["Strike_R"],"score":332,"play_id":"9d9ce5f9-f076-486d-8c92-ce9cb560a612","local_time":"20210117203424","is_ascension_mode":true,"campfire_choices":[{"data":"Searing Blow","floor":6,"key":"SMITH"},{"data":"Searing Blow+1","floor":8,"key":"SMITH"},{"data":"Searing Blow+2","floor":10,"key":"SMITH"},{"data":"Searing Blow+3","floor":12,"key":"SMITH"},{"data":"Searing Blow+4","floor":15,"key":"SMITH"},{"floor":23,"key":"REST"}],"circlet_count":0,"master_deck":["AscendersBane","Defend_R","Defend_R","Defend_R","Defend_R","Bash","Searing Blow+5","Cleave","Combust","Seeing Red","Armaments","Berserk","Armaments+1","Disarm+1","Battle Trance","Impervious","Infernal Blade+1","Rupture"],"relics":["Black Blood","Lantern","Anchor","Odd Mushroom","Orrery","The Courier"],"acts_visited":["Exordium","TheCity"],"potions_floor_usage":[7,16,16,21,22],"damage_taken":[{"damage":7,"enemies":"Small Slimes","floor":1,"turns":5},{"damage":6,"enemies":"Cultist","floor":4,"turns":4},{"damage":15,"enemies":"Jaw Worm","floor":5,"turns":4},{"damage":19,"enemies":"Gremlin Nob","floor":7,"turns":3},{"damage":8,"enemies":"3 Louse","floor":13,"turns":3},{"damage":21,"enemies":"The Mushroom Lair","floor":14,"turns":3},{"damage":23,"enemies":"Slime Boss","floor":16,"turns":8},{"damage":23,"enemies":"Spheric Guardian","floor":18,"turns":4},{"damage":52,"enemies":"Shell Parasite","floor":19,"turns":7},{"damage":5,"enemies":"Snecko","floor":21,"turns":5},{"damage":5,"enemies":"Centurion and Healer","floor":22,"turns":5},{"damage":46,"enemies":"Book of Stabbing","floor":24,"turns":7},{"damage":20,"enemies":"Chosen and Byrds","floor":25,"turns":6}],"seed_played":"-4349112248994807811","potions_obtained":[{"floor":1,"key":"SkillPotion"},{"floor":5,"key":"Strength Potion"},{"floor":13,"key":"BlessingOfTheForge"},{"floor":16,"key":"FearPotion"},{"floor":19,"key":"PowerPotion"}],"is_trial":false,"path_per_floor":["M","?","?","M","M","R","E","R","T","R","?","R","M","?","R","B",null,"M","M","$","M","M","R","E","M"],"character_chosen":"IRONCLAD","items_purchased":["Orrery"],"campfire_rested":1,"item_purchase_floors":[20],"current_hp_per_floor":[71,71,71,71,62,62,49,49,49,49,49,49,47,32,32,15,64,53,13,13,20,27,51,17,0,0],"gold":102,"neow_bonus":"REMOVE_TWO","is_daily":false,"chose_seed":false,"campfire_upgraded":5,"win_rate":0.0,"timestamp":1610883264,"path_taken":["M","?","?","?","M","R","E","R","T","R","?","R","M","?","R","BOSS","M","M","$","M","M","R","E","M"],"items_purchased_type":["Relic"],"build_version":"2020-12-22","purchased_purges":1,"victory":false,"max_hp_per_floor":[80,80,80,80,80,80,80,80,80,80,80,80,80,80,80,80,80,80,80,80,80,80,80,80,80,80],"card_choices":[{"not_picked":["Body Slam","Rage"],"picked":"Searing Blow","floor":1},{"not_picked":["Sever Soul","Intimidate"],"picked":"Combust","floor":4},{"not_picked":["Evolve","Flex"],"picked":"Seeing Red","floor":5},{"not_picked":["Hemokinesis","Heavy Blade","Clash"],"picked":"SKIP","floor":7},{"not_picked":["Cleave","Havoc","Body Slam"],"picked":"SKIP","floor":13},{"not_picked":["Iron Wave","Flex"],"picked":"Armaments","floor":14},{"not_picked":["Fiend Fire","Juggernaut"],"picked":"Berserk","floor":16},{"not_picked":["Dual Wield","True Grit"],"picked":"Armaments+1","floor":18},{"not_picked":["Wild Strike+1","Cleave","Iron Wave"],"picked":"SKIP","floor":19},{"not_picked":["Reckless Charge","Anger"],"picked":"Disarm+1","floor":20},{"not_picked":["Thunderclap","Cleave+1"],"picked":"Battle Trance","floor":20},{"not_picked":["Clothesline","Pummel"],"picked":"Impervious","floor":20},{"not_picked":["Perfected Strike","Impervious"],"picked":"Infernal Blade+1","floor":21},{"not_picked":["Headbutt","Havoc"],"picked":"Rupture","floor":22},{"not_picked":["Berserk","Twin Strike","Sword Boomerang"],"picked":"SKIP","floor":24}],"player_experience":409034,"relics_obtained":[{"floor":7,"key":"Lantern"},{"floor":9,"key":"Anchor"},{"floor":14,"key":"Odd Mushroom"},{"floor":24,"key":"The Courier"}],"event_choices":[{"cards_removed":["Strike_R"],"damage_healed":0,"gold_gain":0,"player_choice":"Forget","damage_taken":0,"max_hp_gain":0,"max_hp_loss":0,"event_name":"Living Wall","floor":2,"gold_loss":0},{"damage_healed":0,"gold_gain":0,"cards_transformed":["Strike_R"],"player_choice":"Transformed","damage_taken":0,"max_hp_gain":0,"max_hp_loss":0,"event_name":"Transmorgrifier","floor":3,"gold_loss":0,"cards_obtained":["Cleave"]},{"damage_healed":0,"gold_gain":0,"player_choice":"Ignored","damage_taken":0,"max_hp_gain":0,"max_hp_loss":0,"event_name":"Liars Game","floor":11,"gold_loss":0},{"damage_healed":0,"gold_gain":0,"player_choice":"Fought Mushrooms","damage_taken":0,"max_hp_gain":0,"max_hp_loss":0,"event_name":"Mushrooms","floor":14,"gold_loss":0}],"is_beta":false,"boss_relics":[{"not_picked":["SlaversCollar","Fusion Hammer"],"picked":"Black Blood"}],"items_purged_floors":[20],"is_endless":false,"potions_floor_spawned":[1,5,13,16,19],"killed_by":"Chosen and Byrds","ascension_level":10}}