{"host":"cjhtzh7tp54jdfyv","time":1610925395,"event":{"mods":["AchievementEnabler","BaseMod","Colored Map","Colored Powertips","Curses Come First","DeckTracker","Filter the Spire","Minty Spire (QoL Compilation)","RNG Fix","Relic Sorter","Relic Stats","StSLib","UnlockEverythingMod","ojb\u0027s Better Paths Mod","ojb\u0027s Info Mod"],"gold_per_floor":[163,163,178,192,267,267,308,376,428,444,479,495,14,14,14,104,104,120,160,203,226,267,267,325,368,368,17,55,91,91,152,152,254,308,369,382,382,150,150,181,181,221,290,290,389,389,269,343,343,418,443,443,443,35,93,93,93],"floor_reached":56,"language":"ENG","playtime":6568,"items_purged":["Defend_P","Defend_P","WindmillStrike","BowlingBash","Vengeance+1"],"score":2479,"play_id":"b0d7790b-02dc-407d-9da6-23e749f53f88","local_time":"20210117181635","is_ascension_mode":true,"campfire_choices":[{"data":"Eruption","floor":6.0,"key":"SMITH"},{"data":"Adaptation","floor":15.0,"key":"SMITH"},{"data":"Adaptation","floor":23.0,"key":"SMITH"},{"floor":30.0,"key":"DIG"},{"floor":32.0,"key":"DIG"},{"floor":41.0,"key":"RECALL"},{"floor":44.0,"key":"DIG"},{"floor":46.0,"key":"DIG"},{"floor":49.0,"key":"DIG"},{"floor":53.0,"key":"DIG"}],"circlet_count":0,"master_deck":["AscendersBane","Eruption+1","Vigilance+1","InnerPeace+1","Tantrum+1","Adaptation+1","Sanctity+1","HandOfGreed+1","Master of Strategy+1","LessonLearned+1","Adaptation+1","DeusExMachina+1","SashWhip+1","CutThroughFate+1","Dark Shackles+1"],"relics":["Tiny House","Golden Idol","Bottled Lightning","The Courier","PreservedInsect","War Paint","Frozen Eye","Philosopher\u0027s Stone","Pen Nib","Shovel","Meat on the Bone","Gremlin Horn","CeramicFish","White Beast Statue","Mango","Pandora\u0027s Box","Regal Pillow","Centennial Puzzle","Bag of Preparation","Mummified Hand","Vajra","Akabeko","FossilizedHelix","Ornamental Fan","Melange","Pantograph"],"acts_visited":["Exordium","TheCity","TheBeyond","TheEnding"],"potions_floor_usage":[56,56],"damage_taken":[{"damage":0.0,"enemies":"Cultist","floor":1.0,"turns":4.0},{"damage":11.0,"enemies":"2 Louse","floor":3.0,"turns":3.0},{"damage":2.0,"enemies":"Jaw Worm","floor":4.0,"turns":3.0},{"damage":28.0,"enemies":"Gremlin Nob","floor":7.0,"turns":4.0},{"damage":1.0,"enemies":"2 Fungi Beasts","floor":10.0,"turns":3.0},{"damage":4.0,"enemies":"3 Sentries","floor":11.0,"turns":4.0},{"damage":4.0,"enemies":"Red Slaver","floor":12.0,"turns":5.0},{"damage":0.0,"enemies":"Slime Boss","floor":16.0,"turns":5.0},{"damage":0.0,"enemies":"Chosen","floor":18.0,"turns":2.0},{"damage":0.0,"enemies":"Spheric Guardian","floor":19.0,"turns":2.0},{"damage":0.0,"enemies":"Shelled Parasite and Fungi","floor":20.0,"turns":2.0},{"damage":15.0,"enemies":"Snake Plant","floor":21.0,"turns":3.0},{"damage":16.0,"enemies":"Sentry and Sphere","floor":22.0,"turns":4.0},{"damage":20.0,"enemies":"Slavers","floor":24.0,"turns":4.0},{"damage":0.0,"enemies":"Snecko","floor":25.0,"turns":2.0},{"damage":0.0,"enemies":"3 Cultists","floor":28.0,"turns":2.0},{"damage":0.0,"enemies":"Gremlin Leader","floor":29.0,"turns":3.0},{"damage":0.0,"enemies":"Slavers","floor":31.0,"turns":1.0},{"damage":8.0,"enemies":"Collector","floor":33.0,"turns":4.0},{"damage":0.0,"enemies":"3 Shapes","floor":35.0,"turns":2.0},{"damage":0.0,"enemies":"3 Darklings","floor":36.0,"turns":1.0},{"damage":0.0,"enemies":"Giant Head","floor":40.0,"turns":3.0},{"damage":0.0,"enemies":"Reptomancer","floor":42.0,"turns":2.0},{"damage":0.0,"enemies":"4 Shapes","floor":45.0,"turns":2.0},{"damage":0.0,"enemies":"Jaw Worm Horde","floor":48.0,"turns":1.0},{"damage":0.0,"enemies":"Awakened One","floor":50.0,"turns":3.0},{"damage":18.0,"enemies":"Time Eater","floor":51.0,"turns":4.0},{"damage":7.0,"enemies":"Shield and Spear","floor":55.0,"turns":2.0},{"damage":85,"enemies":"The Heart","floor":56,"turns":3}],"seed_played":"-2103632933848933865","potions_obtained":[{"floor":0.0,"key":"SneckoOil"},{"floor":3.0,"key":"ColorlessPotion"},{"floor":4.0,"key":"Fruit Juice"},{"floor":12.0,"key":"EssenceOfSteel"},{"floor":16.0,"key":"DistilledChaos"},{"floor":19.0,"key":"SteroidPotion"},{"floor":24.0,"key":"Energy Potion"},{"floor":29.0,"key":"GamblersBrew"},{"floor":31.0,"key":"SteroidPotion"},{"floor":33.0,"key":"LiquidBronze"},{"floor":35.0,"key":"DistilledChaos"},{"floor":36.0,"key":"Strength Potion"},{"floor":40.0,"key":"Energy Potion"},{"floor":42.0,"key":"Block Potion"},{"floor":45.0,"key":"DistilledChaos"}],"is_trial":false,"path_per_floor":["M","?","M","M","?","R","E","T","T","M","E","M","$","?","R","B",null,"M","M","M","M","M","R","E","M","T","$","M","E","R","E","R","B",null,"M","M","?","$","?","E","R","E","T","R","M","R","$","M","R","B","B",null,"R","$","E","B"],"character_chosen":"WATCHER","items_purchased":["Frozen Eye","HandOfGreed","Master of Strategy","Meat on the Bone","Energy Potion","Centennial Puzzle","Melange","Ancient Potion","Dark Shackles"],"campfire_rested":0,"item_purchase_floors":[13,13,13,27,27,38,54,54,54],"current_hp_per_floor":[66,66,55,53,42,42,14,14,14,13,9,5,5,5,5,10,56,56,56,56,41,25,25,5,5,5,5,17,29,29,41,55,47,76,76,76,76,76,76,76,76,76,76,76,76,76,76,76,76,76,58,78,78,78,71,0,0],"gold":93,"neow_bonus":"BOSS_RELIC","is_daily":false,"chose_seed":false,"campfire_upgraded":3,"win_rate":0.0,"timestamp":1610925395,"path_taken":["M","?","M","M","?","R","E","?","T","M","E","M","$","?","R","BOSS","M","M","M","M","M","R","E","M","T","$","M","E","R","E","R","BOSS","M","M","?","$","?","E","R","E","T","R","M","R","$","M","R","BOSS","BOSS","R","$","E","BOSS"],"items_purchased_type":["Relic","Card","Card","Relic","Potion","Relic","Relic","Potion","Card"],"build_version":"2020-12-22","purchased_purges":5,"victory":false,"max_hp_per_floor":[73,66,66,66,66,66,66,66,66,66,66,66,66,66,66,71,71,71,71,71,71,71,71,71,71,71,71,71,71,71,71,85,85,85,85,85,85,85,85,85,85,85,85,85,85,85,85,85,85,85,85,85,85,85,85,85,85],"relic_stats":{"Regal Pillow":0,"Gremlin Horn":[19,19],"counters":[29,83],"Golden Idol":194,"CeramicFish":72,"Melange":[17],"PreservedInsect":434,"Pen Nib":[17],"Bag of Preparation":[14],"War Paint":["Defend_P","InnerPeace"],"Centennial Puzzle":[9],"Shovel":6,"Mummified Hand":[15],"Ornamental Fan":[32],"Pantograph":14,"Pandora\u0027s Box":["ForeignInfluence","SashWhip","Vengeance","CutThroughFate","WindmillStrike","Brilliance"],"obtain_stats":[{"Regal Pillow":37,"Tiny House":0,"Gremlin Horn":29,"CeramicFish":30,"Vajra":44,"Melange":54,"Mango":32,"Bag of Preparation":40,"Frozen Eye":13,"Centennial Puzzle":38,"Shovel":26,"Mummified Hand":42,"Pantograph":55,"Philosopher\u0027s Stone":17,"Golden Idol":2,"The Courier":8,"PreservedInsect":9,"Pen Nib":24,"War Paint":11,"White Beast Statue":31,"Akabeko":46,"Ornamental Fan":53,"Pandora\u0027s Box":34,"Bottled Lightning":7,"PureWater":0,"FossilizedHelix":49,"Meat on the Bone":27},{"Regal Pillow":21,"Tiny House":0,"Gremlin Horn":17,"CeramicFish":17,"Vajra":23,"Melange":27,"Mango":18,"Bag of Preparation":22,"Frozen Eye":7,"Centennial Puzzle":21,"Shovel":15,"Mummified Hand":23,"Pantograph":28,"Philosopher\u0027s Stone":8,"Golden Idol":1,"The Courier":4,"PreservedInsect":4,"Pen Nib":14,"War Paint":6,"White Beast Statue":18,"Akabeko":24,"Ornamental Fan":27,"Pandora\u0027s Box":19,"Bottled Lightning":4,"PureWater":0,"FossilizedHelix":25,"Meat on the Bone":15},{"Regal Pillow":63,"Tiny House":0,"Gremlin Horn":55,"CeramicFish":55,"Vajra":68,"Melange":78,"Mango":56,"Bag of Preparation":66,"Frozen Eye":26,"Centennial Puzzle":63,"Shovel":50,"Mummified Hand":68,"Pantograph":80,"Philosopher\u0027s Stone":31,"Golden Idol":4,"The Courier":14,"PreservedInsect":14,"Pen Nib":48,"War Paint":21,"White Beast Statue":56,"Akabeko":70,"Ornamental Fan":78,"Pandora\u0027s Box":60,"Bottled Lightning":14,"PureWater":0,"FossilizedHelix":71,"Meat on the Bone":50}],"Meat on the Bone":36},"card_choices":[{"not_picked":["Protect","CutThroughFate"],"picked":"InnerPeace","floor":0.0},{"not_picked":["EmptyMind","Perseverance"],"picked":"Tantrum","floor":1.0},{"not_picked":["WaveOfTheHand","Nirvana"],"picked":"BowlingBash","floor":3.0},{"not_picked":["Prostrate","Swivel","EmptyFist"],"picked":"SKIP","floor":4.0},{"not_picked":["EmptyBody","Establishment","EmptyFist"],"picked":"SKIP","floor":7.0},{"not_picked":["Meditate","Worship"],"picked":"Adaptation","floor":10.0},{"not_picked":["JustLucky","Swivel"],"picked":"Sanctity","floor":11.0},{"not_picked":["BowlingBash","ThirdEye","EmptyFist"],"picked":"SKIP","floor":12.0},{"not_picked":["Brilliance","Blasphemy"],"picked":"LessonLearned","floor":16.0},{"not_picked":["CarveReality","Indignation","DeceiveReality"],"picked":"SKIP","floor":18.0},{"not_picked":["ThirdEye","Study","FlyingSleeves+1"],"picked":"SKIP","floor":19.0},{"not_picked":["Perseverance","Swivel"],"picked":"Adaptation","floor":20.0},{"not_picked":["FlyingSleeves","ThirdEye+1","Protect"],"picked":"SKIP","floor":21.0},{"not_picked":["JustLucky","FlurryOfBlows","EmptyFist"],"picked":"SKIP","floor":22.0},{"not_picked":["Swivel","Sanctity","Vengeance"],"picked":"SKIP","floor":24.0},{"not_picked":["Swivel","Sanctity","Vengeance"],"picked":"SKIP","floor":24.0},{"not_picked":["FollowUp","EmptyBody","ThirdEye"],"picked":"SKIP","floor":25.0},{"not_picked":["BowlingBash","Evaluate","EmptyBody"],"picked":"SKIP","floor":28.0},{"not_picked":["Weave","Consecrate","BowlingBash"],"picked":"SKIP","floor":29.0},{"not_picked":["ClearTheMind","Brilliance","Consecrate"],"picked":"SKIP","floor":31.0},{"not_picked":["Alpha","Wish"],"picked":"DeusExMachina","floor":33.0},{"not_picked":["Evaluate+1","EmptyBody","ThirdEye"],"picked":"SKIP","floor":35.0},{"not_picked":["JustLucky","Evaluate","EmptyFist"],"picked":"SKIP","floor":36.0},{"not_picked":["Consecrate","PathToVictory","FollowUp+1"],"picked":"SKIP","floor":40.0},{"not_picked":["Wallop","Consecrate+1","Crescendo"],"picked":"SKIP","floor":42.0},{"not_picked":["Evaluate","SashWhip+1","WreathOfFlame"],"picked":"SKIP","floor":45.0},{"not_picked":["Evaluate","SashWhip+1","WreathOfFlame"],"picked":"SKIP","floor":45.0},{"not_picked":["Evaluate","SashWhip+1","WreathOfFlame"],"picked":"SKIP","floor":45.0},{"not_picked":["EmptyBody","Crescendo","CrushJoints+1"],"picked":"SKIP","floor":48.0},{"not_picked":["EmptyBody","Crescendo","CrushJoints+1"],"picked":"SKIP","floor":48.0},{"not_picked":["PathToVictory","Conclude","Protect"],"picked":"SKIP","floor":55.0}],"player_experience":4584390,"relics_obtained":[{"floor":7.0,"key":"Bottled Lightning"},{"floor":8.0,"key":"The Courier"},{"floor":9.0,"key":"PreservedInsect"},{"floor":11.0,"key":"War Paint"},{"floor":24.0,"key":"Pen Nib"},{"floor":26.0,"key":"Shovel"},{"floor":29.0,"key":"Gremlin Horn"},{"floor":30.0,"key":"CeramicFish"},{"floor":31.0,"key":"White Beast Statue"},{"floor":32.0,"key":"Mango"},{"floor":40.0,"key":"Bag of Preparation"},{"floor":42.0,"key":"Mummified Hand"},{"floor":44.0,"key":"Vajra"},{"floor":46.0,"key":"Akabeko"},{"floor":49.0,"key":"FossilizedHelix"},{"floor":53.0,"key":"Ornamental Fan"},{"floor":55.0,"key":"Pantograph"}],"event_choices":[{"damage_healed":0.0,"max_hp_gain":0.0,"max_hp_loss":7.0,"gold_gain":0.0,"event_name":"Golden Idol","player_choice":"Lose Max HP","floor":2.0,"gold_loss":0.0,"damage_taken":0.0,"relics_obtained":["Golden Idol"]},{"damage_healed":0.0,"max_hp_gain":0.0,"max_hp_loss":0.0,"gold_gain":75.0,"event_name":"World of Goop","player_choice":"Gather Gold","floor":5.0,"gold_loss":0.0,"damage_taken":11.0},{"damage_healed":0.0,"max_hp_gain":0.0,"max_hp_loss":0.0,"gold_gain":0.0,"event_name":"Scrap Ooze","player_choice":"Fled","floor":14.0,"gold_loss":0.0,"damage_taken":0.0},{"cards_removed":["ForeignInfluence"],"damage_healed":0.0,"max_hp_gain":0.0,"max_hp_loss":0.0,"gold_gain":0.0,"event_name":"WeMeetAgain","player_choice":"Gave Card","floor":37.0,"gold_loss":0.0,"damage_taken":0.0,"relics_obtained":["Regal Pillow"]},{"cards_removed":["Brilliance"],"damage_healed":0.0,"max_hp_gain":0.0,"max_hp_loss":0.0,"gold_gain":0.0,"event_name":"Purifier","player_choice":"Purged","floor":39.0,"gold_loss":0.0,"damage_taken":0.0}],"is_beta":false,"boss_relics":[{"not_picked":["Cursed Key","Black Star"],"picked":"Philosopher\u0027s Stone"},{"not_picked":["Empty Cage","Busted Crown"],"picked":"Pandora\u0027s Box"}],"items_purged_floors":[13,27,38,47,54],"is_endless":false,"potions_floor_spawned":[3,4,12,16,19,24,29,31,33,35,36,40,42,45,48,55],"killed_by":"The Heart","ascension_level":20}}