{"host":"Zandorum","time":1610882047,"event":{"mods":["100% Spire Juice","2.2 Compatiblity","Act Like it!","Bard","BaseMod","Better Note","Hermit","Hubris","Jorbs\u0027s Wanderer Trilogy","Mimic Mod","Minty Spire (QoL Compilation)","Quick Restart","Rare Cards Sparkle","Reorder Act Four","Somnambulant","StSLib","The Cursed","The Disciple","The Hierophant","The Jungle","The Runesmith","TheVacant"],"gold_per_floor":[109,124,74,74,23,23,53,14,45,56,56,89,55,75,75,178,178,191,210,210,135,234,267,47,47,47,47,47,73,36,36,36],"floor_reached":31,"language":"ENG","playtime":1111,"items_purged":[],"score":267,"play_id":"d4ddedb5-1f6f-453e-ae5b-c70cf2f9162e","local_time":"20210117031407","is_ascension_mode":false,"campfire_choices":[{"data":"Redo","floor":6,"key":"SMITH"},{"data":"Zap","floor":11,"key":"SMITH"},{"data":"Double Energy","floor":15,"key":"SMITH"},{"floor":27,"key":"REST"}],"circlet_count":0,"master_deck":["Strike_B","Strike_B","Defend_B","Defend_B","Defend_B","Zap+1","Dualcast","Defragment","Consume","Redo+1","White Noise","Loop","Ball Lightning","Double Energy+1","Capacitor","Static Discharge","Hologram","Defragment","Zap","Chaos","Loop"],"relics":["Cracked Core","NeowsBlessing","Orichalcum","Dream Catcher","Lantern","Nuclear Battery","Regal Pillow","Juzu Bracelet","Blood Vial","hubris:Reverence"],"acts_visited":["Exordium","TheCity"],"potions_floor_usage":[16,16,18,23,29],"damage_taken":[{"damage":0,"enemies":"Cultist","floor":1,"turns":1},{"damage":0,"enemies":"Jaw Worm","floor":2,"turns":1},{"damage":9,"enemies":"3 Sentries","floor":7,"turns":2},{"damage":0,"enemies":"2 Louse","floor":9,"turns":4},{"damage":0,"enemies":"2 Louse","floor":10,"turns":2},{"damage":0,"enemies":"Red Slaver","floor":12,"turns":3},{"damage":7,"enemies":"Red Slaver","floor":14,"turns":2},{"damage":23,"enemies":"The Guardian","floor":16,"turns":6},{"damage":0,"enemies":"Spheric Guardian","floor":18,"turns":2},{"damage":25,"enemies":"3 Byrds","floor":19,"turns":4},{"damage":37,"enemies":"Gremlin Leader","floor":23,"turns":5},{"damage":43,"enemies":"Book of Stabbing","floor":29,"turns":4},{"damage":12,"enemies":"Snake Plant","floor":31,"turns":2}],"seed_played":"-3329407990480831252","potions_obtained":[{"floor":10,"key":"SteroidPotion"},{"floor":14,"key":"Strength Potion"},{"floor":16,"key":"AttackPotion"},{"floor":18,"key":"FearPotion"},{"floor":19,"key":"Energy Potion"}],"is_trial":false,"path_per_floor":["M","M","?","?","$","R","E","$","MIM","M","R","MIM","$","M","R","B",null,"M","M","?","?","?","E","$","?","T","R","$","E","$","M"],"character_chosen":"DEFECT","items_purchased":["Redo","Loop","Capacitor","Defragment","Juzu Bracelet","Loop"],"campfire_rested":1,"item_purchase_floors":[5,8,13,24,24,30],"current_hp_per_floor":[75,75,75,75,75,75,66,66,66,66,66,66,66,59,59,36,75,75,50,50,50,50,13,13,13,13,50,50,9,9,0,0],"gold":36,"neow_bonus":"THREE_ENEMY_KILL","is_daily":false,"chose_seed":false,"campfire_upgraded":3,"win_rate":0.0,"timestamp":1610882047,"path_taken":["M","?","?","?","$","R","E","$","MIM","M","R","?","$","?","R","BOSS","M","M","?","?","?","E","$","?","T","R","?","E","$","M"],"items_purchased_type":["Card","Card","Card","Card","Relic","Card"],"build_version":"2020-12-18","purchased_purges":0,"victory":false,"max_hp_per_floor":[75,75,75,75,75,75,75,75,75,75,75,75,75,75,75,75,75,75,75,75,75,75,75,75,75,75,75,75,75,75,75,75],"card_choices":[{"not_picked":["Rebound","BootSequence","Compile Driver"],"picked":"SKIP","floor":1},{"not_picked":["Streamline","Skim"],"picked":"Defragment","floor":2},{"not_picked":["Beam Cell","Go for the Eyes"],"picked":"White Noise","floor":7},{"not_picked":["Self Repair","Cold Snap"],"picked":"Ball Lightning","floor":10},{"not_picked":["Defragment","Sweeping Beam"],"picked":"Double Energy","floor":12},{"not_picked":["Sweeping Beam","Rebound","Compile Driver"],"picked":"SKIP","floor":14},{"not_picked":["Barrage","Lockon"],"picked":"Static Discharge","floor":18},{"not_picked":["Capacitor+1","Reprogram"],"picked":"Hologram","floor":19},{"not_picked":["Doom and Gloom","Recycle","Streamline"],"picked":"SKIP","floor":23},{"not_picked":["Sweeping Beam+1","Rebound"],"picked":"Chaos","floor":27},{"not_picked":["Turbo","Gash","Conserve Battery+1"],"picked":"SKIP","floor":29}],"player_experience":148998,"relics_obtained":[{"floor":7,"key":"Orichalcum"},{"floor":9,"key":"Dream Catcher"},{"floor":12,"key":"Lantern"},{"floor":23,"key":"Regal Pillow"},{"floor":26,"key":"Blood Vial"},{"floor":29,"key":"hubris:Reverence"}],"event_choices":[{"cards_removed":["Strike_B"],"damage_healed":0,"gold_gain":0,"player_choice":"Card Removal","damage_taken":0,"max_hp_gain":0,"max_hp_loss":0,"event_name":"The Cleric","floor":3,"gold_loss":50},{"damage_healed":0,"gold_gain":0,"cards_transformed":["Defend_B"],"player_choice":"Transformed","damage_taken":0,"max_hp_gain":0,"max_hp_loss":0,"event_name":"Transmorgrifier","floor":4,"gold_loss":0,"cards_obtained":["Consume"]},{"damage_healed":0,"gold_gain":0,"player_choice":"Ignored","damage_taken":0,"max_hp_gain":0,"max_hp_loss":0,"event_name":"betterNote:BetterNote","floor":20,"gold_loss":0,"cards_obtained":["Madness"]},{"cards_removed":["Strike_B"],"damage_healed":0,"gold_gain":0,"player_choice":"Gave Gold","damage_taken":0,"max_hp_gain":0,"max_hp_loss":0,"event_name":"Beggar","floor":21,"gold_loss":75},{"damage_healed":0,"gold_gain":99,"player_choice":"Stole From Cult","damage_taken":0,"max_hp_gain":0,"max_hp_loss":0,"event_name":"Nest","floor":22,"gold_loss":0},{"damage_healed":0,"gold_gain":0,"player_choice":"1 cards matched","damage_taken":0,"max_hp_gain":0,"max_hp_loss":0,"event_name":"Match and Keep!","floor":25,"gold_loss":0,"cards_obtained":["Zap"]}],"is_beta":true,"boss_relics":[{"not_picked":["Ectoplasm","Sozu"],"picked":"Nuclear Battery"}],"items_purged_floors":[],"is_endless":false,"potions_floor_spawned":[10,14,16,18,19],"killed_by":"Snake Plant","ascension_level":0}}