{"host":"7gewg82ormp6yt4e","time":1610878118,"event":{"mods":["BaseMod","Block Reminder","Colored Map","Colored Powertips","DeckTracker","Highlight Path","Minty Spire (QoL Compilation)","Relic Stats","StSLib","ojb\u0027s Info Mod"],"gold_per_floor":[54,87,125,275,275,275,15,65,65,107,107,165,165,240,240,344,344,361,413,455,505,505,534,534,534,586,613,661,699,699,114,114,114,114],"floor_reached":33,"language":"JPN","playtime":1741,"items_purged":["Doubt","Decay"],"score":603,"play_id":"0c4396d4-bda3-4ed5-a3f9-e29c2826df42","local_time":"20210117190838","is_ascension_mode":true,"campfire_choices":[{"data":"HandOfGreed","floor":6.0,"key":"SMITH"},{"data":"Rip and Tear","floor":11.0,"key":"SMITH"},{"data":"Chaos","floor":13.0,"key":"SMITH"},{"floor":15.0,"key":"REST"},{"floor":24,"key":"REST"},{"floor":25,"key":"REST"},{"floor":32,"key":"REST"}],"circlet_count":0,"master_deck":["AscendersBane","Strike_B","Strike_B","Strike_B","Strike_B","Defend_B","Defend_B+1","Defend_B","Defend_B","Zap","Dualcast+1","HandOfGreed+1","Cold Snap","Rebound","Conserve Battery","Rip and Tear+1","Chaos+1","Coolheaded","Auto Shields","Electrodynamics","Hologram+1","Barrage+1","Capacitor","Compile Driver+1","Defragment","Cold Snap","Violence"],"relics":["Cracked Core","Turnip","WingedGreaves","HornCleat","Nuclear Battery","Red Mask","Happy Flower","Nunchaku","War Paint","Strange Spoon"],"acts_visited":["Exordium","TheCity"],"potions_floor_usage":[19,23,27,33,33],"damage_taken":[{"damage":0.0,"enemies":"Small Slimes","floor":1.0,"turns":3.0},{"damage":4.0,"enemies":"Jaw Worm","floor":2.0,"turns":3.0},{"damage":8.0,"enemies":"2 Louse","floor":3.0,"turns":4.0},{"damage":24.0,"enemies":"Lagavulin","floor":8.0,"turns":5.0},{"damage":10.0,"enemies":"Looter","floor":10.0,"turns":3.0},{"damage":11.0,"enemies":"Gremlin Nob","floor":12.0,"turns":3.0},{"damage":2.0,"enemies":"Hexaghost","floor":16.0,"turns":7.0},{"damage":9.0,"enemies":"2 Thieves","floor":18.0,"turns":2.0},{"damage":12,"enemies":"Masked Bandits","floor":19,"turns":3},{"damage":10,"enemies":"Spheric Guardian","floor":20,"turns":4},{"damage":43,"enemies":"Slavers","floor":23,"turns":8},{"damage":23,"enemies":"Book of Stabbing","floor":27,"turns":5},{"damage":10,"enemies":"Snake Plant","floor":29,"turns":3},{"damage":45,"enemies":"Collector","floor":33,"turns":5}],"seed_played":"7994476240548940303","potions_obtained":[{"floor":1.0,"key":"Strength Potion"},{"floor":2.0,"key":"Fruit Juice"},{"floor":8.0,"key":"PowerPotion"},{"floor":16.0,"key":"Dexterity Potion"},{"floor":18.0,"key":"Regen Potion"},{"floor":19,"key":"FearPotion"}],"is_trial":false,"path_per_floor":["M","M","M","?","?","R","$","E","T","M","R","E","R","?","R","B",null,"M","?","M","?","?","E","R","R","T","E","T","M","?","$","R","B"],"character_chosen":"DEFECT","items_purchased":["Fire Potion","Rip and Tear","Chaos","Violence","Strange Spoon","GamblersBrew","Energy Potion"],"campfire_rested":4,"item_purchase_floors":[7,7,7,31,31,31,31],"current_hp_per_floor":[64,60,52,52,57,57,62,38,38,28,28,17,17,6,30,28,68,59,56,46,46,46,3,27,51,51,28,28,18,18,18,42,0,0],"gold":114,"neow_bonus":"RANDOM_COLORLESS_2","is_daily":false,"chose_seed":false,"campfire_upgraded":3,"win_rate":0.0,"timestamp":1610878118,"path_taken":["M","M","M","?","?","R","$","E","T","M","R","E","R","?","R","BOSS","M","?","M","?","?","E","R","R","T","E","?","?","?","$","R","BOSS"],"items_purchased_type":["Potion","Card","Card","Card","Relic","Potion","Potion"],"build_version":"2020-12-22","purchased_purges":2,"victory":false,"max_hp_per_floor":[71,71,71,71,76,76,81,81,81,81,81,81,81,81,81,81,81,81,81,81,81,81,81,81,81,81,81,81,81,81,81,81,81,81],"relic_stats":{"Strange Spoon":[1],"Nunchaku":[1],"Happy Flower":[4],"counters":[14,58],"Turnip":[12],"War Paint":["Dualcast","Defend_B"],"obtain_stats":[{"Strange Spoon":31,"Nunchaku":27,"HornCleat":12,"Happy Flower":23,"Turnip":8,"WingedGreaves":9,"Red Mask":19,"War Paint":28,"Cracked Core":0,"Nuclear Battery":17},{"Strange Spoon":13,"Nunchaku":12,"HornCleat":6,"Happy Flower":11,"Turnip":4,"WingedGreaves":4,"Red Mask":9,"War Paint":12,"Cracked Core":0,"Nuclear Battery":7},{"Strange Spoon":53,"Nunchaku":50,"HornCleat":21,"Happy Flower":45,"Turnip":15,"WingedGreaves":15,"Red Mask":33,"War Paint":50,"Cracked Core":0,"Nuclear Battery":28}]},"card_choices":[{"not_picked":["Secret Weapon","Secret Technique"],"picked":"HandOfGreed","floor":0.0},{"not_picked":["Rebound","Auto Shields"],"picked":"Cold Snap","floor":1.0},{"not_picked":["Auto Shields","Capacitor"],"picked":"Rebound","floor":2.0},{"not_picked":["Steam Power","Lockon"],"picked":"Conserve Battery","floor":3.0},{"not_picked":["Auto Shields","Go for the Eyes"],"picked":"Coolheaded","floor":8.0},{"not_picked":["Compile Driver","White Noise"],"picked":"Auto Shields","floor":10.0},{"not_picked":["Amplify","Static Discharge","BootSequence"],"picked":"SKIP","floor":12.0},{"not_picked":["Meteor Strike","Seek"],"picked":"Electrodynamics","floor":16.0},{"not_picked":["Static Discharge","Reinforced Body"],"picked":"Hologram+1","floor":18.0},{"not_picked":["Leap","Conserve Battery"],"picked":"Barrage+1","floor":19},{"not_picked":["Redo","Steam","Melter"],"picked":"SKIP","floor":20},{"not_picked":["Redo","Steam","Melter"],"picked":"SKIP","floor":20},{"not_picked":["Redo","Skim"],"picked":"Compile Driver+1","floor":23},{"not_picked":["Seek","BootSequence"],"picked":"Defragment","floor":27},{"not_picked":["Conserve Battery","Coolheaded"],"picked":"Cold Snap","floor":29}],"player_experience":2599603,"relics_obtained":[{"floor":8.0,"key":"Turnip"},{"floor":9.0,"key":"WingedGreaves"},{"floor":12.0,"key":"HornCleat"},{"floor":19,"key":"Red Mask"},{"floor":23,"key":"Happy Flower"},{"floor":27,"key":"Nunchaku"},{"floor":28,"key":"War Paint"}],"event_choices":[{"damage_healed":0.0,"max_hp_gain":0.0,"max_hp_loss":0.0,"gold_gain":150.0,"event_name":"Liars Game","player_choice":"AGREE","floor":4.0,"gold_loss":0.0,"damage_taken":0.0,"cards_obtained":["Doubt"]},{"damage_healed":0.0,"max_hp_gain":5.0,"max_hp_loss":0.0,"gold_gain":0.0,"event_name":"Big Fish","player_choice":"Donut","floor":5.0,"gold_loss":0.0,"damage_taken":0.0},{"damage_healed":0.0,"max_hp_gain":0.0,"max_hp_loss":0.0,"gold_gain":75.0,"event_name":"World of Goop","player_choice":"Gather Gold","floor":14.0,"gold_loss":0.0,"damage_taken":11.0},{"damage_healed":0,"gold_gain":0,"player_choice":"Fought Bandits","damage_taken":0,"max_hp_gain":0,"max_hp_loss":0,"event_name":"Masked Bandits","floor":19,"gold_loss":0},{"damage_healed":0,"gold_gain":50,"player_choice":"Stole From Cult","damage_taken":0,"max_hp_gain":0,"max_hp_loss":0,"event_name":"Nest","floor":21,"gold_loss":0},{"damage_healed":0,"gold_gain":0,"player_choice":"Read","damage_taken":0,"max_hp_gain":0,"max_hp_loss":0,"event_name":"The Library","floor":22,"gold_loss":0,"cards_obtained":["Capacitor"]},{"damage_healed":0,"gold_gain":0,"player_choice":"Smashed Altar","damage_taken":0,"max_hp_gain":0,"max_hp_loss":0,"event_name":"Forgotten Altar","floor":30,"gold_loss":0,"cards_obtained":["Decay"]}],"is_beta":false,"boss_relics":[{"not_picked":["Sozu","Philosopher\u0027s Stone"],"picked":"Nuclear Battery"}],"items_purged_floors":[7,31],"is_endless":false,"potions_floor_spawned":[1,2,8,16,18,19],"killed_by":"Collector","ascension_level":20}}