{"host":"ojezjkpqju62j8xy","time":1610888643,"event":{"mods":["ATMod(°¢èªMod)","Act Like it!","Aspiration","BaseMod","Conspire","Minty Spire (QoL Compilation)","Pale of the Ancients","Replay The Spire","Spicy Shops","StSLib","¡¾ÒÅÎï¿¨ÅÆ¡¿REMEMod","²ÐÁôÖ®Îï"],"gold_per_floor":[111,130,150,162,8,8,283,309,309,325,335,365,365,375,375,452,452,465,475,92,92,134,234,234,284,284,391,15,15,70,144,144,244,244,287,487,104,241,329,380,43,43,292,328,379,421,421,665,665,665,665],"floor_reached":50,"language":"ZHS","playtime":5450,"items_purged":["Regret","Spreading Infection"],"score":1446,"play_id":"2ce89881-66de-404c-86bc-98d1df9f3510","local_time":"20210117210403","is_ascension_mode":true,"campfire_choices":[{"floor":6.0,"key":"RECALL"},{"data":"PlaceholderMod:StressReaction","floor":15.0,"key":"SMITH"},{"floor":29,"key":"REST"},{"data":"PlaceholderMod:ReactionCatalyze","floor":32,"key":"SMITH"},{"data":"PlaceholderMod:GrowthForm","floor":42,"key":"SMITH"},{"data":"Amnesia","floor":49,"key":"PURGE"}],"circlet_count":0,"master_deck":["AscendersBane","PlaceholderMod:BaseStrike","PlaceholderMod:BaseStrike","PlaceholderMod:BaseStrike","PlaceholderMod:BaseStrike","PlaceholderMod:BaseStrike","PlaceholderMod:BaseDefend","PlaceholderMod:BaseDefend","PlaceholderMod:BaseDefend","PlaceholderMod:BaseDefend","PlaceholderMod:BaseDefend","PlaceholderMod:Crystal","PlaceholderMod:PoisonWhip","AT_MachinaRedman+1","Hyperbeam","PlaceholderMod:StressReaction+1","PlaceholderMod:HealingAttack","PlaceholderMod:StressReaction+1","PlaceholderMod:SpinBlade","PlaceholderMod:Polyp","PlaceholderMod:SprayAttack","PlaceholderMod:Hyperplasia","PlaceholderMod:AttackAsDefend","PlaceholderMod:DoublePoint","PlaceholderMod:Stable+1","PlaceholderMod:DirectingGroup","PlaceholderMod:StressReaction+1","PlaceholderMod:StressReaction","PlaceholderMod:SprayAttack+1","PlaceholderMod:UnpureUse","PlaceholderMod:ReactionCatalyze+1","PlaceholderMod:Sweep+1","PlaceholderMod:CycleAttack+1","PlaceholderMod:FastReaction","PlaceholderMod:GrowthForm+1","PlaceholderMod:Internalization","Writhe","PlaceholderMod:Colorful","PlaceholderMod:PoisonBlast","PlaceholderMod:Hyperplasia","PlaceholderMod:StressReaction+1","PlaceholderMod:ParasiteChange","PlaceholderMod:Colorful","Sickly","PlaceholderMod:FastReaction+1","PlaceholderMod:SelfCoupling+1","PlaceholderMod:ParasiteChange"],"relics":["PlaceholderMod:Tancle","AT_ATBox","REME_ComplimentaryCards","AT_ArcaneBoots","AT_Kusabimaru","ReplayTheSpireMod:TigerMarble","Cursed Key","AT_MibuBalloonWealth","HandDrill","AT_GuinsooRageblade","White Beast Statue","REME_HourglassOfDeath","Toy Ornithopter","AT_SeraphEmbrace","Sling","ReplayTheSpireMod:CursedCoin","Replay:Kaleidoscope","War Paint","REME_DemonsWealth","aspiration:Lifesprig","Onion Ring","AT_ForceNature","Simple Rune","Golden Egg"],"acts_visited":["Exordium","TheCity","TheBeyond"],"potions_floor_usage":[22,25,30,31,33,33,37,50,50],"damage_taken":[{"damage":0.0,"enemies":"Cultist","floor":1.0,"turns":2.0},{"damage":0.0,"enemies":"2 Louse","floor":2.0,"turns":1.0},{"damage":1.0,"enemies":"conspire:RoseBush","floor":3.0,"turns":2.0},{"damage":0.0,"enemies":"3 Louse","floor":4.0,"turns":2.0},{"damage":0.0,"enemies":"3 Sentries","floor":8.0,"turns":3.0},{"damage":11.0,"enemies":"Blue Slaver","floor":10.0,"turns":4.0},{"damage":5.0,"enemies":"Exordium Thugs","floor":11.0,"turns":2.0},{"damage":0.0,"enemies":"Gremlin Nob","floor":12.0,"turns":2.0},{"damage":3.0,"enemies":"Red Slaver","floor":14.0,"turns":3.0},{"damage":3.0,"enemies":"Slime Boss","floor":16.0,"turns":2.0},{"damage":0.0,"enemies":"3 Byrds","floor":18.0,"turns":2.0},{"damage":0.0,"enemies":"Shell Parasite","floor":19.0,"turns":2.0},{"damage":26,"enemies":"conspire:HollyBat","floor":22,"turns":7},{"damage":24,"enemies":"Slavers","floor":23,"turns":3},{"damage":0,"enemies":"REME_1_Revenger","floor":25,"turns":2},{"damage":4,"enemies":"Slavers","floor":27,"turns":3},{"damage":21,"enemies":"Book of Stabbing","floor":30,"turns":4},{"damage":0,"enemies":"Snake Plant","floor":31,"turns":2},{"damage":2,"enemies":"Champ","floor":33,"turns":6},{"damage":0,"enemies":"Orb Walker","floor":35,"turns":2},{"damage":0,"enemies":"3 Darklings","floor":38,"turns":2},{"damage":0,"enemies":"Sphere and 2 Shapes","floor":39,"turns":1},{"damage":0,"enemies":"Nemesis","floor":40,"turns":3},{"damage":0,"enemies":"Spire Growth","floor":44,"turns":3},{"damage":0,"enemies":"R_Hoarder","floor":45,"turns":6},{"damage":1,"enemies":"Maw","floor":46,"turns":4},{"damage":0,"enemies":"Transient","floor":48,"turns":5},{"damage":119,"enemies":"Time Eater","floor":50,"turns":8}],"seed_played":"4025039468486437075","potions_obtained":[{"floor":2.0,"key":"SkillPotion"},{"floor":4.0,"key":"Milkshake"},{"floor":11.0,"key":"PowerPotion"},{"floor":14.0,"key":"FearPotion"},{"floor":25,"key":"BlessingOfTheForge"},{"floor":27,"key":"BlessingOfTheForge"},{"floor":30,"key":"REME_GoldPotion"},{"floor":31,"key":"Toxic Potion"},{"floor":33,"key":"conspire:TimeTravelPotion"},{"floor":35,"key":"REME_GoldPotion"},{"floor":38,"key":"LifebloodPotion"},{"floor":45,"key":"Strength Potion"}],"is_trial":false,"path_per_floor":["M","M","M","M","$","R","?","E","T","M","M","E","?","M","R","B",null,"M","M","$","?","M","E","?","E","T","E","$","R","E","M","R","B",null,"M","?","$","M","M","E","$","R","T","M","E","M","?","M","R","B"],"character_chosen":"THE_PLACEHOLDER","items_purchased":["AT_SpeedBoots","AT_MibuBalloonWealth","PlaceholderMod:StressReaction","HandDrill","AT_ArchangelStaff","Sling","ReplayTheSpireMod:CursedCoin","Replay:Kaleidoscope","aspiration:Lifesprig","PlaceholderMod:Colorful","PlaceholderMod:PoisonBlast","AT_ForceNature","PlaceholderMod:Colorful"],"campfire_rested":1,"item_purchase_floors":[5,20,20,20,28,28,28,28,37,37,37,41,41],"current_hp_per_floor":[77,77,76,76,76,76,76,76,76,65,60,60,60,64,64,61,79,83,85,85,85,69,45,45,45,45,41,41,66,57,62,62,79,84,84,84,85,85,85,85,85,85,85,85,85,84,84,85,85,0,0],"gold":665,"neow_bonus":"TEN_PERCENT_HP_BONUS","is_daily":false,"chose_seed":false,"campfire_upgraded":3,"win_rate":0.0,"timestamp":1610888643,"path_taken":["M","?","M","?","$","R","?","E","T","M","?","E","?","M","R","BOSS","M","M","$","?","M","E","?","E","T","E","$","R","E","M","R","BOSS","M","?","$","M","M","E","?","R","T","?","E","M","?","M","R","BOSS"],"items_purchased_type":["Relic","Relic","Card","Relic","Relic","Relic","Relic","Relic","Relic","Card","Card","Relic","Card"],"build_version":"2020-12-22","purchased_purges":2,"victory":false,"max_hp_per_floor":[85,85,85,85,85,85,85,85,85,85,85,85,85,85,85,85,85,85,85,85,85,85,85,85,85,85,85,85,85,85,85,85,85,85,85,85,85,85,85,85,85,85,85,85,85,85,85,85,85,85,85],"card_choices":[{"not_picked":["PlaceholderMod:Turn","PlaceholderMod:SprayAttack"],"picked":"PlaceholderMod:StressReaction","floor":1.0},{"not_picked":["PlaceholderMod:Internalization","PlaceholderMod:DissolvingSpikes"],"picked":"PlaceholderMod:HealingAttack","floor":2.0},{"not_picked":["PlaceholderMod:SprayAttack","PlaceholderMod:Sweep"],"picked":"PlaceholderMod:StressReaction","floor":3.0},{"not_picked":["PlaceholderMod:HornyBlast","PlaceholderMod:TriggerStrike"],"picked":"PlaceholderMod:SpinBlade","floor":4.0},{"not_picked":["PlaceholderMod:Turn","PlaceholderMod:SubstitutionNucleophilic1"],"picked":"PlaceholderMod:Polyp","floor":8.0},{"not_picked":["PlaceholderMod:ChainPoly","PlaceholderMod:PoisonExcitation"],"picked":"PlaceholderMod:SprayAttack","floor":10.0},{"not_picked":["PlaceholderMod:EvolutionSpray","PlaceholderMod:OHStrongAttack"],"picked":"PlaceholderMod:Hyperplasia","floor":11.0},{"not_picked":["PlaceholderMod:MultiReaction","PlaceholderMod:Internalization"],"picked":"PlaceholderMod:AttackAsDefend","floor":12.0},{"not_picked":["PlaceholderMod:SelectReaction","PlaceholderMod:HornyBlast"],"picked":"PlaceholderMod:SprayAttack","floor":14.0},{"not_picked":["PlaceholderMod:Assimilation","PlaceholderMod:PericyclicReaction"],"picked":"PlaceholderMod:DoublePoint","floor":16.0},{"not_picked":["PlaceholderMod:HighConcentration","PlaceholderMod:PoisonExcitation"],"picked":"PlaceholderMod:Stable+1","floor":18.0},{"not_picked":["PlaceholderMod:Polyp","PlaceholderMod:InnerStable"],"picked":"PlaceholderMod:DirectingGroup","floor":19.0},{"not_picked":["PlaceholderMod:SevereHeat","PlaceholderMod:HardStrike"],"picked":"PlaceholderMod:SprayAttack+1","floor":22},{"not_picked":["PlaceholderMod:StrongAcid","PlaceholderMod:ConsolidateHit+1"],"picked":"PlaceholderMod:UnpureUse","floor":23},{"not_picked":["PlaceholderMod:HornyBlast","PlaceholderMod:SevereHeat"],"picked":"PlaceholderMod:ReactionCatalyze","floor":25},{"not_picked":["PlaceholderMod:ProliferateStrike","PlaceholderMod:HornyBlast"],"picked":"PlaceholderMod:Sweep+1","floor":27},{"not_picked":["PlaceholderMod:EvolutionSpray+1","PlaceholderMod:Stratification"],"picked":"PlaceholderMod:CycleAttack+1","floor":30},{"not_picked":["PlaceholderMod:SprayAttack","PlaceholderMod:PoisonExcitation"],"picked":"PlaceholderMod:FastReaction","floor":31},{"not_picked":["PlaceholderMod:MultiReaction","PlaceholderMod:InnerSoften"],"picked":"PlaceholderMod:GrowthForm","floor":33},{"not_picked":["PlaceholderMod:StrongAcid","PlaceholderMod:AttackAsDefend+1","Normality"],"picked":"PlaceholderMod:Internalization","floor":35},{"not_picked":["PlaceholderMod:PoisonExcitation","PlaceholderMod:MultipleOxi","Voices"],"picked":"PlaceholderMod:Hyperplasia","floor":38},{"not_picked":["PlaceholderMod:ConsolidateHit+1","PlaceholderMod:AngryAttack","ReplayTheSpireMod:Splinters"],"picked":"PlaceholderMod:StressReaction+1","floor":39},{"not_picked":["PlaceholderMod:ProliferateStrike+1","PlaceholderMod:InnerStable","Delirium"],"picked":"PlaceholderMod:ParasiteChange","floor":40},{"not_picked":["PlaceholderMod:Sweep+1","PlaceholderMod:HornyBlast","Delirium"],"picked":"PlaceholderMod:FastReaction+1","floor":44},{"not_picked":["PlaceholderMod:InnerStable+1","PlaceholderMod:Sweep","Injury"],"picked":"PlaceholderMod:SelfCoupling","floor":45},{"not_picked":["PlaceholderMod:ChainPoly","PlaceholderMod:SpinBlade","Shame"],"picked":"PlaceholderMod:ParasiteChange","floor":46},{"not_picked":["PlaceholderMod:TriggerStrike+1","PlaceholderMod:SpinBlade+1","PlaceholderMod:ThreeBenzyolStart+1"],"picked":"Amnesia","floor":48}],"player_experience":1412731,"relics_obtained":[{"floor":8.0,"key":"AT_Kusabimaru"},{"floor":12.0,"key":"ReplayTheSpireMod:TigerMarble"},{"floor":23,"key":"AT_GuinsooRageblade"},{"floor":25,"key":"White Beast Statue"},{"floor":26,"key":"REME_HourglassOfDeath"},{"floor":27,"key":"Toy Ornithopter"},{"floor":30,"key":"War Paint"},{"floor":40,"key":"Onion Ring"},{"floor":43,"key":"Simple Rune"},{"floor":45,"key":"Golden Egg"}],"event_choices":[{"damage_healed":0.0,"max_hp_gain":0.0,"max_hp_loss":0.0,"gold_gain":275.0,"event_name":"Golden Shrine","player_choice":"Desecrate","floor":7.0,"gold_loss":0.0,"damage_taken":0.0,"cards_obtained":["Regret"]},{"damage_healed":0.0,"max_hp_gain":0.0,"max_hp_loss":0.0,"gold_gain":0.0,"event_name":"Living Wall","player_choice":"Grow","floor":13.0,"gold_loss":0.0,"damage_taken":0.0,"cards_upgraded":["AT_MachinaRedman"]},{"damage_healed":0.0,"max_hp_gain":0.0,"max_hp_loss":0.0,"gold_gain":0.0,"event_name":"Back to Basics","player_choice":"Simplicity","floor":21.0,"gold_loss":0.0,"damage_taken":0.0,"cards_upgraded":["PlaceholderMod:BaseStrike","PlaceholderMod:BaseStrike","PlaceholderMod:BaseStrike","PlaceholderMod:BaseStrike","PlaceholderMod:BaseStrike","PlaceholderMod:BaseDefend","PlaceholderMod:BaseDefend","PlaceholderMod:BaseDefend","PlaceholderMod:BaseDefend","PlaceholderMod:BaseDefend"]},{"damage_healed":0,"gold_gain":0,"player_choice":"Ignored","damage_taken":0,"max_hp_gain":0,"max_hp_loss":0,"event_name":"Vampires","floor":24,"gold_loss":0},{"damage_healed":0,"gold_gain":0,"cards_transformed":["ReplayTheSpireMod:Restless Dread"],"player_choice":"Transformed","damage_taken":0,"max_hp_gain":0,"max_hp_loss":0,"event_name":"Transmorgrifier","floor":36,"gold_loss":0,"cards_obtained":["Writhe"]},{"cards_removed":["PlaceholderMod:SprayAttack"],"damage_healed":0,"gold_gain":0,"player_choice":"Removed Attack","damage_taken":0,"max_hp_gain":0,"max_hp_loss":0,"event_name":"Falling","floor":47,"gold_loss":0}],"is_beta":false,"boss_relics":[{"not_picked":["Sozu","Replay:Drink Me"],"picked":"Cursed Key"},{"not_picked":["Replay:Bronze Core","Replay:Wanted Poster"],"picked":"REME_DemonsWealth"}],"items_purged_floors":[28,37],"is_endless":false,"potions_floor_spawned":[2,4,11,14,16,18,25,27,30,31,33,35,38,39,40,44,45,46,48],"killed_by":"Time Eater","ascension_level":15}}