{"host":"dtvgc7uk609653br","time":1610866274,"event":{"mods":["Arknights The Spire","BaseMod","Downfall","Hermit","Minty Spire (QoL Compilation)","Shade Mod","StSLib","The Bladedancer","The Druid"],"gold_per_floor":[117,134,134,80,80,80,111,128,151,151,167,167,142,153,153,251,251,271,283,283,283,298,333,333,352,352,371,371,371],"floor_reached":28,"language":"ENG","playtime":1265,"items_purged":[],"score":265,"play_id":"0c1a0f4a-5a99-460c-8d65-54b3f20ccc2a","local_time":"20210117015114","is_ascension_mode":false,"campfire_choices":[{"data":"ats:Ignite","floor":6,"key":"SMITH"},{"data":"ats:Flexible Camouflage","floor":12,"key":"SMITH"},{"floor":15,"key":"REST"},{"floor":24,"key":"REST"}],"circlet_count":0,"master_deck":["ats:Strike C","ats:Strike G","ats:Strike S","ats:Strike V","ats:Armor Crushing Shot","ats:Defend","ats:Defend","ats:Defend+1","ats:Defend","ats:Emotion Absorption+1","ats:Explosion Area Strengthen","ats:Poison Spread","ats:Ignite+1","ats:Flexible Camouflage+1","ats:Burning Ground","ats:Apocalypse","ats:Curse Doll","ats:Ambush","ats:Apocalypse","ats:Poison Spread+1","ats:Leaping Hammer"],"relics":["ats:Sanity","FaceOfCleric","ats:Originium","War Paint","Bag of Marbles","Sozu","Regal Pillow","Matryoshka"],"acts_visited":["Exordium","TheCity"],"potions_floor_usage":[7,16],"damage_taken":[{"damage":2,"enemies":"Small Slimes","floor":1,"turns":3},{"damage":2,"enemies":"2 Louse","floor":2,"turns":3},{"damage":22,"enemies":"3 Sentries","floor":7,"turns":5},{"damage":0,"enemies":"Cultist","floor":8,"turns":3},{"damage":8,"enemies":"2 Fungi Beasts","floor":11,"turns":3},{"damage":16,"enemies":"Exordium Thugs","floor":14,"turns":4},{"damage":69,"enemies":"Hexaghost","floor":16,"turns":10},{"damage":8,"enemies":"Shell Parasite","floor":18,"turns":4},{"damage":15,"enemies":"3 Byrds","floor":19,"turns":5},{"damage":19,"enemies":"Centurion and Healer","floor":22,"turns":6},{"damage":43,"enemies":"Gremlin Leader","floor":23,"turns":8},{"damage":18,"enemies":"Snecko","floor":25,"turns":6},{"damage":24,"enemies":"Chosen and Byrds","floor":27,"turns":7},{"damage":60,"enemies":"Slavers","floor":28,"turns":5}],"seed_played":"6956044796584554075","potions_obtained":[{"floor":1,"key":"AttackPotion"},{"floor":11,"key":"GamblersBrew"}],"is_trial":false,"path_per_floor":["M","M","?","$","?","R","E","M","T","?","M","R","$","M","R","B",null,"M","M","$","?","M","E","R","M","T","M","E"],"character_chosen":"DOCTOR_CLASS","items_purchased":["ats:Ignite","ats:Curse Doll"],"campfire_rested":2,"item_purchase_floors":[4,13],"current_hp_per_floor":[77,75,75,75,75,75,54,55,55,55,48,48,48,37,61,5,84,77,71,71,65,55,29,70,65,65,50,0,0],"gold":371,"neow_bonus":"TEN_PERCENT_HP_BONUS","is_daily":false,"chose_seed":false,"campfire_upgraded":2,"win_rate":0.0,"timestamp":1610866274,"path_taken":["M","M","?","$","?","R","E","?","T","?","M","R","?","M","R","BOSS","M","M","$","?","M","E","R","M","T","?","E"],"items_purchased_type":["Card","Card"],"build_version":"2020-12-22","purchased_purges":0,"victory":false,"max_hp_per_floor":[79,79,79,79,79,79,80,81,81,81,82,82,82,83,83,84,84,85,86,86,86,87,88,88,89,89,90,90,90],"card_choices":[{"not_picked":["ats:Part Time Job","ats:Thermite Blade"],"picked":"ats:Explosion Area Strengthen","floor":1},{"not_picked":["ats:Support Order","ats:Automatic Cover"],"picked":"ats:Poison Spread","floor":2},{"not_picked":["ats:Childhood Dance","ats:Poison Spread"],"picked":"ats:Flexible Camouflage","floor":7},{"not_picked":["ats:Red Shift","ats:Hook Shot"],"picked":"ats:Burning Ground","floor":8},{"not_picked":["ats:Durian","ats:Curse Doll"],"picked":"ats:Apocalypse","floor":11},{"not_picked":["ats:Curse Doll","ats:Explosion Area Strengthen","ats:Poison Spread"],"picked":"SKIP","floor":14},{"not_picked":["ats:Disruption Kick","ats:Roar Of Ursus"],"picked":"ats:Ambush","floor":16},{"not_picked":["ats:Flexible Camouflage","ats:Consecutive Shot Auto+1","ats:Apocalypse+1"],"picked":"SKIP","floor":18},{"not_picked":["ats:Automatic Cover+1","ats:Revitalization","ats:Consecutive Shot Auto"],"picked":"SKIP","floor":19},{"not_picked":["ats:Cat Scratch","ats:Flexible Camouflage"],"picked":"ats:Apocalypse","floor":22},{"not_picked":["ats:Childhood Dance","ats:Steam Pump"],"picked":"ats:Poison Spread+1","floor":23},{"not_picked":["ats:Hammer On+1","ats:Flexible Camouflage"],"picked":"ats:Leaping Hammer","floor":25},{"not_picked":["ats:Assault Order","ats:Explosion Area Strengthen+1","ats:Curse Doll+1"],"picked":"SKIP","floor":27}],"player_experience":549975,"relics_obtained":[{"floor":7,"key":"ats:Originium"},{"floor":7,"key":"War Paint"},{"floor":9,"key":"Bag of Marbles"},{"floor":23,"key":"ats:Originium"},{"floor":23,"key":"Regal Pillow"},{"floor":26,"key":"Matryoshka"}],"event_choices":[{"damage_healed":0,"gold_gain":0,"player_choice":"Ignored","damage_taken":0,"max_hp_gain":0,"max_hp_loss":0,"event_name":"Golden Idol","floor":3,"gold_loss":0},{"damage_healed":0,"gold_gain":0,"player_choice":"Trade","damage_taken":0,"relics_obtained":["FaceOfCleric"],"max_hp_gain":0,"max_hp_loss":0,"event_name":"FaceTrader","floor":5,"gold_loss":0},{"damage_healed":0,"gold_gain":0,"player_choice":"Ignored","damage_taken":0,"max_hp_gain":0,"max_hp_loss":0,"event_name":"NoteForYourself","floor":10,"gold_loss":0},{"damage_healed":0,"gold_gain":0,"player_choice":"","damage_taken":6,"max_hp_gain":0,"max_hp_loss":0,"event_name":"Knowing Skull","floor":21,"potions_obtained":[],"gold_loss":0,"cards_obtained":[]}],"is_beta":false,"boss_relics":[{"not_picked":["Philosopher\u0027s Stone","ats:Tactical Delivery"],"picked":"Sozu"}],"items_purged_floors":[],"is_endless":false,"potions_floor_spawned":[1,11,22,23,27],"killed_by":"Slavers","ascension_level":0}}