{"host":"3nces2ajq3sg92g2","time":1610852282,"event":{"mods":["ATMod(阿瑾Mod)","Alarm Clock","Arknights The Spire","Ascension Reborn","BaseMod","Colored Map","Conspire","Dota2Spire","Downfall","Minty Spire (QoL Compilation)","MostiFishMod","Quick Restart","Shop Mod","StSLib","TestMod","vexMod","【功能Mod】聪明的最终Boss","【遗物卡牌】REMEMod"],"gold_per_floor":[109,59,94,106,13,13,39,39,39,73,73,91,106,126,126,229,229,257,257,291,206,237,237,268,303,327,358,381,431,449,40,40,168,168,190,221,237,45,67,105,105,105,132,147,179,34,47,47,47,55],"floor_reached":51,"language":"ZHS","playtime":3761,"items_purged":[],"score":952,"play_id":"196c0cc6-187e-4c90-b7e5-04d0dc8e2799","local_time":"20210117105802","is_ascension_mode":true,"campfire_choices":[{"data":"Fusion","floor":6,"key":"SMITH"},{"data":"Zap","floor":15,"key":"SMITH"},{"data":"AT_FamilyPortrait","floor":23,"key":"SMITH"},{"data":"Capacitor","floor":32,"key":"SMITH"},{"data":"Buffer","floor":41,"key":"SMITH"},{"data":"Dualcast","floor":49,"key":"SMITH"}],"circlet_count":0,"master_deck":["Strike_B","Strike_B","Strike_B","Strike_B","Defend_B","Defend_B","Defend_B","Defend_B","Zap+1","Dualcast+1","Echo Form","AT_FamilyPortrait+1","Go for the Eyes","conspire:SpireCoStock","REME_Compress","Sweeping Beam","Fusion+1","Ball Lightning","Redo+1","Aggregate","Storm","AT_ThreeBodyProblem","Go for the Eyes","Electrodynamics","Chaos+1","Capacitor+1","Beam Cell","Darkness+1","White Noise+1","BootSequence+1","Ball Lightning","Self Repair","Doom and Gloom","Rainbow","MostiFishMod:FrostNova","MostiFishMod:WinterMarkForm","Aggregate+1","REME_SelfUpgrade","Tempest+1","Tempest","MostiFishMod:ReadyAimFire","Buffer+1","Leap","Stack+1","Rebound+1"],"relics":["Cracked Core","AT_ATBox","DaveBox","testmod-TestBox","REME_ComplimentaryCards","testmod-CasingShield","Civilization","SynthV:TestCard","conspire:Dentures","testmod-TurbochargingSystem","vexMod:BigBerry","testmod-ArcanaOfDestiny","AT_BladeRuinedKing","Dota2Spire:MagicBottle","testmod-Acrobat","Ornamental Fan","vexMod:Spyglass","AT_SunfireAegis","FrostBlade","War Paint","AT_RedTearstoneRing","Bronze Scales","Dota2Spire:LinkenSphere","vexMod:Cooldron"],"acts_visited":["Exordium","TheCity","TheBeyond"],"potions_floor_usage":[7,14,16,16,19,25,33,33,45,45,45,47,50,50,50,50],"damage_taken":[{"damage":5,"enemies":"2 Louse","floor":1,"turns":3},{"damage":0,"enemies":"Small Slimes","floor":3,"turns":3},{"damage":0,"enemies":"Cultist","floor":4,"turns":2},{"damage":0,"enemies":"3 Sentries","floor":7,"turns":2},{"damage":5,"enemies":"Gremlin Nob","floor":10,"turns":3},{"damage":0,"enemies":"Lots of Slimes","floor":12,"turns":3},{"damage":2,"enemies":"Large Slime","floor":13,"turns":2},{"damage":6,"enemies":"Exordium Thugs","floor":14,"turns":4},{"damage":30,"enemies":"Hexaghost","floor":16,"turns":5},{"damage":10,"enemies":"2 Thieves","floor":18,"turns":3},{"damage":0,"enemies":"conspire:FuzzyDice","floor":19,"turns":1},{"damage":15,"enemies":"Chosen and Byrds","floor":20,"turns":4},{"damage":0,"enemies":"Snake Plant","floor":22,"turns":2},{"damage":0,"enemies":"REME_1_Revenger","floor":24,"turns":2},{"damage":18,"enemies":"conspire:MimicChest","floor":25,"turns":4},{"damage":13,"enemies":"Slavers","floor":27,"turns":2},{"damage":0,"enemies":"Snecko","floor":28,"turns":2},{"damage":0,"enemies":"Centurion and Healer","floor":30,"turns":4},{"damage":13,"enemies":"conspire:MysteriousRune","floor":33,"turns":4},{"damage":0,"enemies":"Orb Walker","floor":35,"turns":3},{"damage":10,"enemies":"3 Darklings","floor":36,"turns":4},{"damage":0,"enemies":"4 Shapes","floor":37,"turns":3},{"damage":22,"enemies":"Spire Growth","floor":39,"turns":3},{"damage":0,"enemies":"Nemesis","floor":40,"turns":3},{"damage":2,"enemies":"Jaw Worm Horde","floor":44,"turns":2},{"damage":0,"enemies":"Reptomancer","floor":45,"turns":4},{"damage":0,"enemies":"3 Darklings","floor":47,"turns":3},{"damage":82,"enemies":"conspire:OrnateMirror","floor":50,"turns":4}],"seed_played":"-1194727796761388785","potions_obtained":[{"floor":1,"key":"FocusPotion"},{"floor":3,"key":"EssenceOfSteel"},{"floor":13,"key":"Energy Potion"},{"floor":14,"key":"testmod-SpacePotion"},{"floor":24,"key":"testmod-TimePotion"},{"floor":25,"key":"PotionOfCapacity"},{"floor":28,"key":"GamblersBrew"},{"floor":30,"key":"FocusPotion"},{"floor":36,"key":"bronze:BurnAndBuffPotion"},{"floor":40,"key":"FocusPotion"},{"floor":44,"key":"ColorlessPotion"},{"floor":47,"key":"EntropicBrew"}],"is_trial":false,"path_per_floor":["M","?","M","M","$","R","E","?","T","E","?","M","M","M","R","B",null,"M","M","M","?","M","R","E","?","T","E","M","?","M","$","R","B",null,"M","M","M","$","M","E","R","?","T","M","E","$","M","?","R","B",null],"character_chosen":"DEFECT","items_purchased":["Fusion","Ball Lightning","Self Repair","vexMod:Spyglass","AT_SunfireAegis","Doom and Gloom","War Paint","Tempest","vexMod:Cooldron"],"campfire_rested":0,"item_purchase_floors":[5,5,31,31,31,31,38,38,46],"current_hp_per_floor":[79,79,83,88,88,88,93,93,93,93,83,88,109,108,108,83,155,150,155,145,145,150,150,155,142,142,137,142,142,147,147,147,149,205,210,212,217,217,200,205,205,205,205,208,221,221,226,226,226,149],"gold":55,"neow_bonus":"TEN_PERCENT_HP_BONUS","is_daily":false,"chose_seed":false,"campfire_upgraded":6,"win_rate":0.0,"timestamp":1610852282,"path_taken":["M","?","M","M","$","R","E","?","T","E","?","M","M","M","R","BOSS","M","M","M","?","M","R","E","?","T","E","M","?","M","$","R","BOSS","M","M","M","?","M","E","R","?","T","?","E","$","M","?","R","BOSS"],"items_purchased_type":["Card","Card","Card","Relic","Relic","Card","Relic","Card","Relic"],"build_version":"2020-12-22","purchased_purges":0,"victory":true,"max_hp_per_floor":[84,84,88,93,93,93,98,98,98,103,103,108,115,120,120,125,155,160,165,170,170,175,175,180,185,185,190,195,195,200,200,200,205,205,210,215,220,220,225,230,230,230,230,235,240,240,245,245,245,250],"card_choices":[{"not_picked":["AT_EMC2","Ball Lightning"],"picked":"Go for the Eyes","floor":1},{"not_picked":["REME_DataAnalysis","Streamline","MostiFishMod:ReprogramOld","Darkness"],"picked":"REME_Compress","floor":3},{"not_picked":["Leap","Stack","AT_ThunderBolt","AT_HeatAcrobatics"],"picked":"Sweeping Beam","floor":4},{"not_picked":["AT_WarpDrive","Lockon","REME_SelfUpgrade","Hologram"],"picked":"Redo","floor":7},{"not_picked":["AT_DarkMatter","REME_Compress","Consume","FTL"],"picked":"Aggregate","floor":10},{"not_picked":["MostiFishMod:ReprogramOld","Redo","Doom and Gloom","Seek"],"picked":"Storm","floor":12},{"not_picked":["Streamline","AT_HeatAcrobatics","Defragment","Barrage"],"picked":"AT_ThreeBodyProblem","floor":13},{"not_picked":["Gash","Blizzard","Barrage","AT_DarkMatter"],"picked":"Go for the Eyes","floor":14},{"not_picked":["MostiFishMod:SeaWaves","MostiFishMod:Nova","MostiFishMod:IntelligentEquipment","Fission"],"picked":"Electrodynamics","floor":16},{"not_picked":["Fusion","MostiFishMod:PushDownKick","Hologram","MostiFishMod:ReprogramOld"],"picked":"Chaos","floor":18},{"not_picked":["Coolheaded+1","conspire:Rain","Skim","Go for the Eyes"],"picked":"Capacitor","floor":20},{"not_picked":["Force Field+1","Redo","conspire:Rain","Doom and Gloom"],"picked":"Beam Cell","floor":22},{"not_picked":["REME_DataAnalysis+1","Hologram","Go for the Eyes","MostiFishMod:DeathFromBelow"],"picked":"Darkness+1","floor":24},{"not_picked":["Coolheaded","conspire:Rain","Conserve Battery","Hologram"],"picked":"Cold Snap","floor":25},{"not_picked":["Stack","Reinforced Body","AT_HeatAcrobatics","Defragment"],"picked":"White Noise","floor":27},{"not_picked":["Scrape+1","Steam Power+1","MostiFishMod:PushDownKick","Redo"],"picked":"BootSequence+1","floor":28},{"not_picked":["Stack","conspire:Rain","Barrage","Go for the Eyes"],"picked":"Ball Lightning","floor":30},{"not_picked":["Electrodynamics","Reboot","MostiFishMod:SeaWaves","MostiFishMod:Tomorrow"],"picked":"Rainbow","floor":33},{"not_picked":["Gash+1","Beam Cell+1","REME_Compress+1","Ball Lightning"],"picked":"Aggregate+1","floor":35},{"not_picked":["Hologram+1","Cold Snap","Conserve Battery+1","AT_ThreeBodyProblem+1"],"picked":"REME_SelfUpgrade","floor":36},{"not_picked":["Hologram","Compile Driver+1","AT_HeatAcrobatics+1","Sweeping Beam+1"],"picked":"Tempest+1","floor":37},{"not_picked":["Gash+1","Fusion+1","Redo+1","Cold Snap","Go for the Eyes+1"],"picked":"MostiFishMod:ReadyAimFire","floor":39},{"not_picked":["Hologram+1","Ball Lightning","Coolheaded","Streamline"],"picked":"Buffer","floor":40},{"not_picked":["Steam","Barrage","Beam Cell+1","Conserve Battery","Redo"],"picked":"Leap","floor":44},{"not_picked":["Steam Power","Sweeping Beam","Skim+1","Heatsinks+1","Fusion"],"picked":"Stack+1","floor":45},{"not_picked":["Melter+1","MostiFishMod:LinkProtocol","MostiFishMod:PushDownKick","Stack","Steam"],"picked":"Rebound+1","floor":47}],"player_experience":48742,"relics_obtained":[{"floor":1,"key":"SynthV:TestCard"},{"floor":7,"key":"conspire:Dentures"},{"floor":10,"key":"testmod-TurbochargingSystem"},{"floor":24,"key":"AT_BladeRuinedKing"},{"floor":25,"key":"Dota2Spire:MagicBottle"},{"floor":26,"key":"testmod-Acrobat"},{"floor":27,"key":"Ornamental Fan"},{"floor":40,"key":"AT_RedTearstoneRing"},{"floor":43,"key":"Bronze Scales"},{"floor":45,"key":"Dota2Spire:LinkenSphere"}],"event_choices":[{"damage_healed":0,"gold_gain":0,"player_choice":"Invest 1","damage_taken":0,"max_hp_gain":0,"max_hp_loss":0,"event_name":"conspire:Investor","floor":2,"gold_loss":0},{"damage_healed":0,"gold_gain":0,"player_choice":"Grow","damage_taken":0,"max_hp_gain":0,"max_hp_loss":0,"event_name":"Living Wall","floor":8,"gold_loss":0,"cards_upgraded":["Redo"]},{"damage_healed":0,"gold_gain":0,"player_choice":"Ignored","damage_taken":10,"max_hp_gain":0,"max_hp_loss":0,"event_name":"恩洛斯的盘子","floor":11,"gold_loss":0},{"damage_healed":0,"gold_gain":0,"player_choice":"Obtained Relic","damage_taken":0,"relics_obtained":["testmod-ArcanaOfDestiny"],"max_hp_gain":0,"max_hp_loss":0,"event_name":"Addict","floor":21,"gold_loss":85},{"damage_healed":0,"gold_gain":100,"player_choice":"Bet on Murderer","damage_taken":0,"max_hp_gain":0,"max_hp_loss":0,"event_name":"The Joust","floor":29,"gold_loss":50},{"cards_removed":["Cold Snap"],"damage_healed":0,"gold_gain":0,"player_choice":"Removed Attack","damage_taken":0,"max_hp_gain":0,"max_hp_loss":0,"event_name":"Falling","floor":42,"gold_loss":0},{"damage_healed":0,"gold_gain":0,"player_choice":"Ignored","damage_taken":0,"max_hp_gain":0,"max_hp_loss":0,"event_name":"给自己的盒子","floor":48,"gold_loss":0}],"is_beta":false,"boss_relics":[{"not_picked":["MostiFishMod:Hod","Calling Bell"],"picked":"vexMod:BigBerry"},{"not_picked":["vexMod:DeviousBotling","Empty Cage"],"picked":"FrostBlade"}],"items_purged_floors":[],"is_endless":false,"potions_floor_spawned":[1,3,13,14,19,24,25,28,30,36,40,44,47],"ascension_level":1}}