{"host":"5icjlaq41ghjcr7h","time":1610867764,"event":{"mods":["AchievementEnabler","BaseMod","Colored Map","Minty Spire (QoL Compilation)","SuperFastMode","everything is the same but u backflip on backflip"],"gold_per_floor":[115,115,190,190,210,241,255,255,255,266,278,296,314,341,341,341,341],"floor_reached":16,"language":"KOR","playtime":500,"items_purged":[],"score":125,"play_id":"63de08ad-374e-445b-b707-37883924eb04","local_time":"20210117161604","is_ascension_mode":true,"campfire_choices":[{"data":"Body Slam","floor":8,"key":"SMITH"},{"floor":15,"key":"REST"}],"circlet_count":0,"master_deck":["Strike_R","Strike_R","Strike_R","Strike_R","Defend_R","Defend_R","Defend_R","Bash","Second Wind","Seeing Red","Body Slam+1","Pommel Strike","Entrench","Power Through"],"relics":["Burning Blood","CaptainsWheel","Matryoshka","Art of War"],"acts_visited":["Exordium"],"potions_floor_usage":[5,6,7,10,10,10,10,10,10,10,11],"damage_taken":[{"damage":0,"enemies":"2 Louse","floor":1,"turns":2},{"damage":14,"enemies":"Jaw Worm","floor":5,"turns":4},{"damage":17,"enemies":"Gremlin Nob","floor":6,"turns":5},{"damage":1,"enemies":"Cultist","floor":7,"turns":3},{"damage":2,"enemies":"Lots of Slimes","floor":10,"turns":3},{"damage":13,"enemies":"Red Slaver","floor":11,"turns":4},{"damage":6,"enemies":"2 Fungi Beasts","floor":12,"turns":4},{"damage":17,"enemies":"Gremlin Gang","floor":13,"turns":4},{"damage":52,"enemies":"3 Sentries","floor":14,"turns":11},{"damage":40,"enemies":"Hexaghost","floor":16,"turns":9}],"seed_played":"-8486746705313343028","potions_obtained":[{"floor":4,"key":"EntropicBrew"},{"floor":4,"key":"Explosive Potion"},{"floor":4,"key":"ColorlessPotion"},{"floor":5,"key":"HeartOfIron"},{"floor":6,"key":"LiquidBronze"},{"floor":10,"key":"Regen Potion"}],"is_trial":false,"path_per_floor":["M","?","?","?","M","E","M","R","T","M","M","M","M","E","R","B"],"character_chosen":"IRONCLAD","items_purchased":[],"campfire_rested":1,"item_purchase_floors":[],"current_hp_per_floor":[80,73,62,62,54,43,48,48,48,68,70,70,59,13,37,0,0],"gold":341,"neow_bonus":"REMOVE_CARD","is_daily":false,"chose_seed":false,"campfire_upgraded":1,"win_rate":0.0,"timestamp":1610867764,"path_taken":["M","?","?","?","M","E","M","R","T","M","M","?","M","E","R","BOSS"],"items_purchased_type":[],"build_version":"2020-12-22","purchased_purges":0,"victory":false,"max_hp_per_floor":[80,80,80,80,80,80,80,80,80,80,80,80,80,80,80,80,80],"card_choices":[{"not_picked":["Body Slam","Headbutt"],"picked":"Second Wind","floor":1},{"not_picked":["Evolve","Warcry"],"picked":"Seeing Red","floor":5},{"not_picked":["Brutality","Uppercut"],"picked":"Body Slam","floor":6},{"not_picked":["Warcry","Searing Blow","Perfected Strike"],"picked":"SKIP","floor":7},{"not_picked":["Thunderclap","Heavy Blade","Clash"],"picked":"SKIP","floor":10},{"not_picked":["Thunderclap","Pommel Strike","Intimidate"],"picked":"SKIP","floor":11},{"not_picked":["Clothesline","Headbutt"],"picked":"Pommel Strike","floor":12},{"not_picked":["Perfected Strike","Shrug It Off"],"picked":"Entrench","floor":13},{"not_picked":["Uppercut","True Grit"],"picked":"Power Through","floor":14}],"player_experience":142592,"relics_obtained":[{"floor":6,"key":"CaptainsWheel"},{"floor":9,"key":"Matryoshka"},{"floor":14,"key":"Art of War"}],"event_choices":[{"cards_removed":["Strike_R"],"damage_healed":0,"gold_gain":0,"player_choice":"Card Removal","damage_taken":7,"max_hp_gain":0,"max_hp_loss":0,"event_name":"Golden Wing","floor":2,"gold_loss":0},{"damage_healed":0,"gold_gain":75,"player_choice":"Gather Gold","damage_taken":11,"max_hp_gain":0,"max_hp_loss":0,"event_name":"World of Goop","floor":3,"gold_loss":0},{"damage_healed":0,"gold_gain":0,"player_choice":"Got Potions","damage_taken":0,"max_hp_gain":0,"max_hp_loss":0,"event_name":"Lab","floor":4,"gold_loss":0}],"is_beta":false,"boss_relics":[],"items_purged_floors":[],"is_endless":false,"potions_floor_spawned":[5,6,10],"killed_by":"Hexaghost","ascension_level":2}}