{"host":"2zw05eexjythz74b","time":1610861583,"event":{"mods":["AchievementEnabler","BaseMod","Better Altar","Colored Map","Minty Spire (QoL Compilation)","StSLib","everything is the same but u backflip on backflip"],"gold_per_floor":[118,128,128,141,153,153,169,204,204,204,220,220,241,257,257,383,383,399,62,62,80,99,133,151,151,176,209,221,233,269,281,293,433,445,477,502,514,191,204,204,204,204,204,204,204,243,266,290,290,290],"floor_reached":51,"language":"ENG","playtime":2030,"items_purged":["Regret"],"score":830,"play_id":"faaa63e7-94cd-4a3a-bb36-bfcb08756803","local_time":"20210116233303","is_ascension_mode":true,"campfire_choices":[{"data":"Defragment","floor":6,"key":"SMITH"},{"floor":12,"key":"REST"},{"data":"Buffer","floor":15,"key":"SMITH"},{"floor":29,"key":"REST"},{"data":"Apotheosis","floor":32,"key":"SMITH"},{"data":"Mayhem","floor":40,"key":"SMITH"},{"data":"Amplify","floor":42,"key":"SMITH"},{"data":"Loop","floor":44,"key":"SMITH"},{"floor":49,"key":"REST"}],"circlet_count":0,"master_deck":["Zap","Dualcast","Buffer+1","Defragment+1","Genetic Algorithm","Conserve Battery","Loop","Auto Shields","Electrodynamics","Reboot+1","Chill+1","Redo","Lockon","Apotheosis+1","Defragment+1","Amplify+1","Sweeping Beam","Leap","Loop+1","Capacitor","Compile Driver","Mayhem+1"],"relics":["Cracked Core","Regal Pillow","Bag of Preparation","Golden Idol","Astrolabe","DataDisk","MawBank","Pandora\u0027s Box","Happy Flower","HornCleat","Toxic Egg 2"],"acts_visited":["Exordium","TheCity","TheBeyond"],"potions_floor_usage":[18,22,23,33,46,46,47,50],"damage_taken":[{"damage":10,"enemies":"Small Slimes","floor":1,"turns":3},{"damage":0,"enemies":"Jaw Worm","floor":2,"turns":3},{"damage":6,"enemies":"Cultist","floor":4,"turns":3},{"damage":10,"enemies":"Red Slaver","floor":5,"turns":4},{"damage":10,"enemies":"Looter","floor":7,"turns":3},{"damage":27,"enemies":"Lagavulin","floor":8,"turns":7},{"damage":0,"enemies":"Blue Slaver","floor":11,"turns":4},{"damage":0,"enemies":"Large Slime","floor":13,"turns":5},{"damage":6,"enemies":"3 Louse","floor":14,"turns":4},{"damage":27,"enemies":"Hexaghost","floor":16,"turns":11},{"damage":15,"enemies":"Shell Parasite","floor":18,"turns":8},{"damage":0,"enemies":"Chosen","floor":21,"turns":5},{"damage":0,"enemies":"Snecko","floor":22,"turns":5},{"damage":9,"enemies":"Book of Stabbing","floor":23,"turns":6},{"damage":8,"enemies":"Shelled Parasite and Fungi","floor":24,"turns":4},{"damage":15,"enemies":"Snake Plant","floor":27,"turns":3},{"damage":6,"enemies":"Cultist and Chosen","floor":30,"turns":5},{"damage":36,"enemies":"Collector","floor":33,"turns":5},{"damage":0,"enemies":"3 Shapes","floor":35,"turns":4},{"damage":11,"enemies":"Orb Walker","floor":36,"turns":4},{"damage":0,"enemies":"Maw","floor":39,"turns":6},{"damage":0,"enemies":"Nemesis","floor":46,"turns":7},{"damage":15,"enemies":"Writhing Mass","floor":47,"turns":5},{"damage":12,"enemies":"4 Shapes","floor":48,"turns":4},{"damage":55,"enemies":"Awakened One","floor":50,"turns":10}],"seed_played":"4727728728687441580","potions_obtained":[{"floor":1,"key":"PotionOfCapacity"},{"floor":5,"key":"SpeedPotion"},{"floor":8,"key":"FearPotion"},{"floor":21,"key":"Weak Potion"},{"floor":27,"key":"Weak Potion"},{"floor":30,"key":"Energy Potion"},{"floor":36,"key":"ColorlessPotion"},{"floor":46,"key":"Block Potion"}],"is_trial":false,"path_per_floor":["M","M","$","M","M","R","M","E","T","?","M","R","M","M","R","B",null,"M","$","?","M","M","E","M","$","T","M","$","R","M","?","R","B",null,"M","M","?","$","M","R","?","R","T","R","?","E","M","M","R","B",null],"character_chosen":"DEFECT","items_purchased":["Lockon","Apotheosis","Happy Flower","Mayhem"],"campfire_rested":3,"item_purchase_floors":[19,19,38,38],"current_hp_per_floor":[65,65,65,59,49,49,39,12,12,12,12,49,49,43,43,16,75,60,60,60,60,60,51,43,43,43,28,28,65,59,59,59,23,75,75,64,64,64,64,64,64,64,64,64,64,64,49,37,71,16],"gold":290,"neow_bonus":"TRANSFORM_CARD","is_daily":false,"chose_seed":false,"campfire_upgraded":6,"win_rate":0.0,"timestamp":1610861583,"path_taken":["M","M","$","M","M","R","M","E","T","?","M","R","M","M","R","BOSS","M","$","?","M","M","E","M","$","T","?","?","R","M","?","R","BOSS","M","M","?","$","M","R","?","R","T","R","?","E","M","M","R","BOSS"],"items_purchased_type":["Card","Card","Relic","Card"],"build_version":"2020-12-22","purchased_purges":1,"victory":true,"max_hp_per_floor":[75,75,75,75,75,75,75,75,75,75,75,75,75,75,75,75,75,75,75,75,75,75,75,75,75,75,75,75,75,75,75,75,75,75,75,75,75,75,75,75,71,71,71,71,71,71,71,71,71,71],"card_choices":[{"not_picked":["Streamline","Hello World"],"picked":"Defragment","floor":1},{"not_picked":["Steam","Blizzard"],"picked":"Genetic Algorithm","floor":2},{"not_picked":["Coolheaded","Sweeping Beam","Redo"],"picked":"SKIP","floor":4},{"not_picked":["Leap","Turbo"],"picked":"Conserve Battery","floor":5},{"not_picked":["Glacier","Go for the Eyes","Leap"],"picked":"SKIP","floor":7},{"not_picked":["Multi-Cast","Beam Cell"],"picked":"Loop","floor":8},{"not_picked":["Steam Power","Compile Driver"],"picked":"Auto Shields","floor":11},{"not_picked":["Storm","Reprogram","Beam Cell"],"picked":"SKIP","floor":13},{"not_picked":["Gash","Leap","Hologram"],"picked":"SKIP","floor":14},{"not_picked":["Rainbow","Hyperbeam"],"picked":"Electrodynamics","floor":16},{"not_picked":["Stack","Compile Driver"],"picked":"Redo","floor":18},{"not_picked":["Hologram+1","Chaos","Steam+1"],"picked":"SKIP","floor":21},{"not_picked":["Rebound","Streamline","Conserve Battery"],"picked":"SKIP","floor":22},{"not_picked":["Streamline","Turbo","Heatsinks"],"picked":"SKIP","floor":23},{"not_picked":["Redo+1","Undo","Hyperbeam"],"picked":"SKIP","floor":24},{"not_picked":["Streamline","Leap","Go for the Eyes+1"],"picked":"SKIP","floor":27},{"not_picked":["Recycle","Leap","Beam Cell+1"],"picked":"SKIP","floor":30},{"not_picked":["Machine Learning","Creative AI"],"picked":"Amplify","floor":33},{"not_picked":["Redo+1","Stack+1","Lockon+1"],"picked":"SKIP","floor":35},{"not_picked":["Double Energy+1","Leap+1","Lockon"],"picked":"SKIP","floor":36},{"not_picked":["Compile Driver+1","Steam","Rip and Tear+1"],"picked":"SKIP","floor":39},{"not_picked":["Double Energy+1","Turbo+1","Redo+1"],"picked":"SKIP","floor":46},{"not_picked":["Static Discharge+1","Seek+1","Turbo+1"],"picked":"SKIP","floor":47},{"not_picked":["Storm+1","Heatsinks+1","Skim+1"],"picked":"SKIP","floor":48}],"player_experience":229721,"relics_obtained":[{"floor":8,"key":"Regal Pillow"},{"floor":9,"key":"Bag of Preparation"},{"floor":23,"key":"DataDisk"},{"floor":26,"key":"MawBank"},{"floor":43,"key":"HornCleat"},{"floor":46,"key":"Toxic Egg 2"}],"event_choices":[{"damage_healed":0,"gold_gain":0,"player_choice":"Take Wound","damage_taken":0,"relics_obtained":["Golden Idol"],"max_hp_gain":0,"max_hp_loss":0,"event_name":"Golden Idol","floor":10,"gold_loss":0,"cards_obtained":["Injury"]},{"damage_healed":0,"gold_gain":0,"player_choice":"Copied","damage_taken":0,"max_hp_gain":0,"max_hp_loss":0,"event_name":"Duplicator","floor":20,"gold_loss":0,"cards_obtained":["Defragment"]},{"damage_healed":0,"gold_gain":0,"player_choice":"Ignored","damage_taken":0,"max_hp_gain":0,"max_hp_loss":0,"event_name":"Beggar","floor":31,"gold_loss":0},{"damage_healed":0,"gold_gain":0,"player_choice":"Ignored","damage_taken":0,"max_hp_gain":0,"max_hp_loss":0,"event_name":"Tomb of Lord Red Mask","floor":37,"gold_loss":0},{"damage_healed":0,"gold_gain":0,"player_choice":"Max HP","damage_taken":0,"max_hp_gain":0,"max_hp_loss":4,"event_name":"Winding Halls","floor":41,"gold_loss":0},{"damage_healed":0,"gold_gain":0,"player_choice":"Ignored","damage_taken":0,"max_hp_gain":0,"max_hp_loss":0,"event_name":"Mysterious Sphere","floor":45,"gold_loss":0}],"is_beta":false,"boss_relics":[{"not_picked":["Runic Dome","Nuclear Battery"],"picked":"Astrolabe"},{"not_picked":["Sozu","Runic Pyramid"],"picked":"Pandora\u0027s Box"}],"items_purged_floors":[19],"is_endless":false,"potions_floor_spawned":[1,5,8,11,13,21,27,30,36,46],"ascension_level":3}}