{"host":"e4wnmsyty9uvvtwf","time":1610871852,"event":{"mods":["Act Like it!","BaseMod","Colored Map","Colored Powertips","Gensokyo","Koishi","Minty Spire (QoL Compilation)","StSLib"],"gold_per_floor":[366,366,379,390,129,129,154,154,154,185,185,185,201,215,215,312,312,332,343,343,169,181,216,216,245,326,345,345,345,372,372,372,772,772,784,784,796,378,378,378,378,392,392,95,95,106,106,320,320,320],"floor_reached":51,"language":"ZHS","playtime":1956,"items_purged":["Koishi:BasicStrike"],"score":1230,"play_id":"0fee9d44-ee4b-4563-8ecb-3409a4325fc4","local_time":"20210117162412","is_ascension_mode":true,"campfire_choices":[{"data":"Koishi:StingingMind","floor":6.0,"key":"SMITH"},{"floor":8.0,"key":"REST"},{"data":"Koishi:StingingMind","floor":11.0,"key":"SMITH"},{"data":"Koishi:MentalBreakdown","floor":15.0,"key":"SMITH"},{"data":"Koishi:ImGoingToCallYouNow","floor":24,"key":"SMITH"},{"data":"Koishi:RuptureMind","floor":32,"key":"SMITH"},{"data":"Koishi:MindStellarRelief","floor":40,"key":"SMITH"},{"data":"Gensokyo:PrivateSquare","floor":47,"key":"SMITH"},{"data":"Night Terror","floor":49,"key":"SMITH"}],"circlet_count":0,"master_deck":["AscendersBane","Koishi:BasicStrike","Koishi:BasicStrike","Koishi:BasicStrike","Koishi:BasicDefend","Koishi:BasicDefend","Koishi:BasicDefend","Koishi:BasicDefend","Koishi:Provoke","Koishi:HauntingSlash","Koishi:PhantomBarrier","Koishi:StingingMind+1","Koishi:DreadfulBlow","Koishi:UnconsciousUrges","Koishi:GeneticsOfTheUnconscious","Koishi:StingingMind+1","Koishi:GeneticsOfTheUnconscious","Koishi:ParalyzingFear","Koishi:MentalBreakdown+1","Koishi:RuptureMind+1","Koishi:GeneticsOfTheUnconscious","Koishi:YoukaiPolygraph","Koishi:DanmakuParanoia","Koishi:DNAsFlaw+1","Koishi:ImGoingToCallYouNow+1","Koishi:Possession","Koishi:SpiritedAway+1","Koishi:UnseenTerror+1","Night Terror+1","Gensokyo:FourOfAKind","Gensokyo:FourOfAKind","Gensokyo:FourOfAKind","Gensokyo:FourOfAKind","Koishi:StrangeCloudFist+1","Koishi:MindStellarRelief+1","Koishi:Whimsy+1","Gensokyo:PrivateSquare+1","Gensokyo:Shovel","Koishi:FadingMemory","Koishi:YoukaiPolygraph","Koishi:Whimsy+1","Koishi:TremblingHands+1"],"relics":["Koishi:ImaginaryFriend","Mercury Hourglass","HandDrill","Dream Catcher","Koishi:LettersToReimu","Bag of Marbles","Lantern","Girya","Coffee Dripper","Anchor","StrikeDummy","Toy Ornithopter","White Beast Statue","Omamori","Gensokyo:MosesMiracle","Old Coin","Calling Bell","Koishi:AHoleWhereASisterShouldBe","Meat on the Bone","CaptainsWheel","Medical Kit","ClockworkSouvenir","Gensokyo:DualWield","TungstenRod","Bronze Scales","Koishi:BloodstainedWhiteRose"],"acts_visited":["Exordium","Gensokyo:Gensokyo","Gensokyo:Gensokyoer"],"potions_floor_usage":[23,33,33,50,50],"damage_taken":[{"damage":8.0,"enemies":"Gensokyo:3_Fairies","floor":1.0,"turns":5.0},{"damage":4.0,"enemies":"Gensokyo:Gryphon","floor":3.0,"turns":6.0},{"damage":7.0,"enemies":"Gensokyo:Python","floor":4.0,"turns":3.0},{"damage":31.0,"enemies":"Gensokyo:Cirno","floor":7.0,"turns":6.0},{"damage":0.0,"enemies":"Gensokyo:Mamizou","floor":10.0,"turns":10.0},{"damage":10.0,"enemies":"Gensokyo:3_Kodama","floor":13.0,"turns":4.0},{"damage":0.0,"enemies":"Gensokyo:CorruptedTreant","floor":14.0,"turns":4.0},{"damage":7.0,"enemies":"Gensokyo:Kokoro","floor":16.0,"turns":10.0},{"damage":0,"enemies":"Gensokyo:2_Gloops","floor":18,"turns":2},{"damage":7,"enemies":"Gensokyo:Chomper","floor":19,"turns":4},{"damage":0,"enemies":"Gensokyo:Swordslinger","floor":22,"turns":5},{"damage":42,"enemies":"Gensokyo:Tenshi","floor":23,"turns":6},{"damage":5,"enemies":"Gensokyo:Reisen","floor":25,"turns":6},{"damage":0,"enemies":"Gensokyo:Mirror_and_Dog","floor":27,"turns":4},{"damage":0,"enemies":"Gensokyo:Tenshi","floor":30,"turns":4},{"damage":21,"enemies":"Gensokyo:Kaguya","floor":33,"turns":9},{"damage":0,"enemies":"Gensokyo:3_Boulders","floor":35,"turns":5},{"damage":1,"enemies":"Gensokyo:3_Bats","floor":37,"turns":3},{"damage":0,"enemies":"Gensokyo:Sharpion","floor":42,"turns":5},{"damage":10,"enemies":"Gensokyo:Dusk_and_Dawn","floor":46,"turns":3},{"damage":19,"enemies":"Gensokyo:Rafflesia","floor":48,"turns":6},{"damage":4,"enemies":"Gensokyo:Scarlet_Devils","floor":50,"turns":6}],"seed_played":"114898739309481662","potions_obtained":[{"floor":7.0,"key":"BlessingOfTheForge"},{"floor":10.0,"key":"Explosive Potion"},{"floor":13.0,"key":"Explosive Potion"},{"floor":16.0,"key":"Fire Potion"},{"floor":18,"key":"PowerPotion"},{"floor":23,"key":"Fruit Juice"},{"floor":27,"key":"FearPotion"},{"floor":30,"key":"AttackPotion"},{"floor":33,"key":"Dexterity Potion"},{"floor":35,"key":"Energy Potion"},{"floor":46,"key":"EssenceOfSteel"}],"is_trial":false,"path_per_floor":["M","?","M","M","COS","R","E","R","T","E","R","?","M","M","R","B",null,"M","M","?","COS","M","E","R","E","T","M","?","?","E","?","R","B",null,"M","?","M","COS","?","R","?","M","T","$","?","M","R","M","R","B",null],"character_chosen":"KOISHI","items_purchased":["Koishi:YoukaiPolygraph","Bronze Scales"],"campfire_rested":1,"item_purchase_floors":[44,44],"current_hp_per_floor":[48,38,37,35,35,35,4,20,20,32,32,32,26,28,28,43,51,51,48,48,48,54,27,27,55,55,59,54,42,42,42,42,37,41,42,42,42,42,42,42,42,42,42,42,42,38,38,42,42,42],"gold":320,"neow_bonus":"TWO_FIFTY_GOLD","is_daily":false,"chose_seed":false,"campfire_upgraded":8,"win_rate":0.0,"timestamp":1610871852,"path_taken":["M","?","M","?","COS","R","E","R","T","E","R","?","M","M","R","BOSS","M","M","?","COS","?","E","R","E","T","M","?","?","E","?","R","BOSS","M","?","?","COS","?","R","?","?","T","$","?","M","R","?","R","BOSS"],"items_purchased_type":["Card","Relic"],"build_version":"2020-12-22","purchased_purges":1,"victory":true,"max_hp_per_floor":[54,54,54,54,54,54,54,54,54,54,54,54,54,54,54,54,54,54,54,54,54,54,59,59,59,59,59,59,42,42,42,42,42,42,42,42,42,42,42,42,42,42,42,42,42,42,42,42,42,42],"card_choices":[{"not_picked":["Koishi:EmbryosDream","Koishi:CatchAndRose"],"picked":"Koishi:PhantomBarrier","floor":1.0},{"not_picked":["Koishi:RacingHeart","Koishi:FleetingPhantom"],"picked":"Koishi:StingingMind","floor":3.0},{"not_picked":["Koishi:BramblyRoseGarden","Koishi:UnansweredLove"],"picked":"Koishi:DreadfulBlow","floor":4.0},{"not_picked":["Koishi:FreudianInstinct","Koishi:CatchAndRose"],"picked":"Koishi:UnconsciousUrges","floor":7.0},{"not_picked":["Koishi:DreadfulBlow","Koishi:Possession"],"picked":"Koishi:GeneticsOfTheUnconscious","floor":8.0},{"not_picked":["Koishi:CatchAndRose","Koishi:FleetingPhantom"],"picked":"Koishi:StingingMind","floor":10.0},{"not_picked":["Koishi:ParalyzingFear","Koishi:HeartAttack"],"picked":"Koishi:GeneticsOfTheUnconscious","floor":12.0},{"not_picked":["Koishi:SubconsciousSweep","Koishi:RorschachInDanmaku"],"picked":"Koishi:ParalyzingFear","floor":12.0},{"not_picked":["Koishi:SubterraneanRose","Koishi:PhilosophyOfTheDespised"],"picked":"Koishi:MentalBreakdown","floor":13.0},{"not_picked":["Koishi:ReflexRadar","Koishi:ParalyzingFear","Koishi:SubterraneanRose"],"picked":"SKIP","floor":14.0},{"not_picked":["Koishi:RoseHell","Koishi:FormlessExistence"],"picked":"Koishi:RuptureMind","floor":16.0},{"not_picked":["Koishi:StingingMind","Koishi:SpiritedAway"],"picked":"Koishi:GeneticsOfTheUnconscious","floor":18},{"not_picked":["Koishi:StrangeCloudFist","Koishi:SubterraneanRose"],"picked":"Koishi:YoukaiPolygraph","floor":19},{"not_picked":["Koishi:FidgetySnatcher","Koishi:EmbryosDream"],"picked":"Koishi:DNAsFlaw+1","floor":22},{"not_picked":["Koishi:RollingInRichesHeart","Koishi:RoseHell"],"picked":"Koishi:ImGoingToCallYouNow","floor":23},{"not_picked":["Koishi:HeartfeltFancy","Koishi:CatchAndRose+1"],"picked":"Koishi:Possession","floor":23},{"not_picked":["Koishi:DreadfulBlow+1","Koishi:FormlessExistence"],"picked":"Koishi:SpiritedAway","floor":25},{"not_picked":["Koishi:UnconsciousUprising","Koishi:DreadfulBlow+1"],"picked":"Koishi:UnseenTerror+1","floor":27},{"not_picked":["Koishi:UnconsciousUprising","Koishi:FidgetySnatcher"],"picked":"Koishi:StrangeCloudFist+1","floor":30},{"not_picked":["Koishi:FadingMemory","Koishi:RuptureMind"],"picked":"Koishi:MindStellarRelief","floor":33},{"not_picked":["Koishi:FidgetySnatcher+1","Koishi:UnconsciousUrges"],"picked":"Koishi:Whimsy+1","floor":35},{"not_picked":["Koishi:Prune","Koishi:PhantomStrike+1","Koishi:SubterraneanRose+1"],"picked":"SKIP","floor":37},{"not_picked":["Koishi:UnansweredLove+1","Koishi:SubconsciousSweep"],"picked":"Koishi:FadingMemory","floor":42},{"not_picked":["Koishi:UnconsciousUprising","Koishi:JumpScare"],"picked":"Koishi:Whimsy+1","floor":46},{"not_picked":["Koishi:Prune","Koishi:ReflexRadar+1"],"picked":"Koishi:TremblingHands+1","floor":48}],"player_experience":551241,"relics_obtained":[{"floor":7.0,"key":"Dream Catcher"},{"floor":9.0,"key":"Koishi:LettersToReimu"},{"floor":10.0,"key":"Lantern"},{"floor":23,"key":"Anchor"},{"floor":25,"key":"Toy Ornithopter"},{"floor":26,"key":"White Beast Statue"},{"floor":30,"key":"Omamori"},{"floor":34,"key":"Koishi:AHoleWhereASisterShouldBe"},{"floor":34,"key":"Meat on the Bone"},{"floor":34,"key":"CaptainsWheel"},{"floor":37,"key":"Gensokyo:MosesMiracle"},{"floor":43,"key":"TungstenRod"}],"event_choices":[],"is_beta":false,"boss_relics":[{"not_picked":["Tiny House","Velvet Choker"],"picked":"Coffee Dripper"},{"not_picked":["Empty Cage","Philosopher\u0027s Stone"],"picked":"Calling Bell"}],"items_purged_floors":[44],"is_endless":false,"potions_floor_spawned":[7,10,13,16,18,23,27,30,33,35,37,42,46,48],"ascension_level":10}}