{"host":"u1dfzl6o6mfmauc3","time":1610917693,"event":{"mods":["2.2 Compatiblity","AchievementEnabler","Bard","BaseMod","Block Reminder","Challenge The Spire","Dark Map","Hermit","Minty Spire (QoL Compilation)","Relic Stats","Robot Space Explorer","StSLib","The Cursed","The Disciple"],"gold_per_floor":[109,184,195,195,16,41,57,85,85,99,99,109,125,50,50,50,154,154,165,165,165,65,75,75,75],"floor_reached":24,"language":"ENG","playtime":1998,"items_purged":["Strike_B","Writhe"],"score":258,"play_id":"be95a8bf-7e1a-4f9c-a1fa-1099a93dbe2e","local_time":"20210117160813","is_ascension_mode":true,"campfire_choices":[{"data":"Self Repair","floor":11,"key":"SMITH"},{"data":"Barrage","floor":15,"key":"SMITH"},{"data":"Rip and Tear","floor":16,"key":"SMITH"}],"circlet_count":0,"master_deck":["Strike_B","Strike_B","Strike_B","Defend_B","Defend_B","Defend_B","Defend_B","Zap","Dualcast","Coolheaded","Rip and Tear+1","Self Repair+1","Lockon","Hologram","Genetic Algorithm","Barrage+1","Capacitor","Glacier","Amplify","Coolheaded"],"relics":["Coffee Dripper","Pen Nib","Eternal Feather","Kunai","SacredBark","FossilizedHelix"],"acts_visited":["Exordium","TheCity"],"potions_floor_usage":[10,10],"damage_taken":[{"damage":0,"enemies":"2 Louse","floor":1,"turns":2},{"damage":2,"enemies":"Jaw Worm","floor":3,"turns":4},{"damage":26,"enemies":"Gremlin Nob","floor":6,"turns":4},{"damage":0,"enemies":"Cultist","floor":7,"turns":4},{"damage":34,"enemies":"Lagavulin","floor":8,"turns":7},{"damage":8,"enemies":"Lots of Slimes","floor":10,"turns":6},{"damage":2,"enemies":"Red Slaver","floor":12,"turns":3},{"damage":24,"enemies":"Exordium Thugs","floor":13,"turns":6},{"damage":19,"enemies":"Slime Boss","floor":17,"turns":9},{"damage":40,"enemies":"Chosen","floor":19,"turns":6},{"damage":4,"enemies":"Shell Parasite","floor":23,"turns":8},{"damage":103,"enemies":"3 Cultists","floor":24,"turns":7}],"seed_played":"-3948187708305947156","potions_obtained":[{"floor":3,"key":"FairyPotion"},{"floor":8,"key":"DistilledChaos"},{"floor":10,"key":"CultistPotion"},{"floor":12,"key":"LiquidBronze"}],"is_trial":false,"path_per_floor":["M","?","M","?","$","E","M","E","T","M","R","M","M","$","R","R","B",null,"M","?","?","$","M","M"],"character_chosen":"DEFECT","items_purchased":["Self Repair","Lockon","Regen Potion"],"campfire_rested":0,"item_purchase_floors":[5,5,5],"current_hp_per_floor":[75,64,62,55,55,36,43,16,16,30,39,47,33,33,42,51,42,67,37,37,37,37,43,0,0],"gold":75,"neow_bonus":"BOSS_RELIC","is_daily":false,"chose_seed":false,"campfire_upgraded":3,"win_rate":0.0,"timestamp":1610917693,"path_taken":["M","?","M","?","$","E","M","E","T","?","R","?","M","?","R","R","BOSS","M","?","?","$","M","M"],"items_purchased_type":["Card","Card","Potion"],"build_version":"2020-12-22","purchased_purges":2,"victory":false,"max_hp_per_floor":[75,75,75,75,75,75,75,75,75,75,75,75,75,75,75,75,75,75,75,75,75,75,75,75,75],"relic_stats":{"counters":[12,66],"Eternal Feather":27,"Pen Nib":[7],"Kunai":[3],"obtain_stats":[{"SacredBark":18,"Eternal Feather":8,"Pen Nib":6,"Coffee Dripper":0,"Kunai":9,"Cracked Core":0,"FossilizedHelix":20},{"SacredBark":9,"Eternal Feather":5,"Pen Nib":3,"Coffee Dripper":0,"Kunai":5,"Cracked Core":0,"FossilizedHelix":10},{"SacredBark":45,"Eternal Feather":21,"Pen Nib":10,"Coffee Dripper":0,"Kunai":21,"Cracked Core":0,"FossilizedHelix":51}]},"card_choices":[{"not_picked":["Leap","Conserve Battery"],"picked":"Coolheaded","floor":1},{"not_picked":["Sweeping Beam","White Noise"],"picked":"Rip and Tear","floor":3},{"not_picked":["Redo","Streamline"],"picked":"Hologram","floor":6},{"not_picked":["Storm","Beam Cell"],"picked":"Genetic Algorithm","floor":7},{"not_picked":["Beam Cell","Streamline"],"picked":"Barrage","floor":8},{"not_picked":["Conserve Battery","Barrage"],"picked":"Capacitor","floor":10},{"not_picked":["Streamline","Hello World"],"picked":"Glacier","floor":12},{"not_picked":["Conserve Battery","Compile Driver","Gash"],"picked":"SKIP","floor":13},{"not_picked":["Hyperbeam","Thunder Strike"],"picked":"Amplify","floor":17},{"not_picked":["Blizzard","Hologram","Rebound"],"picked":"SKIP","floor":19},{"not_picked":["Glacier","Sweeping Beam"],"picked":"Coolheaded","floor":23}],"player_experience":100415,"relics_obtained":[{"floor":6,"key":"Pen Nib"},{"floor":8,"key":"Eternal Feather"},{"floor":9,"key":"Kunai"}],"event_choices":[{"damage_healed":0,"gold_gain":75,"player_choice":"Gather Gold","damage_taken":11,"max_hp_gain":0,"max_hp_loss":0,"event_name":"World of Goop","floor":2,"gold_loss":0},{"damage_healed":0,"gold_gain":0,"player_choice":"Damaged","damage_taken":7,"max_hp_gain":0,"max_hp_loss":0,"event_name":"Wheel of Change","floor":4,"gold_loss":0},{"damage_healed":0,"gold_gain":0,"player_choice":"Opened","damage_taken":0,"relics_obtained":["FossilizedHelix"],"max_hp_gain":0,"max_hp_loss":0,"event_name":"The Mausoleum","floor":20,"gold_loss":0,"cards_obtained":["Writhe"]},{"damage_healed":0,"gold_gain":0,"player_choice":"Ignored","damage_taken":0,"max_hp_gain":0,"max_hp_loss":0,"event_name":"Cursed Tome","floor":21,"gold_loss":0}],"is_beta":false,"boss_relics":[{"not_picked":["Black Star","Snecko Eye"],"picked":"SacredBark"}],"items_purged_floors":[14,22],"is_endless":false,"potions_floor_spawned":[3,8,10,12,19],"killed_by":"3 Cultists","ascension_level":5}}