{"host":"f5gffvlv6a66yqkd","time":1610877777,"event":{"mods":["2.2 Compatiblity","Alarm Clock","BaseMod","Colored Map","Custom Start","DeckTracker","Keyboard Shortcuts","Minty Spire (QoL Compilation)","Permanent Neow","Quick Restart","Relic Stats","Replay The Spire","StSLib","SuperFastMode"],"gold_per_floor":[12,12,12,26,43,43,68,68,68,88,106,40,60,76,76,151,151,125,125,50,67,83,83,83,83],"floor_reached":24,"language":"KOR","playtime":721,"items_purged":["Decay"],"score":400,"play_id":"a9d0372f-dde2-4fd6-b60c-6420987c3cc3","local_time":"20210117190257","is_ascension_mode":true,"campfire_choices":[{"data":"Zap","floor":6.0,"key":"SMITH"},{"data":"Dualcast","floor":8.0,"key":"SMITH"},{"data":"Streamline","floor":15.0,"key":"SMITH"},{"data":"Biased Cognition","floor":23.0,"key":"SMITH"}],"circlet_count":0,"master_deck":["AscendersBane","Strike_B","Strike_B","Defend_B","Defend_B","Defend_B","Zap+1","Dualcast+1","Reinforced Body","FTL","Panic Button","Chill","Streamline+1","Glacier","Compile Driver","Biased Cognition+1","Doom and Gloom+1","Glacier"],"relics":["Cracked Core","Replay:WaspNest","Garlic","Replay:Bronze Core"],"acts_visited":["Exordium","TheCity"],"potions_floor_usage":[24],"damage_taken":[{"damage":11.0,"enemies":"2 Louse","floor":1.0,"turns":2.0},{"damage":7.0,"enemies":"Jaw Worm","floor":4.0,"turns":4.0},{"damage":0.0,"enemies":"Small Slimes","floor":5.0,"turns":3.0},{"damage":14.0,"enemies":"Gremlin Nob","floor":7.0,"turns":3.0},{"damage":3.0,"enemies":"Blue Slaver","floor":10.0,"turns":3.0},{"damage":6.0,"enemies":"Looter","floor":11.0,"turns":2.0},{"damage":0.0,"enemies":"Exordium Thugs","floor":13.0,"turns":4.0},{"damage":2.0,"enemies":"2 Fungi Beasts","floor":14.0,"turns":4.0},{"damage":12.0,"enemies":"The Guardian","floor":16.0,"turns":10.0},{"damage":13.0,"enemies":"2 Thieves","floor":18.0,"turns":5.0},{"damage":0.0,"enemies":"3 Byrds","floor":21.0,"turns":4.0},{"damage":7.0,"enemies":"Snake Plant","floor":22.0,"turns":5.0},{"damage":54,"enemies":"Gremlin Leader","floor":24,"turns":6}],"seed_played":"-7436755162207182876","potions_obtained":[{"floor":1.0,"key":"GamblersBrew"},{"floor":5.0,"key":"Fire Potion"},{"floor":11.0,"key":"Death Potion"},{"floor":13.0,"key":"Dexterity Potion"},{"floor":14.0,"key":"SkillPotion"},{"floor":18.0,"key":"SkillPotion"}],"is_trial":false,"path_per_floor":["M","?","?","M","M","R","E","R","T","M","M","?","M","M","R","B",null,"M","?","$","M","M","R","E"],"character_chosen":"DEFECT","items_purchased":[],"campfire_rested":0,"item_purchase_floors":[],"current_hp_per_floor":[53,53,58,51,51,51,37,37,37,34,28,28,28,26,26,14,61,48,48,48,48,41,41,0,0],"gold":83,"neow_bonus":"REMOVE_TWO","is_daily":false,"chose_seed":false,"campfire_upgraded":4,"win_rate":0.0,"timestamp":1610877777,"path_taken":["M","?","?","M","M","R","E","R","T","M","M","?","M","?","R","BOSS","M","?","$","M","M","R","E"],"items_purchased_type":[],"build_version":"2020-12-22","purchased_purges":1,"victory":false,"max_hp_per_floor":[71,71,76,76,76,76,76,76,76,76,76,76,76,76,76,76,76,76,76,76,76,76,76,76,76],"relic_stats":{"counters":[13,55],"obtain_stats":[{"Replay:Bronze Core":17,"Replay:WaspNest":7,"Garlic":9,"Cracked Core":0},{"Replay:Bronze Core":9,"Replay:WaspNest":4,"Garlic":4,"Cracked Core":0},{"Replay:Bronze Core":35,"Replay:WaspNest":12,"Garlic":12,"Cracked Core":0}]},"card_choices":[{"not_picked":["White Noise","Steam"],"picked":"Reinforced Body","floor":1.0},{"not_picked":["Undo","Hologram"],"picked":"FTL","floor":4.0},{"not_picked":["Leap","Reinforced Body"],"picked":"Panic Button","floor":5.0},{"not_picked":["Barrage","Reprogram"],"picked":"Chill","floor":7.0},{"not_picked":["Seek","Static Discharge"],"picked":"Streamline","floor":10.0},{"not_picked":["Barrage","Panic Button","Redo"],"picked":"SKIP","floor":11.0},{"not_picked":["Stack","Beam Cell"],"picked":"Glacier","floor":13.0},{"not_picked":["Genetic Algorithm","Rebound"],"picked":"Compile Driver","floor":14.0},{"not_picked":["Creative AI","Rainbow"],"picked":"Biased Cognition","floor":16.0},{"not_picked":["Go for the Eyes","Beam Cell"],"picked":"Doom and Gloom+1","floor":18.0},{"not_picked":["Hello World+1","BasicCrystalCard","Barrage"],"picked":"SKIP","floor":21.0},{"not_picked":["Hello World","Compile Driver"],"picked":"Glacier","floor":22.0}],"player_experience":1583600,"relics_obtained":[{"floor":7.0,"key":"Replay:WaspNest"},{"floor":9.0,"key":"Garlic"}],"event_choices":[{"damage_healed":0.0,"max_hp_gain":5.0,"max_hp_loss":0.0,"gold_gain":0.0,"event_name":"Big Fish","player_choice":"Donut","floor":3.0,"gold_loss":0.0,"damage_taken":0.0},{"damage_healed":0.0,"max_hp_gain":0.0,"max_hp_loss":0.0,"gold_gain":0.0,"event_name":"World of Goop","player_choice":"Left Gold","floor":12.0,"gold_loss":66.0,"damage_taken":0.0},{"damage_healed":0.0,"max_hp_gain":0.0,"max_hp_loss":0.0,"gold_gain":0.0,"event_name":"Wheel of Change","player_choice":"Cursed","floor":19.0,"gold_loss":0.0,"damage_taken":0.0,"cards_obtained":["Decay"]}],"is_beta":false,"boss_relics":[{"not_picked":["Tiny House","Empty Cage"],"picked":"Replay:Bronze Core"}],"items_purged_floors":[20],"is_endless":false,"potions_floor_spawned":[1,5,11,13,14,18,22],"killed_by":"Gremlin Leader","ascension_level":20}}