{"host":"r10yh36zs2k9z1sa","time":1610845914,"event":{"mods":["BaseMod","Colored Map","Hermit","Marisa¡]Ãú«B¡@Å]²z¨F¡^","Minty Spire (QoL Compilation)","Remilia¡]Á¢¦Ì²ú?¡^","StSLib","The Bug Knight","The Cursed","The Necromancer","The Runesmith","The Servant 0.9.4"],"gold_per_floor":[110,110,110,128,143,161,161,193,266,292,303,322,322,342,342,445,445,433,446,456,456,473,498,517,517,565,565,577,658,324,33,33,135,135,153,170,170,170,184,184,184,210,210,210,66,0,15,15,15],"floor_reached":48,"language":"ZHS","playtime":4241,"items_purged":["Writhe"],"score":519,"play_id":"2fb570f3-3017-4325-9491-41899114ed32","local_time":"20210117091154","is_ascension_mode":false,"campfire_choices":[{"data":"hermit:FlashPowder","floor":7,"key":"SMITH"},{"data":"hermit:Virtue","floor":13,"key":"SMITH"},{"data":"hermit:Vantage","floor":15,"key":"SMITH"},{"data":"hermit:Maintenance","floor":27,"key":"SMITH"},{"data":"hermit:TakeAim","floor":32,"key":"SMITH"},{"data":"Deep Breath","floor":40,"key":"SMITH"},{"data":"hermit:Gestalt","floor":44,"key":"SMITH"}],"circlet_count":0,"master_deck":["hermit:Defend_Hermit","hermit:Defend_Hermit","hermit:Defend_Hermit","hermit:Defend_Hermit","hermit:Snapshot+1","hermit:Covet","hermit:SprayPray","hermit:Vantage+1","hermit:FlashPowder+1","hermit:Gestalt+1","hermit:Gambit","hermit:Quickdraw","hermit:Virtue+1","hermit:Magnum","hermit:Horror","hermit:Maintenance+1","hermit:ItchyTrigger+1","hermit:Malice","Bite","Bite","Bite","Bite","Bite","hermit:TakeAim+1","hermit:Gambit","hermit:PistolWhip","Deep Breath+1","Purity","hermit:Combo"],"relics":["hermit:Momento","NeowsBlessing","Gambling Chip","Bag of Marbles","HollowMod:LifeEnderRelic","Dream Catcher","Busted Crown","hermit:Horseshoe","Blood Vial","Letter Opener","Runesmith:Nanobots","Torii","Runic Pyramid","Omamori","HollowMod:PaleOreRelic","Red Mask"],"acts_visited":["Exordium","TheCity","TheBeyond"],"potions_floor_usage":[6,8,16,16,28,33,42,42],"damage_taken":[{"damage":0,"enemies":"2 Louse","floor":1,"turns":1},{"damage":0,"enemies":"Cultist","floor":4,"turns":1},{"damage":0,"enemies":"Jaw Worm","floor":5,"turns":1},{"damage":0,"enemies":"Blue Slaver","floor":6,"turns":4},{"damage":20,"enemies":"3 Sentries","floor":8,"turns":11},{"damage":2,"enemies":"Gremlin Nob","floor":10,"turns":4},{"damage":1,"enemies":"3 Louse","floor":11,"turns":4},{"damage":1,"enemies":"Looter","floor":12,"turns":3},{"damage":0,"enemies":"Exordium Wildlife","floor":14,"turns":1},{"damage":33,"enemies":"Slime Boss","floor":16,"turns":15},{"damage":7,"enemies":"2 Thieves","floor":18,"turns":4},{"damage":2,"enemies":"Shell Parasite","floor":19,"turns":4},{"damage":8,"enemies":"Cultist and Chosen","floor":20,"turns":6},{"damage":9,"enemies":"Snake Plant","floor":22,"turns":4},{"damage":23,"enemies":"HollowMod:Nosk","floor":23,"turns":8},{"damage":1,"enemies":"Snecko","floor":24,"turns":4},{"damage":14,"enemies":"Centurion and Healer","floor":28,"turns":10},{"damage":37,"enemies":"Automaton","floor":33,"turns":15},{"damage":0,"enemies":"Orb Walker","floor":35,"turns":2},{"damage":0,"enemies":"3 Shapes","floor":36,"turns":2},{"damage":2,"enemies":"Transient","floor":39,"turns":5},{"damage":47,"enemies":"Reptomancer","floor":42,"turns":10},{"damage":1,"enemies":"4 Shapes","floor":47,"turns":8},{"damage":129,"enemies":"Giant Head","floor":48,"turns":11}],"seed_played":"5572602238824163252","potions_obtained":[{"floor":1,"key":"Regen Potion"},{"floor":4,"key":"ColorlessPotion"},{"floor":5,"key":"SpeedPotion"},{"floor":10,"key":"Regen Potion"},{"floor":11,"key":"LiquidMemories"},{"floor":19,"key":"Energy Potion"},{"floor":24,"key":"FairyPotion"},{"floor":28,"key":"SkillPotion"},{"floor":35,"key":"EssenceOfSteel"},{"floor":42,"key":"Swift Potion"}],"is_trial":false,"path_per_floor":["M","?","?","M","M","M","R","E","T","E","M","M","R","M","R","B",null,"M","M","M","?","M","E","M","?","T","R","M","T","$","$","R","B",null,"M","M","?","?","M","R","?","E","T","R","$","?","M","E"],"character_chosen":"HERMIT","items_purchased":["Runesmith:Nanobots","hermit:TakeAim","Torii","hermit:Combo"],"campfire_rested":0,"item_purchase_floors":[30,30,31,45],"current_hp_per_floor":[75,68,68,68,68,68,68,48,48,46,45,44,44,44,44,26,75,68,66,58,51,42,19,18,18,18,18,52,52,52,52,52,24,52,52,52,42,42,52,52,52,33,33,33,33,33,41,0,0],"gold":15,"neow_bonus":"THREE_ENEMY_KILL","is_daily":false,"chose_seed":false,"campfire_upgraded":7,"win_rate":0.0,"timestamp":1610845914,"path_taken":["M","?","?","?","M","M","R","E","T","E","M","M","R","M","R","BOSS","M","M","?","?","M","E","?","?","T","R","M","?","?","$","R","BOSS","M","M","?","?","M","R","?","E","T","R","$","?","?","E"],"items_purchased_type":["Relic","Card","Relic","Card"],"build_version":"2020-12-22","purchased_purges":1,"victory":false,"max_hp_per_floor":[75,75,75,75,75,75,75,75,75,75,75,75,75,75,75,75,75,75,75,75,75,75,75,75,52,52,52,52,52,52,52,52,52,52,52,52,52,52,52,52,52,52,52,52,52,52,52,52,52],"card_choices":[{"not_picked":["hermit:Spite","hermit:LoneWolf"],"picked":"hermit:SprayPray","floor":1},{"not_picked":["hermit:Enervate","hermit:Manifest"],"picked":"hermit:Vantage","floor":4},{"not_picked":["hermit:SprayPray","hermit:HighCaliber","hermit:Misfire"],"picked":"SKIP","floor":5},{"not_picked":["hermit:Misfire","hermit:Feint"],"picked":"hermit:FlashPowder","floor":6},{"not_picked":["hermit:Roulette","hermit:FlashPowder"],"picked":"hermit:Gestalt","floor":8},{"not_picked":["hermit:LowProfile","hermit:Vantage"],"picked":"hermit:Gambit","floor":10},{"not_picked":["hermit:Horror","hermit:Grudge"],"picked":"hermit:Quickdraw","floor":11},{"not_picked":["hermit:Vantage","hermit:Quickdraw"],"picked":"hermit:Virtue","floor":12},{"not_picked":["hermit:TrackingShot","hermit:CursedWeapon","hermit:LowProfile"],"picked":"SKIP","floor":14},{"not_picked":["hermit:EternalForm","hermit:Roughhouse"],"picked":"hermit:Magnum","floor":16},{"not_picked":[],"picked":"hermit:Horror","floor":18},{"not_picked":[],"picked":"hermit:Maintenance","floor":19},{"not_picked":["hermit:NoHoldsBarred"],"picked":"SKIP","floor":20},{"not_picked":[],"picked":"hermit:ItchyTrigger+1","floor":22},{"not_picked":[],"picked":"hermit:Malice","floor":23},{"not_picked":[],"picked":"hermit:ShadowCloak+1","floor":24},{"not_picked":["hermit:Misfire"],"picked":"SKIP","floor":28},{"not_picked":[],"picked":"hermit:Gambit","floor":33},{"not_picked":[],"picked":"hermit:PistolWhip","floor":35},{"not_picked":["hermit:LuckOfTheDraw"],"picked":"SKIP","floor":36},{"not_picked":[],"picked":"Deep Breath","floor":37},{"not_picked":[],"picked":"Purity","floor":37},{"not_picked":["hermit:Desperado"],"picked":"SKIP","floor":39},{"not_picked":["hermit:Roulette+1"],"picked":"SKIP","floor":42},{"not_picked":["hermit:SprayPray+1"],"picked":"SKIP","floor":47}],"player_experience":190277,"relics_obtained":[{"floor":8,"key":"Bag of Marbles"},{"floor":9,"key":"HollowMod:LifeEnderRelic"},{"floor":10,"key":"Dream Catcher"},{"floor":23,"key":"hermit:Horseshoe"},{"floor":26,"key":"Blood Vial"},{"floor":29,"key":"Letter Opener"},{"floor":42,"key":"Omamori"},{"floor":43,"key":"HollowMod:PaleOreRelic"}],"event_choices":[{"damage_healed":0,"gold_gain":0,"player_choice":"Success","damage_taken":7,"relics_obtained":["Gambling Chip"],"max_hp_gain":0,"max_hp_loss":0,"event_name":"Scrap Ooze","floor":2,"gold_loss":0},{"damage_healed":0,"gold_gain":0,"player_choice":"Upgraded","damage_taken":0,"max_hp_gain":0,"max_hp_loss":0,"event_name":"Upgrade Shrine","floor":3,"gold_loss":0,"cards_upgraded":["hermit:Snapshot"]},{"damage_healed":0,"gold_gain":0,"player_choice":"Damaged","damage_taken":7,"max_hp_gain":0,"max_hp_loss":0,"event_name":"Wheel of Change","floor":21,"gold_loss":0},{"damage_healed":0,"gold_gain":0,"player_choice":"Became a vampire","damage_taken":0,"max_hp_gain":0,"max_hp_loss":23,"event_name":"Vampires","floor":25,"gold_loss":0,"cards_obtained":["Bite","Bite","Bite","Bite","Bite"]},{"damage_healed":0,"gold_gain":0,"player_choice":"Memory 3","damage_taken":10,"max_hp_gain":0,"max_hp_loss":0,"event_name":"SensoryStone","floor":37,"gold_loss":0},{"cards_removed":["hermit:ShadowCloak"],"damage_healed":0,"gold_gain":0,"player_choice":"Removed Power","damage_taken":0,"max_hp_gain":0,"max_hp_loss":0,"event_name":"Falling","floor":38,"gold_loss":0},{"damage_healed":13,"gold_gain":0,"player_choice":"Writhe","damage_taken":0,"max_hp_gain":0,"max_hp_loss":0,"event_name":"Winding Halls","floor":41,"gold_loss":0,"cards_obtained":["Writhe"]},{"damage_healed":0,"gold_gain":0,"player_choice":"Paid","damage_taken":0,"relics_obtained":["Red Mask"],"max_hp_gain":0,"max_hp_loss":0,"event_name":"Tomb of Lord Red Mask","floor":46,"gold_loss":66}],"is_beta":false,"boss_relics":[{"not_picked":["Black Star","Astrolabe"],"picked":"Busted Crown"},{"not_picked":["Pandora\u0027s Box","Runic Dome"],"picked":"Runic Pyramid"}],"items_purged_floors":[45],"is_endless":false,"potions_floor_spawned":[1,4,5,10,11,19,24,28,35,42],"killed_by":"Giant Head","ascension_level":0}}