{"host":"cdcsem0stf6rethc","time":1610891085,"event":{"mods":["AchievementEnabler","BaseMod","Colored Map","Highlight Path","Minty Spire (QoL Compilation)","StSLib","The Animator"],"gold_per_floor":[116,143,161,192,192,192,212,212,212,212,16,35,75,94,94,94,94],"floor_reached":16,"language":"ENG","playtime":878,"items_purged":[],"score":94,"play_id":"a8e0e427-e220-43ad-ab74-21c48cec1f1a","local_time":"20210117214445","is_ascension_mode":false,"campfire_choices":[{"data":"animator:SakuyaOhtori","floor":6,"key":"SMITH"},{"data":"animator:AyaShameimaru","floor":8,"key":"SMITH"},{"data":"animator:Clownpiece","floor":10,"key":"SMITH"},{"data":"animator:AyaShameimaru","floor":15,"key":"SMITH"}],"circlet_count":0,"master_deck":["animator:Defend_DateALive","animator:Strike","animator:Strike","animator:Defend","animator:Defend","animator:Defend","animator:ShidoItsuka","animator:YamaiSisters","animator:SakuyaOhtori+1","animator:Clownpiece+1","animator:TohkaYatogami+1","animator:Sonic","animator:AyaShameimaru+1","animator:Hibiki","animator:AyaShameimaru+1","animator:AkaneSenri+1"],"relics":["animator:LivingPicture","animator:TheMissingPiece","Frozen Egg 2"],"acts_visited":["Exordium"],"potions_floor_usage":[],"damage_taken":[{"damage":10,"enemies":"Cultist","floor":1,"turns":6},{"damage":0,"enemies":"Jaw Worm","floor":2,"turns":5},{"damage":0,"enemies":"2 Louse","floor":3,"turns":3},{"damage":4,"enemies":"Looter","floor":4,"turns":3},{"damage":2,"enemies":"3 Louse","floor":7,"turns":4},{"damage":0,"enemies":"2 Fungi Beasts","floor":12,"turns":8},{"damage":13,"enemies":"Blue Slaver","floor":14,"turns":8},{"damage":37,"enemies":"Slime Boss","floor":16,"turns":12}],"seed_played":"-8958270511875973919","potions_obtained":[{"floor":1,"key":"SteroidPotion"},{"floor":4,"key":"LiquidBronze"},{"floor":7,"key":"GamblersBrew"}],"is_trial":false,"path_per_floor":["M","M","M","M","?","R","M","R","T","R","$","M","?","M","R","B"],"character_chosen":"THE_ANIMATOR","items_purchased":["animator:Hibiki"],"campfire_rested":0,"item_purchase_floors":[11],"current_hp_per_floor":[56,56,56,52,52,52,50,50,50,50,50,50,50,37,37,0,0],"gold":94,"neow_bonus":"TRANSFORM_CARD","is_daily":false,"chose_seed":true,"campfire_upgraded":4,"win_rate":0.0,"timestamp":1610891085,"path_taken":["M","M","M","?","?","R","M","R","T","R","$","M","?","M","R","BOSS"],"items_purchased_type":["Card"],"build_version":"2020-12-22","purchased_purges":0,"victory":false,"max_hp_per_floor":[66,66,66,66,66,66,66,66,66,66,66,66,66,66,66,66,66],"card_choices":[{"not_picked":["animator:SanaeKochiya","animator:LuciaKonohana"],"picked":"animator:Clownpiece","floor":1},{"not_picked":["animator:DolaRiku","animator:Naotsugu"],"picked":"animator:TohkaYatogami","floor":2},{"not_picked":["animator:SougenEsaka","animator:Midou","animator:Genos"],"picked":"SKIP","floor":3},{"not_picked":["animator:Geryuganshoop","animator:Genos"],"picked":"animator:Sonic","floor":4},{"not_picked":["animator:TohkaYatogami","animator:FielNirvalen"],"picked":"animator:AyaShameimaru","floor":7},{"not_picked":["animator:Tatsumaki","animator:ReineMurasame"],"picked":"animator:AyaShameimaru","floor":12},{"not_picked":["animator:KomachiOnozuka","animator:ChihayaOhtori"],"picked":"animator:AkaneSenri+1","floor":14}],"player_experience":211089,"relics_obtained":[{"floor":9,"key":"Frozen Egg 2"}],"event_choices":[{"damage_healed":0,"gold_gain":0,"player_choice":"Grow","damage_taken":0,"max_hp_gain":0,"max_hp_loss":0,"event_name":"Living Wall","floor":5,"gold_loss":0,"cards_upgraded":["animator:TohkaYatogami"]}],"is_beta":false,"boss_relics":[],"items_purged_floors":[],"is_endless":false,"potions_floor_spawned":[1,4,7,14],"killed_by":"Slime Boss","ascension_level":0}}