{"host":"xp5rvh2jwe2ejyfm","time":1610899302,"event":{"mods":["BaseMod","Hermit","Minty Spire (QoL Compilation)","Replay The Spire","StSLib","The Construct","The Disciple","The Necromancer","The Runesmith"],"gold_per_floor":[112,304,320,334,334,334,359,359,359,319,319,337,355,355,355,454,454,472,484,496,66,66,84,94,94,119,119,119],"floor_reached":27,"language":"ENG","playtime":1133,"items_purged":[],"score":315,"play_id":"1e7e37f2-0567-47ed-9a23-3f830fd26745","local_time":"20210117110142","is_ascension_mode":false,"campfire_choices":[{"data":"hermit:Maintenance","floor":6,"key":"SMITH"},{"data":"hermit:FullyLoaded","floor":8,"key":"SMITH"},{"data":"hermit:Vantage","floor":11,"key":"SMITH"},{"floor":15,"key":"REST"}],"circlet_count":0,"master_deck":["hermit:Strike_Hermit","hermit:Strike_Hermit","hermit:Strike_Hermit","hermit:Strike_Hermit","hermit:Defend_Hermit","hermit:Defend_Hermit","hermit:Defend_Hermit","hermit:Defend_Hermit","hermit:Snapshot+1","hermit:Covet","hermit:Showdown","ReplayTheSpireMod:Splinters","hermit:Vantage+1","hermit:Maintenance+1","hermit:Determination","hermit:FullyLoaded+1","hermit:Deadeye","hermit:Ricochet","Injury","CommonCold","Doubt","hermit:Quickdraw+1","hermit:HighCaliber","hermit:Determination","hermit:BigShot","hermit:Showdown","hermit:Dive","Amnesia"],"relics":["hermit:Momento","Bottled Lightning","Singing Bowl","Mirror","Replay:Ancient Bell","Oddly Smooth Stone","Mercury Hourglass","construct:RocketBooster","Bottled Tornado","Ring of Fangs","Ring of Searing","hermit:RyeStalk"],"acts_visited":["Exordium","TheCity"],"potions_floor_usage":[7,13,16,16,18,21],"damage_taken":[{"damage":2,"enemies":"Small Slimes","floor":1,"turns":3},{"damage":0,"enemies":"Cultist","floor":3,"turns":3},{"damage":0,"enemies":"Jaw Worm","floor":4,"turns":3},{"damage":27,"enemies":"3 Sentries","floor":7,"turns":7},{"damage":13,"enemies":"Exordium Thugs","floor":12,"turns":6},{"damage":5,"enemies":"Exordium Wildlife","floor":13,"turns":2},{"damage":23,"enemies":"Hexaghost","floor":16,"turns":9},{"damage":35,"enemies":"Shell Parasite","floor":18,"turns":6},{"damage":6,"enemies":"Chosen","floor":19,"turns":4},{"damage":19,"enemies":"Snecko","floor":20,"turns":5},{"damage":14,"enemies":"Snake Plant","floor":23,"turns":5},{"damage":28,"enemies":"Shelled Parasite and Fungi","floor":24,"turns":7},{"damage":15,"enemies":"Gremlin Leader","floor":27,"turns":2}],"seed_played":"3003187469375791243","potions_obtained":[{"floor":4,"key":"Regen Potion"},{"floor":10,"key":"AttackPotion"},{"floor":10,"key":"FearPotion"},{"floor":10,"key":"Death Potion"},{"floor":13,"key":"DuplicationPotion"},{"floor":16,"key":"Fire Potion"},{"floor":19,"key":"Energy Potion"}],"is_trial":false,"path_per_floor":["M","?","M","M","T","R","E","R","T","?","R","M","M","?","R","B",null,"M","M","M","$","?","M","M","?","T","E"],"character_chosen":"HERMIT","items_purchased":["Bottled Tornado","hermit:BigShot","Fruit Juice"],"campfire_rested":1,"item_purchase_floors":[21,21,21],"current_hp_per_floor":[73,73,73,73,73,73,51,51,51,51,51,38,33,33,55,34,83,48,42,23,28,57,43,15,15,15,0,0],"gold":119,"neow_bonus":"RANDOM_EVENT","is_daily":false,"chose_seed":false,"campfire_upgraded":3,"win_rate":0.0,"timestamp":1610899302,"path_taken":["M","?","?","M","?","R","E","R","T","?","R","M","?","?","R","BOSS","M","M","M","$","?","M","M","?","T","E"],"items_purchased_type":["Relic","Card","Potion"],"build_version":"2020-12-22","purchased_purges":0,"victory":false,"max_hp_per_floor":[75,75,75,75,75,75,75,75,75,75,75,75,75,75,75,77,83,83,83,83,88,88,88,88,88,88,88,88],"card_choices":[{"not_picked":["hermit:Headshot","hermit:PistolWhip"],"picked":"hermit:Showdown","floor":1},{"not_picked":["hermit:HighCaliber","hermit:CalledShot"],"picked":"hermit:Vantage","floor":2},{"not_picked":["hermit:Determination","hermit:OverwhelmingPower"],"picked":"hermit:Maintenance","floor":3},{"not_picked":["hermit:TrackingShot","hermit:Desperado"],"picked":"hermit:Determination","floor":4},{"not_picked":["hermit:LowProfile","hermit:Spite"],"picked":"hermit:FullyLoaded","floor":7},{"not_picked":["hermit:TrackingShot","hermit:EternalForm"],"picked":"hermit:Deadeye","floor":12},{"not_picked":["hermit:Misfire","hermit:CalledShot"],"picked":"hermit:Ricochet","floor":13},{"not_picked":["hermit:OverwhelmingPower","hermit:Reprieve","hermit:HighNoon"],"picked":"Singing Bowl","floor":16},{"not_picked":["Injury","ReplayTheSpireMod:Doomed","CommonCold"],"picked":"Singing Bowl","floor":17},{"not_picked":["CommonCold","Decay","ReplayTheSpireMod:Splinters"],"picked":"Singing Bowl","floor":17},{"not_picked":["Clumsy","Doubt","Delirium"],"picked":"Singing Bowl","floor":17},{"not_picked":["hermit:LowProfile","hermit:Malice+1"],"picked":"hermit:Quickdraw+1","floor":18},{"not_picked":["hermit:Quickdraw","hermit:Purgatory"],"picked":"hermit:HighCaliber","floor":19},{"not_picked":["hermit:BodyArmor+1","hermit:Snipe"],"picked":"hermit:Determination","floor":20},{"not_picked":["hermit:LowProfile","hermit:Quickdraw"],"picked":"hermit:Showdown","floor":23},{"not_picked":["hermit:CalledShot","hermit:WideOpen+1"],"picked":"hermit:Dive","floor":24}],"player_experience":204041,"relics_obtained":[{"floor":5,"key":"Bottled Lightning"},{"floor":7,"key":"Singing Bowl"},{"floor":25,"key":"Ring of Fangs"},{"floor":25,"key":"Ring of Searing"},{"floor":26,"key":"hermit:RyeStalk"}],"event_choices":[{"damage_healed":0,"gold_gain":0,"player_choice":"Grow","damage_taken":0,"max_hp_gain":0,"max_hp_loss":0,"event_name":"Living Wall","floor":0,"gold_loss":0,"cards_upgraded":["hermit:Snapshot"]},{"damage_healed":0,"gold_gain":0,"player_choice":"Bought 3 Potions","damage_taken":0,"max_hp_gain":0,"max_hp_loss":0,"event_name":"The Woman in Blue","floor":10,"gold_loss":0},{"damage_healed":0,"gold_gain":0,"player_choice":"Gave Potion","damage_taken":0,"relics_obtained":["Mirror"],"max_hp_gain":0,"max_hp_loss":0,"event_name":"WeMeetAgain","floor":14,"gold_loss":0},{"damage_healed":29,"gold_gain":0,"player_choice":"Heal","damage_taken":0,"max_hp_gain":0,"max_hp_loss":0,"event_name":"The Library","floor":22,"gold_loss":0}],"is_beta":false,"boss_relics":[{"not_picked":["ReplayTheSpireMod:DimensionalGlitch","Runic Dome"],"picked":"Replay:Ancient Bell"},{"not_picked":["Regal Pillow","Ancient Tea Set"],"picked":"Oddly Smooth Stone"},{"not_picked":["Darkstone Periapt","Snack Pack"],"picked":"Mercury Hourglass"},{"not_picked":["Calipers","Replay:Multitool"],"picked":"construct:RocketBooster"}],"items_purged_floors":[],"is_endless":false,"potions_floor_spawned":[4,13,16,19],"killed_by":"Gremlin Leader","ascension_level":0}}