{"host":"h4qgcirtxz6qax9j","time":1610880330,"event":{"mods":["AchievementEnabler","Astrologer","BaseMod","Colored Powertips","Lobotomy","Minty Spire (QoL Compilation)","StSLib","SuperFastMode","The Cursed"],"gold_per_floor":[279,294,294,294,369,369,369,339,407,418,418,432,448,460,460,460,460],"floor_reached":16,"language":"KOR","playtime":390,"items_purged":[],"score":124,"play_id":"5ab2e8bc-5c24-43de-b60d-1a025a627cf8","local_time":"20210117194530","is_ascension_mode":true,"campfire_choices":[],"circlet_count":0,"master_deck":["SpecialBullet","SpecialBullet","SpecialBullet","SpecialBullet","SpecialBullet","SpecialBullet","SpecialBullet","SpecialBullet","ExtractionCode","SecurityCode","InformationCode","LongBird","Reverberation+1","UniverseFragment","SomewhereSpear+1","RapturousDream","GreedKing","CrimsonScar","CherryBlossom","Ecstasy","CherryBlossom","SomewhereSpear"],"relics":["CogitoBucket","Tiny Chest","Centennial Puzzle","Meat on the Bone"],"acts_visited":["Exordium"],"potions_floor_usage":[16,16],"damage_taken":[{"damage":12,"enemies":"Jaw Worm","floor":1,"turns":2},{"damage":16,"enemies":"2 Louse","floor":2,"turns":3},{"damage":0,"enemies":"Small Slimes","floor":10,"turns":3},{"damage":14,"enemies":"3 Louse","floor":12,"turns":3},{"damage":6,"enemies":"2 Fungi Beasts","floor":13,"turns":3},{"damage":36,"enemies":"Lots of Slimes","floor":14,"turns":7},{"damage":54,"enemies":"Hexaghost","floor":16,"turns":7}],"seed_played":"-7178409043816492833","potions_obtained":[{"floor":2,"key":"SpeedPotion"},{"floor":8,"key":"PowerPotion"},{"floor":8,"key":"SteroidPotion"}],"is_trial":false,"path_per_floor":["M","M","?","?","?","R","T","?","T","M","R","M","M","M","R","B"],"character_chosen":"Angela","items_purchased":[],"campfire_rested":0,"item_purchase_floors":[],"current_hp_per_floor":[59,51,56,41,30,30,30,30,30,50,50,56,61,51,51,0,0],"gold":460,"neow_bonus":"RANDOM_COMMON_RELIC","is_daily":false,"chose_seed":false,"campfire_upgraded":0,"win_rate":0.0,"timestamp":1610880330,"path_taken":["M","M","?","?","?","R","?","?","T","M","R","?","?","M","R","BOSS"],"items_purchased_type":[],"build_version":"2020-12-22","purchased_purges":0,"victory":false,"max_hp_per_floor":[70,70,75,75,75,75,75,75,75,75,75,75,75,75,75,75,75],"card_choices":[{"not_picked":["SingingMachine","HeroicMonk"],"picked":"LongBird","floor":1},{"not_picked":["BearPaw","CUTE"],"picked":"SKIP","floor":1},{"not_picked":["Discord"],"picked":"Reverberation","floor":2},{"not_picked":["Wellcheers","ShyLook"],"picked":"UniverseFragment","floor":2},{"not_picked":["FourthMatchFlame"],"picked":"SomewhereSpear","floor":2},{"not_picked":["Regret_ego","CherryBlossom"],"picked":"RapturousDream","floor":10},{"not_picked":["OSAHOGD","CrumblingArmor"],"picked":"GreedKing","floor":10},{"not_picked":["Discord","Loneliness","Harmony"],"picked":"SKIP","floor":10},{"not_picked":["TodaysExpression","Pleasure"],"picked":"CrimsonScar","floor":12},{"not_picked":["GalaxyChild","Woodsman","MHz"],"picked":"Singing Bowl","floor":12},{"not_picked":["FourthMatchFlame","Soda"],"picked":"CherryBlossom","floor":12},{"not_picked":["FieryBird","WallGazer","QueenOfHatred"],"picked":"Singing Bowl","floor":13},{"not_picked":["ScreamingWedge","CherryBlossom"],"picked":"Ecstasy","floor":13},{"not_picked":["Lantern","Regret_ego"],"picked":"CherryBlossom","floor":14},{"not_picked":["ShyLook","Wellcheers","Scorched"],"picked":"Singing Bowl","floor":14},{"not_picked":["CENSORED_ego","Tough"],"picked":"SomewhereSpear","floor":14}],"player_experience":167521,"relics_obtained":[{"floor":7,"key":"Centennial Puzzle"},{"floor":9,"key":"Meat on the Bone"}],"event_choices":[{"damage_healed":0,"gold_gain":0,"player_choice":"Donut","damage_taken":0,"max_hp_gain":5,"max_hp_loss":0,"event_name":"Big Fish","floor":3,"gold_loss":0},{"damage_healed":0,"gold_gain":0,"player_choice":"Entered Light","damage_taken":15,"max_hp_gain":0,"max_hp_loss":0,"event_name":"Shining Light","floor":4,"gold_loss":0,"cards_upgraded":["SomewhereSpear","Reverberation"]},{"damage_healed":0,"gold_gain":75,"player_choice":"Gather Gold","damage_taken":11,"max_hp_gain":0,"max_hp_loss":0,"event_name":"World of Goop","floor":5,"gold_loss":0},{"damage_healed":0,"gold_gain":0,"player_choice":"Bought 2 Potions","damage_taken":0,"max_hp_gain":0,"max_hp_loss":0,"event_name":"The Woman in Blue","floor":8,"gold_loss":0}],"is_beta":false,"boss_relics":[],"items_purged_floors":[],"is_endless":false,"potions_floor_spawned":[2,12],"killed_by":"Hexaghost","ascension_level":7}}