{"host":"6h0diz2ap0m56grs","time":1610866609,"event":{"mods":["2.2 Compatiblity","BaseMod","Colored Map","Marisa????????","Minty Spire (QoL Compilation)","Quick Restart","Replay The Spire","Shop Mod","StSLib","The Servant 0.9.4"],"gold_per_floor":[111,124,124,124,124,157,198,234,234,272,298,342,382,382,382,512,512,537,537,537,537,208,239,273,306,306,333,333,358,373,383,383,479,479,494,198,47,47,60,87,121,148,148,148,148,178,207,207,207,207],"floor_reached":51,"language":"ENG","playtime":1681,"items_purged":[],"score":1551,"play_id":"e9cc1cab-3e40-4371-8902-a7abe064765f","local_time":"20210117005649","daily_mods":["SealedDeck","Heirloom","Time Dilation","Flight"],"is_ascension_mode":true,"campfire_choices":[{"data":"MilkyWay","floor":15,"key":"SMITH"},{"data":"MilkyWay","floor":32,"key":"SMITH"},{"data":"CollectingQuirk","floor":45,"key":"SMITH"},{"data":"MilkyWay","floor":49,"key":"SMITH"}],"circlet_count":0,"master_deck":["ShootTheMoon","AlicesGift","NonDirectionalLaser","6A","StarBarrage","6A","UnstableBomb+1","MilkyWay+1","MilkyWay+1","MachineGunSpark","SuperPerseids+1","PowerUp","MilkyWay+1","6A","PropBag","UnstableBomb","AlicesGift","OneTimeOff+1","MilkyWay+1","CollectingQuirk+1","PowerUp+1","Pot Of Greed","Pot Of Greed","PowerUp+1","OortCloud","Pot Of Greed"],"relics":["MiniHakkero","replay:Trail_Library","Bloody Idol","Vajra","AmplifyWand","Pen Nib","Unceasing Top","Sozu","MutagenicStrength","MerchantsRug","SproutingBranch","StoneCalendar","Eternal Feather","Toy Ornithopter","Akabeko","Replay:Baseball","Replay:Rubber Ducky","Runic Pyramid","SimpleLauncher","Medical Kit","Grinning Jar","Strawberry","Mummified Hand","Golden Egg","Letter Opener","Bronze Scales"],"acts_visited":["Exordium","TheCity","TheBeyond"],"potions_floor_usage":[8,50,50,50],"damage_taken":[{"damage":0,"enemies":"2 Louse","floor":1,"turns":3},{"damage":0,"enemies":"Jaw Worm","floor":2,"turns":4},{"damage":0,"enemies":"Gremlin Nob","floor":6,"turns":3},{"damage":0,"enemies":"Lagavulin","floor":7,"turns":4},{"damage":0,"enemies":"3 Sentries","floor":8,"turns":4},{"damage":0,"enemies":"Gremlin Nob","floor":10,"turns":2},{"damage":0,"enemies":"Lagavulin","floor":12,"turns":3},{"damage":0,"enemies":"3 Sentries","floor":13,"turns":3},{"damage":0,"enemies":"Fading Forest","floor":16,"turns":9},{"damage":0,"enemies":"3 Byrds","floor":18,"turns":3},{"damage":0,"enemies":"Slavers","floor":23,"turns":3},{"damage":0,"enemies":"Book of Stabbing","floor":24,"turns":2},{"damage":2,"enemies":"Gremlin Leader","floor":25,"turns":4},{"damage":0,"enemies":"Book of Stabbing","floor":27,"turns":2},{"damage":0,"enemies":"Shell Parasite","floor":30,"turns":1},{"damage":0,"enemies":"Centurion and Healer","floor":31,"turns":2},{"damage":4,"enemies":"Champ","floor":33,"turns":8},{"damage":0,"enemies":"Orb Walker","floor":35,"turns":1},{"damage":0,"enemies":"3 Shapes","floor":39,"turns":1},{"damage":0,"enemies":"R_Hoarder","floor":40,"turns":4},{"damage":0,"enemies":"Reptomancer","floor":41,"turns":4},{"damage":0,"enemies":"R_Hoarder","floor":42,"turns":3},{"damage":0,"enemies":"Giant Head","floor":46,"turns":5},{"damage":0,"enemies":"R_Hoarder","floor":47,"turns":2},{"damage":0,"enemies":"Donu and Deca","floor":50,"turns":3}],"seed_played":"5922844810166494853","potions_obtained":[{"floor":7,"key":"Block Potion"},{"floor":8,"key":"Languid Potion"},{"floor":10,"key":"BottledSpark"},{"floor":12,"key":"Elixir"},{"floor":13,"key":"LiquidBronze"}],"is_trial":true,"path_per_floor":["M","M","?","?","?","E","E","E","T","E","T","E","E","?","R","B",null,"M","?","?","?","$","E","E","E","T","E","?","T","M","M","R","B",null,"M","$","$","?","M","E","E","E","T","?","R","E","E","?","R","B",null],"character_chosen":"MARISA","items_purchased":["UnstableBomb","MerchantsRug","SproutingBranch","SimpleLauncher","Medical Kit"],"campfire_rested":0,"item_purchase_floors":[22,22,22,36,37],"current_hp_per_floor":[75,75,57,57,57,57,57,57,57,57,57,57,59,59,59,71,75,75,75,75,75,75,75,75,75,75,75,75,75,75,75,75,75,75,75,75,75,75,75,75,82,82,82,82,82,82,82,82,82,82],"gold":207,"neow_bonus":"","is_daily":false,"chose_seed":false,"campfire_upgraded":4,"win_rate":0.0,"timestamp":1610866609,"path_taken":["M","M","?","?","?","E","E","E","T","E","?","E","E","?","R","BOSS","M","?","?","?","$","E","E","E","T","E","?","?","M","?","R","BOSS","M","$","$","?","M","E","E","E","T","?","R","E","E","?","R","BOSS"],"items_purchased_type":["Card","Relic","Relic","Relic","Relic"],"build_version":"2020-12-22","purchased_purges":0,"victory":true,"max_hp_per_floor":[75,75,75,75,75,75,75,75,75,75,75,75,75,75,75,75,75,75,75,75,75,75,75,75,75,75,75,75,75,75,75,75,75,75,75,75,75,75,75,75,82,82,82,82,82,82,82,82,82,82],"card_choices":[{"not_picked":["MagicAbsorber","WitchOfGreed","DoubleSpark"],"picked":"SKIP","floor":1},{"not_picked":["DoubleSpark","GasGiant"],"picked":"MachineGunSpark","floor":2},{"not_picked":["MysteriousBeam","FairyDestructionRay","LuminesStrike"],"picked":"SKIP","floor":6},{"not_picked":["LuminesStrike","IllusionStar","GalacticHalo"],"picked":"SKIP","floor":7},{"not_picked":["Acceleration","GalacticHalo"],"picked":"PowerUp","floor":8},{"not_picked":["EventHorizon","GalacticHalo","ShootTheMoon"],"picked":"SKIP","floor":10},{"not_picked":["DeepEcoloBomb","MagicChant","ChargingUp"],"picked":"SKIP","floor":12},{"not_picked":["BlazingStar","BigCrunch"],"picked":"6A","floor":13},{"not_picked":["6A+1","OpenUniverse","WitchOfGreed"],"picked":"SKIP","floor":18},{"not_picked":["MysteriousBeam","DoubleSpark"],"picked":"OneTimeOff","floor":23},{"not_picked":["GrandCross","MysteriousBeam","WitchOfGreed"],"picked":"SKIP","floor":24},{"not_picked":["Orbital+1","Acceleration","6A"],"picked":"SKIP","floor":25},{"not_picked":["PropBag+1","AsteroidBelt","LuminesStrike"],"picked":"SKIP","floor":27},{"not_picked":["PowerUp","EnergyRecoil","MeteoricShower"],"picked":"SKIP","floor":30},{"not_picked":["MeteoricShower","AlicesGift"],"picked":"OneTimeOff+1","floor":31},{"not_picked":["BigCrunch","UltimateShortwave"],"picked":"CollectingQuirk","floor":33},{"not_picked":["NonDirectionalLaser+1","UnstableBomb+1"],"picked":"PowerUp+1","floor":35},{"not_picked":["DC","WitchOfGreed+1","OrrerysSun"],"picked":"SKIP","floor":39},{"not_picked":["MilkyWay","DragonMeteor+1","DeepEcoloBomb+1"],"picked":"SKIP","floor":40},{"not_picked":["GalacticHalo","EnergyRecoil+1","SatelliteIllusion"],"picked":"SKIP","floor":41},{"not_picked":["Acceleration+1","ManaConvection","PowerUp+1"],"picked":"SKIP","floor":42},{"not_picked":["Acceleration+1","ManaConvection"],"picked":"PowerUp+1","floor":42},{"not_picked":["MagicAbsorber+1","PowerUp+1","Acceleration"],"picked":"SKIP","floor":46},{"not_picked":["EventHorizon+1","EscapeVelocity","UnstableBomb"],"picked":"SKIP","floor":47}],"player_experience":197947,"relics_obtained":[{"floor":6,"key":"Pet Ghost"},{"floor":7,"key":"Lizard Tail"},{"floor":8,"key":"Vajra"},{"floor":9,"key":"AmplifyWand"},{"floor":10,"key":"Pen Nib"},{"floor":11,"key":"Gremlin Food"},{"floor":12,"key":"Blood Vial"},{"floor":13,"key":"Unceasing Top"},{"floor":23,"key":"StoneCalendar"},{"floor":24,"key":"Eternal Feather"},{"floor":25,"key":"Toy Ornithopter"},{"floor":26,"key":"Akabeko"},{"floor":27,"key":"Replay:Baseball"},{"floor":29,"key":"Replay:Rubber Ducky"},{"floor":40,"key":"Grinning Jar"},{"floor":41,"key":"Strawberry"},{"floor":42,"key":"Mummified Hand"},{"floor":43,"key":"Golden Egg"},{"floor":46,"key":"Letter Opener"},{"floor":47,"key":"Bronze Scales"}],"event_choices":[{"damage_healed":0,"gold_gain":0,"player_choice":"Take Damage","damage_taken":18,"relics_obtained":["Golden Idol"],"max_hp_gain":0,"max_hp_loss":0,"event_name":"Golden Idol","floor":3,"gold_loss":0},{"damage_healed":0,"gold_gain":0,"player_choice":"Grow","damage_taken":0,"max_hp_gain":0,"max_hp_loss":0,"event_name":"Living Wall","floor":5,"gold_loss":0,"cards_upgraded":["MilkyWay"]},{"damage_healed":0,"gold_gain":0,"player_choice":"Inject Mutagens","damage_taken":0,"relics_obtained":["MutagenicStrength"],"max_hp_gain":0,"max_hp_loss":0,"event_name":"Drug Dealer","floor":19,"gold_loss":0},{"damage_healed":0,"gold_gain":0,"player_choice":"Gave Idol","damage_taken":0,"relics_obtained":["Bloody Idol"],"max_hp_gain":0,"max_hp_loss":0,"event_name":"Forgotten Altar","floor":20,"relics_lost":["Golden Idol"],"gold_loss":0},{"damage_healed":0,"gold_gain":0,"player_choice":"Ignored","damage_taken":0,"max_hp_gain":0,"max_hp_loss":0,"event_name":"The Mausoleum","floor":21,"gold_loss":0},{"damage_healed":0,"gold_gain":0,"player_choice":"Ignored","damage_taken":0,"max_hp_gain":0,"max_hp_loss":0,"event_name":"Ghosts","floor":28,"gold_loss":0},{"damage_healed":0,"gold_gain":0,"player_choice":"Memory 1","damage_taken":0,"max_hp_gain":0,"max_hp_loss":0,"event_name":"SensoryStone","floor":44,"gold_loss":0},{"cards_removed":["OneTimeOff"],"damage_healed":0,"gold_gain":0,"player_choice":"Removed Skill","damage_taken":0,"max_hp_gain":0,"max_hp_loss":0,"event_name":"Falling","floor":48,"gold_loss":0}],"is_beta":false,"boss_relics":[{"not_picked":["Snecko Eye","Black Star"],"picked":"Sozu"},{"not_picked":["Fusion Hammer","ChewingGum"],"picked":"Runic Pyramid"}],"items_purged_floors":[],"is_endless":false,"potions_floor_spawned":[7,8,10,12,13,24,25,27,30,40,46,47],"ascension_level":1}}