{"host":"oigynbtg272c19pw","time":1610913229,"event":{"mods":["BaseMod","Colored Map","Minty Spire (QoL Compilation)","Relic Stats","Slay the Relics Exporter","StSLib"],"gold_per_floor":[112,112,112,112,7,7,7],"floor_reached":6,"playtime":135,"items_purged":[],"score":64,"play_id":"5fd2dfdf-945a-445c-874d-e2164efbddc1","local_time":"20210117205349","is_ascension_mode":true,"campfire_choices":[],"circlet_count":0,"master_deck":["AscendersBane","Strike_G","Strike_G","Strike_G","Strike_G","Strike_G","Defend_G","Defend_G","Defend_G","Defend_G","Defend_G","Survivor","Neutralize","Blade Dance","Footwork","Flying Knee"],"relics":["Ring of the Snake","Lizard Tail","Golden Idol"],"acts_visited":["Exordium"],"potions_floor_usage":[],"damage_taken":[{"damage":4,"enemies":"Small Slimes","floor":1,"turns":4},{"damage":12,"enemies":"Lagavulin","floor":6,"turns":6}],"seed_played":"-8506893948973015011","potions_obtained":[],"is_trial":false,"path_per_floor":["M","?","?","?","$","E"],"character_chosen":"THE_SILENT","items_purchased":["Footwork","Flying Knee"],"campfire_rested":0,"item_purchase_floors":[5,5],"current_hp_per_floor":[40,40,45,65,65,53,53],"gold":7,"neow_bonus":"ONE_RARE_RELIC","is_daily":false,"chose_seed":false,"campfire_upgraded":0,"win_rate":0.0,"timestamp":1610913229,"path_taken":["M","?","?","?","$","E"],"items_purchased_type":["Card","Card"],"build_version":"2020-12-13","purchased_purges":0,"victory":false,"max_hp_per_floor":[66,60,65,65,65,65,65],"relic_stats":{"Lizard Tail":0,"counters":[2,10],"Golden Idol":0,"obtain_stats":[{"Lizard Tail":0,"Golden Idol":2,"Ring of the Snake":0},{"Lizard Tail":0,"Golden Idol":1,"Ring of the Snake":0},{"Lizard Tail":0,"Golden Idol":4,"Ring of the Snake":0}],"Ring of the Snake":[4]},"card_choices":[{"not_picked":["Bane","Dagger Throw"],"picked":"Blade Dance","floor":1}],"player_experience":1428661,"relics_obtained":[],"event_choices":[{"damage_healed":0,"gold_gain":0,"player_choice":"Lose Max HP","damage_taken":0,"relics_obtained":["Golden Idol"],"max_hp_gain":0,"max_hp_loss":6,"event_name":"Golden Idol","floor":2,"gold_loss":0},{"damage_healed":0,"gold_gain":0,"player_choice":"Donut","damage_taken":0,"max_hp_gain":5,"max_hp_loss":0,"event_name":"Big Fish","floor":3,"gold_loss":0},{"damage_healed":20,"gold_gain":0,"player_choice":"Full Heal","damage_taken":0,"max_hp_gain":0,"max_hp_loss":0,"event_name":"Wheel of Change","floor":4,"gold_loss":0}],"is_beta":false,"boss_relics":[],"items_purged_floors":[],"is_endless":false,"potions_floor_spawned":[],"killed_by":"Lagavulin","ascension_level":20}}