{"host":"qjjo2tl9lbhe5pjm","time":1610866070,"event":{"mods":["Act Like it!","Aspiration","BaseMod","Better Third Choice","BetterRewards","Challenge The Spire","Conspire","Energized Spire","GifTheSpireLib","Halation","HexUI Lib","Hubris","Infinite Spire","Minty Spire (QoL Compilation)","Pale of the Ancients","Replay The Spire","Shop Mod","StSLib","Stuff the Spire","SuperFastMode","Synergy Search","The Jungle"],"gold_per_floor":[737,164,194,228,253,253,88,88,224,348,476,476,351,50,151,267,400,525],"floor_reached":19,"language":"ENG","playtime":441,"items_purged":["Defend_P","Defend_P","Defend_P","Defend_P"],"score":520,"play_id":"2556a6af-a97f-476a-afca-46eb0522ff59","local_time":"20210117004750","daily_mods":["challengethespire:Bronze Difficulty","challengethespire:Modded Elite Rush","Uncertain Future"],"is_ascension_mode":false,"campfire_choices":[{"data":"Eruption","floor":8,"key":"SMITH"}],"circlet_count":0,"master_deck":["Strike_P+1","Strike_P","Strike_P","Strike_P","Eruption+1","Vigilance","Tantrum+1","Master of Strategy","CrushJoints","CutThroughFate","CutThroughFate","FlurryOfBlows","FlurryOfBlows","FlurryOfBlows","FlurryOfBlows","Tantrum","Tantrum","Tantrum","FlurryOfBlows","Tantrum+1","FlurryOfBlows"],"relics":["PureWater","Black Star","Sling","PreservedInsect","MerchantsRug","StuffTheSpire:Mouthbags","Guide Book","hubris:CrystalStatue","conspire:Boomerang","hubris:FunFungus","Omamori","StuffTheSpire:TintedRock","aspiration:RitualDagger","halation:NonexistentMirror","halation:AfternoonTea","hubris:SlimyHat","StrikeDummy","aspiration:ChemicalBlood","Blue Candle","Boot","Calling Bell","halation:IllGainedPizza","conspire:DeflatedDodgeball","Pocketwatch","Replay:Baseball","halation:PromiseList","StuffTheSpire:Expresso","Replay:Wax Seal","Strawberry","Blood Vial","Ginger","StoneCalendar","Lizard Tail"],"acts_visited":["Exordium"],"potions_floor_usage":[16,18,18,18],"damage_taken":[{"damage":0,"enemies":"Gremlin Nob","floor":3,"turns":1},{"damage":4,"enemies":"Replay:BlueRogue","floor":4,"turns":2},{"damage":0,"enemies":"3 Sentries","floor":5,"turns":2},{"damage":29,"enemies":"Replay:Snechameleon","floor":9,"turns":3},{"damage":6,"enemies":"conspire:SneckoGhost","floor":10,"turns":2},{"damage":3,"enemies":"conspire:Head Lice","floor":11,"turns":1},{"damage":3,"enemies":"Reptomancer","floor":15,"turns":1},{"damage":35,"enemies":"Giant Head","floor":16,"turns":3},{"damage":3,"enemies":"Nemesis","floor":17,"turns":1},{"damage":3,"enemies":"Shield and Spear","floor":18,"turns":1}],"seed_played":"6408609437317774922","potions_obtained":[{"floor":4,"key":"DistilledChaos"},{"floor":10,"key":"Strength Potion"},{"floor":11,"key":"infinitespire:BlackPotion"},{"floor":15,"key":"Strength Potion"},{"floor":16,"key":"FearPotion"}],"is_trial":true,"path_per_floor":["$","$","E","E","E","T","$","R","E","E","E","T","$","$","E","E","E","E",null],"character_chosen":"WATCHER","items_purchased":["MerchantsRug","Tantrum","StuffTheSpire:Mouthbags","Guide Book","Master of Strategy","halation:NonexistentMirror","FlurryOfBlows","Replay:Baseball"],"campfire_rested":0,"item_purchase_floors":[1,1,2,2,2,7,7,14],"current_hp_per_floor":[72,72,72,68,68,68,68,68,40,34,31,31,31,31,28,79,79,79],"gold":525,"neow_bonus":"","is_daily":false,"chose_seed":false,"campfire_upgraded":1,"win_rate":0.0,"timestamp":1610866070,"path_taken":["$","$","E","E","E","T","$","R","E","E","E","T","$","$","E","E","E","E"],"items_purchased_type":["Relic","Card","Relic","Relic","Card","Relic","Card","Relic"],"build_version":"2020-12-22","purchased_purges":4,"victory":true,"max_hp_per_floor":[72,72,72,72,72,72,72,72,72,72,72,72,72,72,72,79,79,79],"card_choices":[],"player_experience":672095,"relics_obtained":[{"floor":3,"key":"hubris:CrystalStatue"},{"floor":3,"key":"conspire:Boomerang"},{"floor":4,"key":"ReplayFunnel"},{"floor":4,"key":"hubris:FunFungus"},{"floor":5,"key":"Omamori"},{"floor":5,"key":"StuffTheSpire:TintedRock"},{"floor":9,"key":"halation:AfternoonTea"},{"floor":9,"key":"hubris:SlimyHat"},{"floor":10,"key":"StrikeDummy"},{"floor":10,"key":"aspiration:ChemicalBlood"},{"floor":11,"key":"Blue Candle"},{"floor":11,"key":"Boot"},{"floor":12,"key":"halation:IllGainedPizza"},{"floor":12,"key":"conspire:DeflatedDodgeball"},{"floor":12,"key":"Pocketwatch"},{"floor":15,"key":"halation:PromiseList"},{"floor":15,"key":"StuffTheSpire:Expresso"},{"floor":16,"key":"Replay:Wax Seal"},{"floor":16,"key":"Strawberry"},{"floor":17,"key":"Blood Vial"},{"floor":17,"key":"Ginger"},{"floor":18,"key":"StoneCalendar"},{"floor":18,"key":"Lizard Tail"}],"event_choices":[],"is_beta":false,"boss_relics":[{"not_picked":["halation:ForbiddenBikini","HolyWater"],"picked":"aspiration:RitualDagger"},{"not_picked":["infinitespire:Cupcake","Runic Pyramid"],"picked":"Calling Bell"}],"items_purged_floors":[1,2,13,14],"is_endless":false,"potions_floor_spawned":[4,10,11,15],"ascension_level":0}}