{"host":"4rvakrj1idbgia3f","time":1610894285,"event":{"mods":["BaseMod","Colored Map","Colored Powertips","DeckTracker","Highlight Path","MarisaÅiñ∂âJÅ@ñÇóùçπÅj","Minty Spire (QoL Compilation)","Random Character Button","StSLib"],"gold_per_floor":[211,225,225,241,241,241,241,241],"floor_reached":7,"language":"JPN","playtime":251,"items_purged":[],"score":53,"play_id":"5829e907-4829-445c-abd6-0aed1ffe0315","local_time":"20210117233805","is_ascension_mode":true,"campfire_choices":[{"data":"MasterSpark","floor":6,"key":"SMITH"}],"circlet_count":0,"master_deck":["Strike_MRS","Strike_MRS","Strike_MRS","Strike_MRS","Defend_MRS","Defend_MRS","Defend_MRS","Defend_MRS","MasterSpark+1","UpSweep","RefractionSpark","DarkMatter","ShootingEcho"],"relics":["MiniHakkero","Golden Idol"],"acts_visited":["Exordium"],"potions_floor_usage":[],"damage_taken":[{"damage":0,"enemies":"Small Slimes","floor":1,"turns":3},{"damage":12,"enemies":"Jaw Worm","floor":2,"turns":4},{"damage":9,"enemies":"2 Louse","floor":4,"turns":2},{"damage":15,"enemies":"3 Sentries","floor":7,"turns":3}],"seed_played":"86538811832220634","potions_obtained":[{"floor":1,"key":"Weak Potion"}],"is_trial":false,"path_per_floor":["M","M","?","M","?","R","E"],"character_chosen":"MARISA","items_purchased":[],"campfire_rested":0,"item_purchase_floors":[],"current_hp_per_floor":[68,56,56,47,47,47,32,32],"gold":241,"neow_bonus":"HUNDRED_GOLD","is_daily":false,"chose_seed":false,"campfire_upgraded":1,"win_rate":0.0,"timestamp":1610894285,"path_taken":["M","M","?","M","?","R","E"],"items_purchased_type":[],"build_version":"2020-12-22","purchased_purges":0,"victory":false,"max_hp_per_floor":[75,75,69,69,69,69,69,69],"card_choices":[{"not_picked":["EnergyRecoil","MysteriousBeam"],"picked":"RefractionSpark","floor":1},{"not_picked":["SprinkleStarSeal","PropBag"],"picked":"DarkMatter","floor":2},{"not_picked":["OpenUniverse","AlicesGift"],"picked":"ShootingEcho","floor":4}],"player_experience":2092186,"relics_obtained":[],"event_choices":[{"damage_healed":0,"gold_gain":0,"player_choice":"Lose Max HP","damage_taken":0,"relics_obtained":["Golden Idol"],"max_hp_gain":0,"max_hp_loss":6,"event_name":"Golden Idol","floor":3,"gold_loss":0},{"damage_healed":0,"gold_gain":0,"player_choice":"Ignored","damage_taken":0,"max_hp_gain":0,"max_hp_loss":0,"event_name":"Liars Game","floor":5,"gold_loss":0}],"is_beta":false,"boss_relics":[],"items_purged_floors":[],"is_endless":false,"potions_floor_spawned":[1],"killed_by":"3 Sentries","ascension_level":6}}