{"host":"g868zphnms2wggi3","time":1610861650,"event":{"mods":["Act Like it!","Arknights The Spire","BaseMod","Colored Map","Gensokyo","GifTheSpireLib","Good Game Mod","Infinite Spire","KinomotoSakuraMod(ƒæ÷Æ±æ”£)","Minty Spire (QoL Compilation)","Reimu£®≤©¿ˆ¡È√Œ£©","Replay The Spire","StSLib","The Administrix","The Animator","The Bladedancer","The Bug Knight","The Cursed","The Necromancer","The Senshi","The Servant 0.9.4","Youmu£®ªÍ∆«—˝√Œ£©","Yuyuko"],"gold_per_floor":[112,112,124,4,4,37,37,64,64,80,80,94,104,137,137,237,237,252,265,265,265,303,373,385,440,475,514,560,609,390,390,390,498,498,533,599,37,37,79,79,129,165,165,213,213,213,213,252,252,262],"floor_reached":51,"language":"ZHS","playtime":8956,"items_purged":["Strike_S","Defend_S"],"score":1015,"play_id":"c10633f6-5e34-4a76-968b-fba02f4faacd","local_time":"20210117133410","is_ascension_mode":false,"campfire_choices":[{"data":"Blind","floor":7.0,"key":"SMITH"},{"data":"Luminosity","floor":15.0,"key":"SMITH"},{"data":"ReplayTheSpireMod:Uncanny Aura","floor":24.0,"key":"SMITH"},{"data":"Solidify","floor":32.0,"key":"SMITH"},{"floor":40.0,"key":"RECALL"},{"data":"Defend_S","floor":49,"key":"PURGE"}],"circlet_count":0,"master_deck":["Strike_S","Strike_S","Defend_S","Defend_S","KidneyShot","Exchange","Seek","Rearm","Luminosity+1","Secret Weapon","Blind+1","ReplayTheSpireMod:Uncanny Aura+1","BottledTime","ReturningBlade","InstantArmor","Pot Of Greed+1","Pot Of Greed","Defy","Dilation","Injury","animator:Curse_Dizziness","Overencumbered","Advance","Pot Of Greed+1","RealityMarble","BestPractice+1","BottledTime","Solidify+1","Foresight+1","Overencumbered","LightFlow","Starlight","ReplayTheSpireMod:Splinters","SurpressingFire+1","BestPractice+1","StarChef+1","Pot Of Greed","SilverBlades+1","ReplayTheSpireMod:Uncanny Aura+1","Parasite","KillingDoll+1"],"relics":["Uniform","REME:ComplimentaryCards","ReplayTheSpireMod:ShopPack","Meat on the Bone","Replay:Baseball","PreservedInsect","Grinning Jar","Replay:Ancient Bell","Simple Rune","Matryoshka","FossilizedHelix","MawBank","Replay:Bandana","infinitespire:FocusingShard","Juzu Bracelet","theSenshi:SailorFukuRelic","Dream Catcher","Tiny Chest","Replay:Wax Seal","Fusion Hammer","ReplayTheSpireMod:Lightbulb","War Paint","CrazyTorch:ReiMu","Iron Hammer","Mummified Hand","InkBottle","Golden Egg"],"acts_visited":["Exordium","TheCity","TheBeyond"],"potions_floor_usage":[50],"damage_taken":[{"damage":0.0,"enemies":"Cultist","floor":1.0,"turns":4.0},{"damage":0.0,"enemies":"2 Louse","floor":3.0,"turns":5.0},{"damage":12.0,"enemies":"Gremlin Nob","floor":6.0,"turns":2.0},{"damage":27.0,"enemies":"Lagavulin","floor":8.0,"turns":11.0},{"damage":0.0,"enemies":"Small Slimes","floor":10.0,"turns":3.0},{"damage":0.0,"enemies":"Exordium Wildlife","floor":12.0,"turns":4.0},{"damage":9.0,"enemies":"Exordium Thugs","floor":13.0,"turns":5.0},{"damage":10.0,"enemies":"3 Sentries","floor":14.0,"turns":5.0},{"damage":25.0,"enemies":"Fading Forest","floor":16.0,"turns":11.0},{"damage":1.0,"enemies":"Shell Parasite","floor":18.0,"turns":9.0},{"damage":6.0,"enemies":"Chosen","floor":19.0,"turns":11.0},{"damage":0.0,"enemies":"Snake Plant","floor":22.0,"turns":8.0},{"damage":28.0,"enemies":"Slavers","floor":23.0,"turns":7.0},{"damage":18.0,"enemies":"3 Cultists","floor":25.0,"turns":7.0},{"damage":28.0,"enemies":"Snecko","floor":27.0,"turns":15.0},{"damage":10.0,"enemies":"Sentry and Sphere","floor":28.0,"turns":6.0},{"damage":0.0,"enemies":"Book of Stabbing","floor":29.0,"turns":8.0},{"damage":33.0,"enemies":"Automaton","floor":33.0,"turns":16.0},{"damage":0.0,"enemies":"3 Shapes","floor":35.0,"turns":8.0},{"damage":0.0,"enemies":"Orb Walker","floor":39.0,"turns":4.0},{"damage":28.0,"enemies":"Reptomancer","floor":41.0,"turns":7.0},{"damage":10.0,"enemies":"Spire Growth","floor":42.0,"turns":5.0},{"damage":0.0,"enemies":"R_Hoarder","floor":44.0,"turns":6.0},{"damage":0,"enemies":"Writhing Mass","floor":48,"turns":5},{"damage":49,"enemies":"Time Eater","floor":50,"turns":7}],"seed_played":"-2498438392426655284","potions_obtained":[{"floor":1.0,"key":"ZuzhouPotion:ReiMu"},{"floor":2.0,"key":"Milkshake"},{"floor":2.0,"key":"Death Potion"},{"floor":6.0,"key":"Strength Potion"},{"floor":8.0,"key":"Swift Potion"},{"floor":10.0,"key":"EntropicBrew"},{"floor":18.0,"key":"DistilledChaos"},{"floor":25.0,"key":"SkillPotion"},{"floor":28.0,"key":"Venom Potion"},{"floor":29.0,"key":"Fire Potion"},{"floor":33.0,"key":"SpeedPotion"},{"floor":36.0,"key":"SmokeBomb"},{"floor":36.0,"key":"DistilledChaos"},{"floor":39.0,"key":"Dexterity Potion"},{"floor":48,"key":"Adrenaline Potion"}],"is_trial":false,"path_per_floor":["M","?","M","$","?","E","R","E","T","M","?","M","M","E","R","B",null,"M","M","?","T","M","E","R","M","T","M","M","E","$","?","R","B",null,"M","?","$","?","M","R","E","M","T","E","T","?","?","M","R_BF","B",null],"character_chosen":"THE_SERVANT","items_purchased":["ReplayTheSpireMod:ShopPack","Tiny Chest","BestPractice+1","War Paint","CrazyTorch:ReiMu"],"campfire_rested":0,"item_purchase_floors":[4,30,37,37,37],"current_hp_per_floor":[71,71,71,71,76,64,64,49,49,49,49,49,40,42,42,39,76,75,69,69,69,69,56,56,50,50,34,36,48,48,48,48,27,76,76,76,76,76,76,76,48,50,50,50,50,50,50,50,50,13],"gold":262,"neow_bonus":"TEN_PERCENT_HP_BONUS","is_daily":false,"chose_seed":false,"campfire_upgraded":4,"win_rate":0.0,"timestamp":1610861650,"path_taken":["M","?","?","?","?","E","R","E","T","M","?","M","?","E","R","BOSS","M","M","?","?","M","E","R","M","T","M","M","E","$","?","R","BOSS","M","?","$","?","M","R","E","M","T","E","?","?","?","M","R_BF","BOSS"],"items_purchased_type":["Relic","Relic","Card","Relic","Relic"],"build_version":"2020-12-22","purchased_purges":2,"victory":true,"max_hp_per_floor":[71,71,71,71,76,76,76,76,76,76,76,76,76,76,76,76,76,76,76,76,76,76,76,76,76,76,76,76,76,76,76,76,76,76,76,76,76,76,76,76,76,76,76,76,76,72,72,72,72,72],"card_choices":[{"not_picked":["Unruled","FastForward"],"picked":"Rearm","floor":1.0},{"not_picked":["ShiftingGears","TimeWarp"],"picked":"Luminosity","floor":3.0},{"not_picked":["ReplayTheSpireMod:Necrogeddon","ReplayTheSpireMod:Brewmster"],"picked":"Secret Weapon","floor":4.0},{"not_picked":["Replay:Sssssssssshield","Specialist"],"picked":"Blind","floor":4.0},{"not_picked":["Replay:Sssssssssstrike","Blind"],"picked":"ReplayTheSpireMod:Uncanny Aura","floor":4.0},{"not_picked":["Spin","Reset","FastForward"],"picked":"SKIP","floor":6.0},{"not_picked":["SpecialFormula","Spin"],"picked":"BottledTime","floor":8.0},{"not_picked":["DoubleEdge","Foresight"],"picked":"ReturningBlade","floor":10.0},{"not_picked":["Unruled","TimeWarp","Replace"],"picked":"SKIP","floor":12.0},{"not_picked":["Desolation","DoubleEdge"],"picked":"InstantArmor","floor":13.0},{"not_picked":["Duplication","Reset"],"picked":"Defy","floor":14.0},{"not_picked":["MurderousAura","Deny"],"picked":"Dilation","floor":16.0},{"not_picked":["Languid","animator:Curse_Dizziness"],"picked":"Injury","floor":17.0},{"not_picked":["Decay","AbeCurse"],"picked":"animator:Curse_Dizziness","floor":17.0},{"not_picked":["ReplayTheSpireMod:Faulty Equipment","Shame"],"picked":"Overencumbered","floor":17.0},{"not_picked":["TimeWarp","ShatteredReality","Sabotage"],"picked":"SKIP","floor":18.0},{"not_picked":["Deny","Read"],"picked":"Advance","floor":19.0},{"not_picked":["Barrier+1","Luminosity"],"picked":"BestPractice+1","floor":22.0},{"not_picked":["Replace","Unruled","Reset"],"picked":"SKIP","floor":23.0},{"not_picked":["FastForward","ShatteredReality"],"picked":"BottledTime","floor":25.0},{"not_picked":["Starlight","Collapse"],"picked":"Solidify","floor":27.0},{"not_picked":["Rewind","TimeWarp","Replace"],"picked":"SKIP","floor":28.0},{"not_picked":["Barrier","ReturningBlade"],"picked":"Foresight+1","floor":29.0},{"not_picked":["KillingDoll","SoulSculpture"],"picked":"LightFlow","floor":33.0},{"not_picked":["BottledTime+1","DoubleEdge"],"picked":"Starlight","floor":35.0},{"not_picked":["ShatteredReality","GearUp+1"],"picked":"SurpressingFire","floor":36.0},{"not_picked":["BottledTime","Rearm","Ricochet"],"picked":"SKIP","floor":39.0},{"not_picked":["Starlight","Advance+1","FastForward+1"],"picked":"SKIP","floor":41.0},{"not_picked":["Alleviate","Snipe"],"picked":"StarChef+1","floor":42.0},{"not_picked":["Replace","Comet"],"picked":"SilverBlades+1","floor":44.0},{"not_picked":["GearUp+1","Unruled+1"],"picked":"KillingDoll","floor":48}],"player_experience":175799,"relics_obtained":[{"floor":6.0,"key":"Meat on the Bone"},{"floor":8.0,"key":"Replay:Baseball"},{"floor":9.0,"key":"PreservedInsect"},{"floor":14.0,"key":"Grinning Jar"},{"floor":21.0,"key":"MawBank"},{"floor":21.0,"key":"Replay:Bandana"},{"floor":23.0,"key":"infinitespire:FocusingShard"},{"floor":26.0,"key":"Juzu Bracelet"},{"floor":26.0,"key":"theSenshi:SailorFukuRelic"},{"floor":29.0,"key":"Dream Catcher"},{"floor":36.0,"key":"ReplayTheSpireMod:Lightbulb"},{"floor":41.0,"key":"Iron Hammer"},{"floor":43.0,"key":"Mummified Hand"},{"floor":44.0,"key":"InkBottle"},{"floor":45.0,"key":"Golden Egg"}],"event_choices":[{"damage_healed":0.0,"max_hp_gain":0.0,"max_hp_loss":0.0,"gold_gain":0.0,"event_name":"Lab","player_choice":"Got Potions","floor":2.0,"gold_loss":0.0,"damage_taken":0.0},{"damage_healed":0.0,"max_hp_gain":5.0,"max_hp_loss":0.0,"gold_gain":0.0,"event_name":"Big Fish","player_choice":"Donut","floor":5.0,"gold_loss":0.0,"damage_taken":0.0},{"damage_healed":0.0,"max_hp_gain":0.0,"max_hp_loss":0.0,"gold_gain":0.0,"event_name":"The Library","player_choice":"Read","floor":20.0,"gold_loss":0.0,"damage_taken":0.0,"cards_obtained":["RealityMarble"]},{"damage_healed":0.0,"max_hp_gain":0.0,"max_hp_loss":0.0,"gold_gain":0.0,"event_name":"Upgrade Shrine","player_choice":"Upgraded","floor":38.0,"gold_loss":0.0,"damage_taken":0.0,"cards_upgraded":["SurpressingFire"]},{"damage_healed":0,"gold_gain":0,"player_choice":"Max HP","damage_taken":0,"max_hp_gain":0,"max_hp_loss":4,"event_name":"Winding Halls","floor":46,"gold_loss":0},{"damage_healed":0,"gold_gain":0,"player_choice":"Copied","damage_taken":0,"max_hp_gain":0,"max_hp_loss":0,"event_name":"Duplicator","floor":47,"gold_loss":0,"cards_obtained":["ReplayTheSpireMod:Uncanny Aura"]}],"is_beta":false,"boss_relics":[{"not_picked":["Replay:Grab Bag","ReplayTheSpireMod:DimensionalGlitch"],"picked":"Replay:Ancient Bell"},{"not_picked":["Bag of Marbles","Anchor"],"picked":"Simple Rune"},{"not_picked":["Replay:Ringing Soul","infinitespire:Broken Mirror"],"picked":"Matryoshka"},{"not_picked":["Torii","Old Coin"],"picked":"FossilizedHelix"},{"not_picked":["Honey Jar","infinitespire:Cupcake"],"picked":"Fusion Hammer"}],"items_purged_floors":[30,37],"is_endless":false,"potions_floor_spawned":[1,6,8,10,18,25,28,29,33,39,41,48],"ascension_level":0}}