{"host":"oehe2dxjvdgux73m","time":1610863648,"event":{"mods":["AchievementEnabler","BaseMod","Colored Map","Colored Powertips","DeckTracker","Keyboard Shortcuts","Minty Spire (QoL Compilation)","Permanent Neow","Quick Restart","StSLib","SuperFastMode"],"gold_per_floor":[116,41,58,58,69,69,97,97,97,123,123,136,136,154,154,233,233,253,272,285,301,301,0,0,15,40,40,56,56,56,70,70,70,70],"floor_reached":33,"language":"KOR","playtime":1427,"items_purged":[],"score":518,"play_id":"776a0f5d-4cab-4899-8c36-2cd0ac3053a6","local_time":"20210117150728","is_ascension_mode":true,"campfire_choices":[{"data":"Neutralize","floor":6.0,"key":"SMITH"},{"floor":8.0,"key":"REST"},{"floor":11.0,"key":"REST"},{"floor":13.0,"key":"REST"},{"data":"Dash","floor":15.0,"key":"SMITH"},{"floor":24.0,"key":"REST"},{"floor":27.0,"key":"REST"},{"data":"After Image","floor":29.0,"key":"SMITH"},{"floor":32.0,"key":"REST"}],"circlet_count":0,"master_deck":["AscendersBane","Strike_G","Strike_G","Strike_G","Defend_G","Defend_G","Defend_G","Defend_G","Survivor","Neutralize+1","Concentrate","Reflex","Backstab","Deadly Poison","Dash+1","Poisoned Stab","Deadly Poison","Deflect","Venomology","Venomology","Predator","Bane","After Image+1","Decay","Blade Dance","Crippling Poison","PiercingWail"],"relics":["Ring of the Snake","Gambling Chip","Ninja Scroll","The Courier","SacredBark","Pen Nib"],"acts_visited":["Exordium","TheCity"],"potions_floor_usage":[33,33,33,33],"damage_taken":[{"damage":12.0,"enemies":"Small Slimes","floor":1.0,"turns":7.0},{"damage":1.0,"enemies":"Jaw Worm","floor":3.0,"turns":4.0},{"damage":1.0,"enemies":"2 Louse","floor":5.0,"turns":3.0},{"damage":33.0,"enemies":"3 Sentries","floor":7.0,"turns":14.0},{"damage":21.0,"enemies":"Gremlin Nob","floor":10.0,"turns":4.0},{"damage":0.0,"enemies":"Exordium Wildlife","floor":12.0,"turns":4.0},{"damage":3.0,"enemies":"Large Slime","floor":14.0,"turns":5.0},{"damage":24.0,"enemies":"The Guardian","floor":16.0,"turns":9.0},{"damage":30.0,"enemies":"3 Byrds","floor":18.0,"turns":6.0},{"damage":7.0,"enemies":"Shell Parasite","floor":19.0,"turns":4.0},{"damage":9.0,"enemies":"Snecko","floor":20.0,"turns":5.0},{"damage":0.0,"enemies":"3 Cultists","floor":21.0,"turns":5.0},{"damage":7.0,"enemies":"Cultist and Chosen","floor":25.0,"turns":5.0},{"damage":9.0,"enemies":"Centurion and Healer","floor":28.0,"turns":8.0},{"damage":24.0,"enemies":"Shelled Parasite and Fungi","floor":31.0,"turns":4.0},{"damage":37,"enemies":"Collector","floor":33,"turns":6}],"seed_played":"5546971865032057368","potions_obtained":[{"floor":1.0,"key":"PowerPotion"},{"floor":3.0,"key":"CunningPotion"},{"floor":10.0,"key":"Explosive Potion"},{"floor":14.0,"key":"Fruit Juice"},{"floor":19.0,"key":"CultistPotion"},{"floor":20.0,"key":"Strength Potion"},{"floor":25.0,"key":"Weak Potion"},{"floor":31.0,"key":"ColorlessPotion"}],"is_trial":false,"path_per_floor":["M","?","M","?","M","R","E","R","T","E","R","M","R","M","R","B",null,"M","M","M","M","?","?","R","M","T","R","M","R","$","M","R","B"],"character_chosen":"THE_SILENT","items_purchased":[],"campfire_rested":6,"item_purchase_floors":[],"current_hp_per_floor":[47,47,46,39,38,38,5,24,24,3,22,22,41,43,43,19,58,28,21,12,12,12,12,33,26,26,47,38,38,38,14,35,0,0],"gold":70,"neow_bonus":"TRANSFORM_TWO_CARDS","is_daily":false,"chose_seed":false,"campfire_upgraded":3,"win_rate":0.0,"timestamp":1610863648,"path_taken":["M","?","M","?","M","R","E","R","T","E","R","M","R","M","R","BOSS","M","M","M","M","?","?","R","M","T","R","M","R","?","?","R","BOSS"],"items_purchased_type":[],"build_version":"2020-12-22","purchased_purges":0,"victory":false,"max_hp_per_floor":[66,66,66,66,66,66,66,66,66,66,66,66,66,71,71,71,71,71,71,71,71,71,71,71,71,71,71,71,71,71,71,71,71,71],"card_choices":[{"not_picked":["Leg Sweep","Dagger Throw"],"picked":"Backstab","floor":1.0},{"not_picked":["Slice","Masterful Stab"],"picked":"Deadly Poison","floor":3.0},{"not_picked":["Outmaneuver","Predator"],"picked":"Dash","floor":5.0},{"not_picked":["Accuracy","Backflip"],"picked":"Poisoned Stab","floor":7.0},{"not_picked":["Outmaneuver","Masterful Stab"],"picked":"Deadly Poison","floor":10.0},{"not_picked":["Outmaneuver","Flying Knee"],"picked":"Deflect","floor":12.0},{"not_picked":["Dagger Spray","Concentrate"],"picked":"Venomology","floor":14.0},{"not_picked":["Phantasmal Killer","Glass Knife"],"picked":"Venomology","floor":16.0},{"not_picked":["Prepared","Slice"],"picked":"Predator","floor":18.0},{"not_picked":["Catalyst","Outmaneuver","Choke"],"picked":"SKIP","floor":19.0},{"not_picked":["Infinite Blades","Slice"],"picked":"Bane","floor":20.0},{"not_picked":["Caltrops","Endless Agony"],"picked":"After Image","floor":21.0},{"not_picked":["Concentrate","PiercingWail+1"],"picked":"Blade Dance","floor":25.0},{"not_picked":["Underhanded Strike","Dash"],"picked":"Crippling Poison","floor":28.0},{"not_picked":["Bane","Poisoned Stab"],"picked":"PiercingWail","floor":31.0}],"player_experience":255383,"relics_obtained":[{"floor":7.0,"key":"Gambling Chip"},{"floor":9.0,"key":"Ninja Scroll"},{"floor":10.0,"key":"The Courier"},{"floor":26.0,"key":"Pen Nib"}],"event_choices":[{"cards_removed":["Writhe"],"damage_healed":0.0,"max_hp_gain":0.0,"max_hp_loss":0.0,"gold_gain":0.0,"event_name":"The Cleric","player_choice":"Card Removal","floor":2.0,"gold_loss":75.0,"damage_taken":0.0},{"cards_removed":["Strike_G"],"damage_healed":0.0,"max_hp_gain":0.0,"max_hp_loss":0.0,"gold_gain":0.0,"event_name":"Golden Wing","player_choice":"Card Removal","floor":4.0,"gold_loss":0.0,"damage_taken":7.0},{"damage_healed":0.0,"max_hp_gain":0.0,"max_hp_loss":0.0,"gold_gain":0.0,"event_name":"Forgotten Altar","player_choice":"Smashed Altar","floor":22.0,"gold_loss":0.0,"damage_taken":0.0,"cards_obtained":["Decay"]},{"damage_healed":0.0,"max_hp_gain":0.0,"max_hp_loss":0.0,"gold_gain":0.0,"event_name":"Masked Bandits","player_choice":"Paid Fearfully","floor":23.0,"gold_loss":301.0,"damage_taken":0.0}],"is_beta":false,"boss_relics":[{"not_picked":["Tiny House","Cursed Key"],"picked":"SacredBark"}],"items_purged_floors":[],"is_endless":false,"potions_floor_spawned":[1,3,5,10,14,19,20,25,31],"killed_by":"Collector","ascension_level":20}}