{"host":"j5hffomgnp4uzigj","time":1610881040,"event":{"mods":["BaseMod","Minty Spire (QoL Compilation)","UnlockEverythingMod"],"gold_per_floor":[110,110,130,130,18,43,43,68,68,96,96,108,38,38,38,137,137,147,162,181,106,106,137,137,87,87,118,138,138,88,98,98,201,201,219,23,34,84,84,114,64,80,80,113,161,190,190,190,190],"floor_reached":48,"language":"ZHS","playtime":2652,"items_purged":["Strike_R","Strike_R","Strike_R","Strike_R+1","Defend_R"],"score":627,"play_id":"2593215f-77f7-49d8-885b-4312d9b9ae3f","local_time":"20210117185720","is_ascension_mode":true,"campfire_choices":[{"data":"Feel No Pain","floor":7.0,"key":"SMITH"},{"data":"Armaments","floor":11.0,"key":"SMITH"},{"data":"Power Through","floor":15.0,"key":"SMITH"},{"floor":24.0,"key":"REST"},{"floor":29.0,"key":"RECALL"},{"floor":32.0,"key":"REST"}],"circlet_count":0,"master_deck":["Defend_R","Defend_R+1","Defend_R","Bash","Carnage","Shrug It Off","Sever Soul","Evolve","Power Through+1","Feel No Pain+1","Armaments+1","Fire Breathing+1","Immolate","Body Slam","True Grit+1","Dark Embrace"],"relics":["Burning Blood","Prayer Wheel","Shuriken","Pen Nib","Art of War","Bag of Marbles","Gambling Chip","Fusion Hammer","Smiling Mask","Anchor","SlaversCollar","Orichalcum","WingedGreaves","Ornamental Fan","Bottled Tornado","Juzu Bracelet","Omamori","Ice Cream","Shovel","Akabeko"],"acts_visited":["Exordium","TheCity","TheBeyond"],"potions_floor_usage":[33,35],"damage_taken":[{"damage":6.0,"enemies":"2 Louse","floor":1.0,"turns":2.0},{"damage":11.0,"enemies":"Jaw Worm","floor":3.0,"turns":3.0},{"damage":11.0,"enemies":"3 Sentries","floor":6.0,"turns":7.0},{"damage":20.0,"enemies":"Lagavulin","floor":8.0,"turns":9.0},{"damage":15.0,"enemies":"3 Sentries","floor":10.0,"turns":7.0},{"damage":0.0,"enemies":"Cultist","floor":12.0,"turns":4.0},{"damage":16.0,"enemies":"Slime Boss","floor":16.0,"turns":8.0},{"damage":19.0,"enemies":"Chosen","floor":18.0,"turns":5.0},{"damage":22.0,"enemies":"3 Byrds","floor":19.0,"turns":4.0},{"damage":10.0,"enemies":"Shelled Parasite and Fungi","floor":20.0,"turns":5.0},{"damage":21.0,"enemies":"Book of Stabbing","floor":23.0,"turns":6.0},{"damage":5.0,"enemies":"Gremlin Leader","floor":27.0,"turns":5.0},{"damage":0.0,"enemies":"Chosen and Byrds","floor":28.0,"turns":5.0},{"damage":4.0,"enemies":"Cultist and Chosen","floor":31.0,"turns":4.0},{"damage":22,"enemies":"Collector","floor":33,"turns":10},{"damage":20,"enemies":"3 Darklings","floor":35,"turns":5},{"damage":0,"enemies":"3 Shapes","floor":37,"turns":2},{"damage":11,"enemies":"Mind Bloom Boss Battle","floor":38,"turns":5},{"damage":17,"enemies":"Reptomancer","floor":40,"turns":4},{"damage":6,"enemies":"Maw","floor":42,"turns":6},{"damage":13,"enemies":"Nemesis","floor":44,"turns":5},{"damage":15,"enemies":"2 Orb Walkers","floor":45,"turns":3},{"damage":13,"enemies":"Reptomancer","floor":46,"turns":4},{"damage":39,"enemies":"Nemesis","floor":48,"turns":6}],"seed_played":"6677924392582024587","potions_obtained":[{"floor":1.0,"key":"FearPotion"},{"floor":3.0,"key":"BlessingOfTheForge"},{"floor":8.0,"key":"SpeedPotion"},{"floor":12.0,"key":"Dexterity Potion"},{"floor":19.0,"key":"Block Potion"},{"floor":20.0,"key":"Explosive Potion"},{"floor":23.0,"key":"ElixirPotion"},{"floor":27.0,"key":"SpeedPotion"},{"floor":35,"key":"Energy Potion"},{"floor":38,"key":"Swift Potion"},{"floor":45,"key":"SneckoOil"},{"floor":46,"key":"Energy Potion"}],"is_trial":false,"path_per_floor":["M","?","M","?","$","E","R","E","T","E","R","M","$","?","R","B",null,"M","M","M","$","?","E","R","$","T","E","M","R","$","M","R","B",null,"M","$","M","?","?","E","$","M","T","E","?","E","T","E"],"character_chosen":"IRONCLAD","items_purchased":["Evolve","Power Through","Fire Breathing","Orichalcum"],"campfire_rested":2,"item_purchase_floors":[5,5,13,36],"current_hp_per_floor":[72,58,53,53,53,48,48,34,34,25,25,31,31,31,31,21,72,59,43,39,39,39,24,45,45,45,46,52,52,52,54,72,56,72,58,58,64,59,59,48,48,48,48,41,32,25,25,0,0],"gold":190,"neow_bonus":"ONE_RARE_RELIC","is_daily":false,"chose_seed":false,"campfire_upgraded":3,"win_rate":0.0,"timestamp":1610881040,"path_taken":["M","?","M","?","$","E","R","E","T","E","R","?","$","?","R","BOSS","M","M","M","$","?","E","R","?","T","E","M","R","$","M","R","BOSS","M","$","M","?","?","E","$","?","T","E","?","E","?","E"],"items_purchased_type":["Card","Card","Card","Relic"],"build_version":"2020-12-22","purchased_purges":5,"victory":false,"max_hp_per_floor":[72,72,72,72,72,72,72,72,72,72,72,72,72,72,72,72,72,72,72,72,72,72,72,72,72,72,72,72,72,72,72,72,72,72,72,72,72,72,72,72,72,72,72,72,72,72,72,72,72],"card_choices":[{"not_picked":["Blood for Blood","Iron Wave"],"picked":"Carnage","floor":1.0},{"not_picked":["Disarm","Perfected Strike","Headbutt"],"picked":"SKIP","floor":1.0},{"not_picked":["Sentinel","Twin Strike"],"picked":"Shrug It Off","floor":3.0},{"not_picked":["Heavy Blade","Disarm"],"picked":"Sever Soul","floor":3.0},{"not_picked":["Inflame","Bloodletting"],"picked":"Feel No Pain","floor":6.0},{"not_picked":["Pommel Strike","Exhume","Headbutt"],"picked":"SKIP","floor":8.0},{"not_picked":["Evolve","Demon Form"],"picked":"Armaments","floor":10.0},{"not_picked":["Pummel","Whirlwind","Rupture"],"picked":"SKIP","floor":12.0},{"not_picked":["Blood for Blood","Anger","Havoc"],"picked":"SKIP","floor":12.0},{"not_picked":["Brutality","Exhume"],"picked":"Immolate","floor":16.0},{"not_picked":["Shockwave","Heavy Blade+1","Twin Strike+1"],"picked":"SKIP","floor":18.0},{"not_picked":["Sever Soul+1","Searing Blow","Shrug It Off"],"picked":"SKIP","floor":18.0},{"not_picked":["Headbutt","Perfected Strike","Sword Boomerang+1"],"picked":"SKIP","floor":19.0},{"not_picked":["Seeing Red","Immolate","Armaments"],"picked":"SKIP","floor":19.0},{"not_picked":["Clash","Flex"],"picked":"Body Slam","floor":20.0},{"not_picked":["Warcry","Heavy Blade"],"picked":"True Grit+1","floor":20.0},{"not_picked":["Ghostly Armor","Iron Wave"],"picked":"Dark Embrace","floor":23.0},{"not_picked":["Flex","True Grit+1","Metallicize"],"picked":"SKIP","floor":27.0},{"not_picked":["Carnage","Body Slam","Thunderclap"],"picked":"SKIP","floor":28.0},{"not_picked":["Anger","Infernal Blade","Heavy Blade"],"picked":"SKIP","floor":28.0},{"not_picked":["Warcry+1","Anger","Headbutt"],"picked":"SKIP","floor":31.0},{"not_picked":["Body Slam","Anger","Clash"],"picked":"SKIP","floor":31.0},{"not_picked":["Twin Strike+1","Intimidate","Thunderclap+1"],"picked":"SKIP","floor":35},{"not_picked":["Iron Wave+1","Armaments+1","Evolve"],"picked":"SKIP","floor":35},{"not_picked":["Iron Wave+1","Body Slam+1","Rampage+1"],"picked":"SKIP","floor":37},{"not_picked":["Body Slam+1","True Grit+1","Metallicize"],"picked":"SKIP","floor":37},{"not_picked":["Fiend Fire","Hemokinesis","Body Slam+1"],"picked":"SKIP","floor":40},{"not_picked":["Second Wind","Body Slam+1","Thunderclap+1"],"picked":"SKIP","floor":42},{"not_picked":["True Grit","Iron Wave+1","Cleave+1"],"picked":"SKIP","floor":42},{"not_picked":["Rupture+1","Feed","Combust+1"],"picked":"SKIP","floor":44},{"not_picked":["Armaments","Clothesline","Sword Boomerang+1"],"picked":"SKIP","floor":46}],"player_experience":5489,"relics_obtained":[{"floor":4.0,"key":"Shuriken"},{"floor":6.0,"key":"Pen Nib"},{"floor":8.0,"key":"Art of War"},{"floor":9.0,"key":"Bag of Marbles"},{"floor":10.0,"key":"Gambling Chip"},{"floor":23.0,"key":"Smiling Mask"},{"floor":27.0,"key":"Anchor"},{"floor":38,"key":"WingedGreaves"},{"floor":40,"key":"Bottled Tornado"},{"floor":43,"key":"Juzu Bracelet"},{"floor":44,"key":"Omamori"},{"floor":45,"key":"Ice Cream"},{"floor":46,"key":"Shovel"},{"floor":47,"key":"Akabeko"}],"event_choices":[{"damage_healed":0.0,"max_hp_gain":0.0,"max_hp_loss":0.0,"gold_gain":0.0,"event_name":"Shining Light","player_choice":"Entered Light","floor":2.0,"gold_loss":0.0,"damage_taken":14.0,"cards_upgraded":["Defend_R","Strike_R"]},{"damage_healed":0.0,"max_hp_gain":0.0,"max_hp_loss":0.0,"gold_gain":0.0,"event_name":"Wheel of Change","player_choice":"Relic","floor":4.0,"gold_loss":0.0,"damage_taken":0.0},{"damage_healed":0.0,"max_hp_gain":0.0,"max_hp_loss":0.0,"gold_gain":0.0,"event_name":"Accursed Blacksmith","player_choice":"Forge","floor":14.0,"gold_loss":0.0,"damage_taken":0.0,"cards_upgraded":["Fire Breathing"]},{"cards_removed":["Strike_R"],"damage_healed":0.0,"max_hp_gain":0.0,"max_hp_loss":0.0,"gold_gain":0.0,"event_name":"Wheel of Change","player_choice":"Card Removal","floor":22.0,"gold_loss":0.0,"damage_taken":0.0},{"damage_healed":0,"gold_gain":0,"player_choice":"Fight","damage_taken":0,"max_hp_gain":0,"max_hp_loss":0,"event_name":"MindBloom","floor":38,"gold_loss":0},{"damage_healed":0,"gold_gain":0,"player_choice":"Gave Potion","damage_taken":0,"relics_obtained":["Ornamental Fan"],"max_hp_gain":0,"max_hp_loss":0,"event_name":"WeMeetAgain","floor":39,"gold_loss":0},{"damage_healed":0,"gold_gain":0,"player_choice":"Fight","damage_taken":0,"max_hp_gain":0,"max_hp_loss":0,"event_name":"Mysterious Sphere","floor":45,"gold_loss":0}],"is_beta":false,"boss_relics":[{"not_picked":["Ectoplasm","SacredBark"],"picked":"Fusion Hammer"},{"not_picked":["Pandora\u0027s Box","Busted Crown"],"picked":"SlaversCollar"}],"items_purged_floors":[21,25,30,36,41],"is_endless":false,"potions_floor_spawned":[1,3,8,12,19,20,23,27,35,38,45,46],"killed_by":"Nemesis","ascension_level":1}}