{"host":"56d873i5r3uhle0q","time":1610851254,"event":{"mods":["100% Spire Juice","Act Like it!","Aspiration","BaseMod","Block Reminder","Conspire","Gensokyo","Hermit","Jedi Mod","Marisa????????","Marked Mod","Minty Spire (QoL Compilation)","Replay The Spire","StSLib","The Animator","The Bug Knight","The Cursed","The Jungle","The Marked","The Servant 0.9.4","everything is the same but u backflip on backflip","vexMod","??????REMEMod"],"gold_per_floor":[115,132,132,147,67,67,284,284,284,124,124,124],"floor_reached":11,"language":"ENG","playtime":711,"items_purged":[],"score":61,"play_id":"9c856cc3-b4c7-4494-9d8a-f5cd5d75c1f8","local_time":"20210116194054","is_ascension_mode":false,"campfire_choices":[{"data":"animator:Kazuma","floor":6,"key":"SMITH"},{"floor":8,"key":"REST"}],"circlet_count":0,"master_deck":["animator:Strike_Konosuba","animator:Defend_Konosuba","animator:Strike","animator:Strike","animator:Defend","animator:Defend","animator:Defend","animator:Kazuma+1","animator:Aqua","Core Surge","animator:Megumin","animator:Verdia","Gensokyo:TarnishedGold","Gensokyo:BlemishedSteel","Gensokyo:Shovel"],"relics":["animator:LivingPicture","animator:TheMissingPiece","REME_ComplimentaryCards","aspiration:Nostalgia","m_SpellCore","ReplayTheSpireMod:Shallot"],"acts_visited":["Gensokyo:Gensokyo"],"potions_floor_usage":[],"damage_taken":[{"damage":0,"enemies":"Gensokyo:Python","floor":1,"turns":4},{"damage":2,"enemies":"Gensokyo:Gryphon","floor":2,"turns":5},{"damage":0,"enemies":"Gensokyo:2_Kodama","floor":4,"turns":4},{"damage":71,"enemies":"Gensokyo:Aya","floor":11,"turns":9}],"seed_played":"4226724761111398982","potions_obtained":[{"floor":1,"key":"FearPotion"}],"is_trial":false,"path_per_floor":["M","M","?","M","$","R","?","R","T","COS","E"],"character_chosen":"THE_ANIMATOR","items_purchased":["animator:Megumin"],"campfire_rested":1,"item_purchase_floors":[5],"current_hp_per_floor":[66,66,66,66,66,66,40,59,59,59,0,0],"gold":124,"neow_bonus":"NOSTALGIA","is_daily":false,"chose_seed":false,"campfire_upgraded":1,"win_rate":0.0,"timestamp":1610851254,"path_taken":["M","M","?","M","$","R","?","R","T","COS","E"],"items_purchased_type":["Card"],"build_version":"2020-12-22","purchased_purges":0,"victory":false,"max_hp_per_floor":[66,66,66,66,66,66,66,66,66,66,66,66],"card_choices":[{"not_picked":["animator:SuzuneAmano","Redo","animator:Ara"],"picked":"SKIP","floor":1},{"not_picked":["animator:Ciel","animator:YachiyoNanami","Go for the Eyes"],"picked":"SKIP","floor":2},{"not_picked":["animator:Laby","animator:MamiTomoe","Capacitor"],"picked":"SKIP","floor":4},{"not_picked":["animator:DolaCouronne","BasicCrystalCard"],"picked":"animator:Verdia","floor":7}],"player_experience":538709,"relics_obtained":[{"floor":9,"key":"ReplayTheSpireMod:Shallot"}],"event_choices":[],"is_beta":false,"boss_relics":[],"items_purged_floors":[],"is_endless":false,"potions_floor_spawned":[1],"killed_by":"Gensokyo:Aya","ascension_level":0}}