{"host":"98zq812qbocdqs0d","time":1610886156,"event":{"mods":["BaseMod","GifTheSpireLib","Minty Spire (QoL Compilation)","Replay The Spire","StSLib","The Cursed","The Hierophant"],"gold_per_floor":[115,131,4,4,4,4,22,22,22,22,33,33,58,75,75,180,180,195,195,209,77,104,129,143,242,242,242,242,167,167,182,182,182,182],"floor_reached":33,"language":"ITA","playtime":2594,"items_purged":["Regret"],"score":302,"play_id":"c14cdd15-20af-4a72-a4cb-231113894754","local_time":"20210117132236","is_ascension_mode":true,"campfire_choices":[{"data":"Underhanded Strike","floor":6,"key":"SMITH"},{"data":"Neutralize","floor":8,"key":"SMITH"},{"data":"Survivor","floor":10,"key":"SMITH"},{"data":"Slice","floor":12,"key":"SMITH"},{"floor":15,"key":"REST"},{"floor":27,"key":"REST"},{"floor":30,"key":"REST"},{"floor":32,"key":"REST"}],"circlet_count":0,"master_deck":["Strike_G","Strike_G","Strike_G","Strike_G","Strike_G","Defend_G","Defend_G","Defend_G","Defend_G","Survivor+1","Neutralize+1","Underhanded Strike+1","Slice+1","Reflex+1","ReplayTheSpireMod:Speed Training","Finisher","Prepared","ReplayTheSpireMod:Scrap Shanks","Concentrate","Eviscerate","Prepared","Slice","Predator+1","Outmaneuver+1"],"relics":["Ring of the Serpent","Gambling Chip","HornCleat","Nloth\u0027s Gift","Tiny Chest","Snake Skull","Iron Hammer","Enchiridion"],"acts_visited":["Exordium","TheCity"],"potions_floor_usage":[16,23,33],"damage_taken":[{"damage":4,"enemies":"2 Louse","floor":1,"turns":4},{"damage":1,"enemies":"Cultist","floor":2,"turns":4},{"damage":0,"enemies":"Small Slimes","floor":7,"turns":2},{"damage":0,"enemies":"Red Slaver","floor":11,"turns":2},{"damage":13,"enemies":"3 Sentries","floor":13,"turns":8},{"damage":11,"enemies":"Looter","floor":14,"turns":2},{"damage":73,"enemies":"Fading Forest","floor":16,"turns":11},{"damage":0,"enemies":"2 Thieves","floor":18,"turns":3},{"damage":2,"enemies":"Chosen","floor":20,"turns":4},{"damage":16,"enemies":"Replay:Snechameleon","floor":23,"turns":5},{"damage":50,"enemies":"Shelled Parasite and Fungi","floor":24,"turns":7},{"damage":0,"enemies":"Chosen and Byrds","floor":31,"turns":3},{"damage":54,"enemies":"Automaton","floor":33,"turns":6}],"seed_played":"-8374971075155184356","potions_obtained":[{"floor":13,"key":"Dexterity Potion"},{"floor":18,"key":"LiquidMemories"},{"floor":31,"key":"AttackPotion"}],"is_trial":false,"path_per_floor":["M","M","$","?","$","R","M","R","T","R","M","R","E","M","R","B",null,"M","?","M","$","T","E","M","?","T","R","?","?","R","M","R","B"],"character_chosen":"THE_SILENT","items_purchased":["Reflex+1","Eviscerate","Prepared"],"campfire_rested":4,"item_purchase_floors":[3,21,21],"current_hp_per_floor":[66,65,65,65,65,65,65,65,65,65,65,65,52,41,62,7,70,70,70,68,68,68,52,2,2,2,23,7,7,28,28,49,0,0],"gold":182,"neow_bonus":"RANDOM_EVENT","is_daily":false,"chose_seed":false,"campfire_upgraded":4,"win_rate":0.0,"timestamp":1610886156,"path_taken":["M","M","$","?","?","R","M","R","T","R","M","R","E","M","R","BOSS","M","?","?","$","?","E","M","?","T","R","?","?","R","M","R","BOSS"],"items_purchased_type":["Card","Card","Card"],"build_version":"2020-12-22","purchased_purges":1,"victory":false,"max_hp_per_floor":[70,70,70,70,70,70,70,70,70,70,70,70,70,70,70,70,70,70,70,70,70,70,70,70,70,70,70,70,70,70,70,70,70,70],"card_choices":[{"not_picked":["Acrobatics","Slice"],"picked":"Underhanded Strike","floor":1},{"not_picked":["Blade Dance","ReplayTheSpireMod:The Works"],"picked":"Slice","floor":2},{"not_picked":["Poisoned Stab","Choke"],"picked":"ReplayTheSpireMod:Speed Training","floor":7},{"not_picked":["Deflect","Wraith Form v2","Dodge and Roll"],"picked":"SKIP","floor":11},{"not_picked":["Quick Slash","Outmaneuver"],"picked":"Finisher","floor":13},{"not_picked":["ReplayTheSpireMod:Tripwire","ReplayTheSpireMod:Shiv Toss"],"picked":"Prepared","floor":14},{"not_picked":["All Out Attack","Dagger Throw"],"picked":"ReplayTheSpireMod:Scrap Shanks","floor":18},{"not_picked":["Slice+1","Dodge and Roll"],"picked":"Concentrate","floor":20},{"not_picked":["Bullet Time","Wraith Form v2"],"picked":"Slice","floor":23},{"not_picked":["Flying Knee","Slice"],"picked":"Predator+1","floor":24},{"not_picked":["Sucker Punch+1","Dodge and Roll"],"picked":"Outmaneuver+1","floor":31}],"player_experience":909453,"relics_obtained":[{"floor":13,"key":"HornCleat"},{"floor":22,"key":"Tiny Chest"},{"floor":23,"key":"Snake Skull"},{"floor":26,"key":"Iron Hammer"},{"floor":28,"key":"Enchiridion"}],"event_choices":[{"damage_healed":0,"gold_gain":0,"player_choice":"Box","damage_taken":0,"relics_obtained":["Gambling Chip"],"max_hp_gain":0,"max_hp_loss":0,"event_name":"Big Fish","floor":0,"gold_loss":0,"cards_obtained":["Regret"]},{"damage_healed":0,"gold_gain":0,"player_choice":"Trade","damage_taken":0,"relics_obtained":["NlothsMask"],"max_hp_gain":0,"max_hp_loss":0,"event_name":"FaceTrader","floor":4,"gold_loss":0},{"damage_healed":0,"gold_gain":0,"player_choice":"Traded Relic","damage_taken":0,"relics_obtained":["Nloth\u0027s Gift"],"max_hp_gain":0,"max_hp_loss":0,"event_name":"N\u0027loth","floor":19,"relics_lost":["NlothsMask"],"gold_loss":0},{"damage_healed":0,"gold_gain":99,"player_choice":"Stole From Cult","damage_taken":0,"max_hp_gain":0,"max_hp_loss":0,"event_name":"Nest","floor":25,"gold_loss":0},{"damage_healed":0,"gold_gain":0,"player_choice":"Obtained Book","damage_taken":16,"max_hp_gain":0,"max_hp_loss":0,"event_name":"Cursed Tome","floor":28,"gold_loss":0},{"cards_removed":["Defend_G"],"damage_healed":0,"gold_gain":0,"player_choice":"Gave Gold","damage_taken":0,"max_hp_gain":0,"max_hp_loss":0,"event_name":"Beggar","floor":29,"gold_loss":75}],"is_beta":false,"boss_relics":[{"not_picked":["Ectoplasm","SacredBark"],"picked":"Ring of the Serpent"}],"items_purged_floors":[3],"is_endless":false,"potions_floor_spawned":[13,18,31],"killed_by":"Automaton","ascension_level":3}}