{"host":"lh9qfzqeqctr28d2","time":1610872424,"event":{"mods":["BaseMod","CapriCore","Luminous","Minty Spire (QoL Compilation)","Quick Restart","Relic Stats","Remilia£®¿Ÿ√◊¿Ú—«£©","StSLib","Yakumo Yukari mod"],"gold_per_floor":[115,130,130,205,380,413,413,442,467,484,250,279,307,319,331,438,450,482,494,516,528,558,570,611,623,635,647,689,720,745,757,769,781,781],"floor_reached":33,"language":"ZHS","playtime":1275,"items_purged":[],"score":426,"play_id":"f4bf588a-9055-48e3-aeed-c50c56a63d4f","local_time":"20210117163344","is_ascension_mode":true,"campfire_choices":[{"floor":7,"key":"REST"},{"data":"ScarletNetherworld","floor":15,"key":"SMITH"},{"data":"QueenOfMidnight","floor":23,"key":"SMITH"},{"data":"ScarletImprint","floor":25,"key":"SMITH"},{"data":"EmergencyRegeneration","floor":32,"key":"SMITH"}],"circlet_count":0,"master_deck":["Strike_RM","Strike_RM","Strike_RM","Strike_RM","Defend_RM","Defend_RM+1","Defend_RM","Defend_RM","RedMoon","ScarletShoot","KillingBlow","EndlessAdversity+1","RedNightlessCastle","ScarletCoffin","EmergencyRegeneration+1","ScarletImprint+1","ScarletNetherworld+1","BombardNight","QueenOfMidnight+1","NightDance","UnderTheZenith+1","NightDance","BloodyCatastrophe","ForecastOfChange","MastersStateliness+1","NightLord","RedRainbow"],"relics":["ScarletHat","Anchor","Orichalcum","Juzu Bracelet","Pen Nib","Orrery","MawBank","APieceOfRedMist","Mercury Hourglass","InkBottle","Bag of Preparation","Nunchaku"],"acts_visited":["Exordium","TheCity"],"potions_floor_usage":[6,16,29,29,33,33],"damage_taken":[{"damage":0,"enemies":"Jaw Worm","floor":1,"turns":2},{"damage":0,"enemies":"2 Louse","floor":2,"turns":2},{"damage":33,"enemies":"Lagavulin","floor":6,"turns":9},{"damage":7,"enemies":"3 Sentries","floor":8,"turns":9},{"damage":0,"enemies":"Small Slimes","floor":10,"turns":1},{"damage":55,"enemies":"Gremlin Nob","floor":12,"turns":5},{"damage":0,"enemies":"2 Fungi Beasts","floor":13,"turns":1},{"damage":16,"enemies":"Slime Boss","floor":16,"turns":8},{"damage":23,"enemies":"Chosen","floor":18,"turns":5},{"damage":23,"enemies":"3 Byrds","floor":20,"turns":3},{"damage":12,"enemies":"Snake Plant","floor":22,"turns":2},{"damage":20,"enemies":"Slavers","floor":24,"turns":5},{"damage":43,"enemies":"Book of Stabbing","floor":28,"turns":4},{"damage":20,"enemies":"Chosen and Byrds","floor":29,"turns":4},{"damage":0,"enemies":"Centurion and Healer","floor":30,"turns":2},{"damage":100,"enemies":"Champ","floor":33,"turns":11}],"seed_played":"4613495698750085513","potions_obtained":[{"floor":1,"key":"AttackPotion"},{"floor":6,"key":"Weak Potion"},{"floor":8,"key":"Strength Potion"},{"floor":12,"key":"Explosive Potion"},{"floor":16,"key":"LiquidMemories"},{"floor":29,"key":"AttackPotion"}],"is_trial":false,"path_per_floor":["M","M","?","?","?","E","R","E","T","M","$","E","M","?","R","B",null,"M","$","M","$","M","R","E","R","T","?","E","M","M","?","R","B"],"character_chosen":"REMILIA","items_purchased":["ScarletNetherworld","Orrery"],"campfire_rested":1,"item_purchase_floors":[11,11],"current_hp_per_floor":[71,71,56,45,45,13,35,28,28,28,28,66,66,66,66,74,75,52,52,75,75,75,75,57,57,57,57,50,75,75,75,75,0,0],"gold":781,"neow_bonus":"ONE_RANDOM_RARE_CARD","is_daily":false,"chose_seed":false,"campfire_upgraded":4,"win_rate":0.0,"timestamp":1610872424,"path_taken":["M","M","?","?","?","E","R","E","T","M","$","E","M","?","R","BOSS","M","$","M","$","M","R","E","R","T","?","E","M","M","?","R","BOSS"],"items_purchased_type":["Card","Relic"],"build_version":"2020-12-22","purchased_purges":0,"victory":false,"max_hp_per_floor":[75,75,75,75,75,75,75,75,75,75,75,75,75,75,75,75,75,75,75,75,75,75,75,75,75,75,75,75,75,75,75,75,75,75],"relic_stats":{"Nunchaku":[3],"counters":[16,73],"Pen Nib":[11],"Juzu Bracelet":1,"Bag of Preparation":[6],"Orichalcum":[60],"MawBank":252,"obtain_stats":[{"Anchor":6,"APieceOfRedMist":17,"Nunchaku":31,"Orrery":11,"Pen Nib":9,"Juzu Bracelet":8,"Bag of Preparation":28,"Orichalcum":8,"MawBank":12,"ScarletHat":0,"InkBottle":26,"Mercury Hourglass":24},{"Anchor":3,"APieceOfRedMist":8,"Nunchaku":15,"Orrery":5,"Pen Nib":4,"Juzu Bracelet":4,"Bag of Preparation":13,"Orichalcum":4,"MawBank":6,"ScarletHat":0,"InkBottle":12,"Mercury Hourglass":12},{"Anchor":13,"APieceOfRedMist":37,"Nunchaku":62,"Orrery":23,"Pen Nib":22,"Juzu Bracelet":22,"Bag of Preparation":56,"Orichalcum":22,"MawBank":28,"ScarletHat":0,"InkBottle":52,"Mercury Hourglass":52}],"InkBottle":[7],"Mercury Hourglass":[42]},"card_choices":[{"not_picked":["BloodHunter","BloodAndWine"],"picked":"EndlessAdversity","floor":1},{"not_picked":["RedRainbow","EndlessAdversity"],"picked":"RedNightlessCastle","floor":2},{"not_picked":["HunterOfTheNight","BombardNight"],"picked":"ScarletCoffin","floor":6},{"not_picked":["BloodHunter","ForbiddenFruit"],"picked":"EmergencyRegeneration","floor":8},{"not_picked":["BlasphemousPunishment","EndlessAdversity"],"picked":"ScarletImprint","floor":10},{"not_picked":["MastersStateliness","CharismaGuard"],"picked":"BombardNight","floor":11},{"not_picked":["BloodyTrap","BlasphemousPunishment"],"picked":"QueenOfMidnight","floor":11},{"not_picked":["ChaoticDestiny","ScarletImprint"],"picked":"NightDance","floor":11},{"not_picked":["BlasphemousPunishment","GlobalNightmare"],"picked":"UnderTheZenith","floor":11},{"not_picked":["Maim","ScarletNetherworld"],"picked":"NightDance","floor":11},{"not_picked":["ChainGang","RedRainbow"],"picked":"BloodyCatastrophe","floor":12},{"not_picked":["DiffusionOfMisfortune","UnderTheZenith","Septette"],"picked":"SKIP","floor":13},{"not_picked":["CeilingFear","ScarletMeister"],"picked":"ForecastOfChange","floor":16},{"not_picked":["VampireSweep","ScarletDevil","BlasphemousPunishment"],"picked":"SKIP","floor":18},{"not_picked":["EndlessAdversity","VampireSweep","VampirishNight+1"],"picked":"SKIP","floor":20},{"not_picked":["ForbiddenFruit","NightDance+1"],"picked":"MastersStateliness+1","floor":22},{"not_picked":["EndlessAdversity","BloodySeventeenLaser","Stigmanizer"],"picked":"SKIP","floor":24},{"not_picked":["EndlessAdversity","VampireFantasy","ScarletCoffin"],"picked":"SKIP","floor":28},{"not_picked":["BombardNight","VampireClaw"],"picked":"NightLord","floor":29},{"not_picked":["UnderTheZenith+1","AfternoonTea"],"picked":"RedRainbow","floor":30}],"player_experience":385805,"relics_obtained":[{"floor":6,"key":"Anchor"},{"floor":8,"key":"Orichalcum"},{"floor":8,"key":"Juzu Bracelet"},{"floor":9,"key":"Pen Nib"},{"floor":12,"key":"MawBank"},{"floor":24,"key":"Mercury Hourglass"},{"floor":26,"key":"InkBottle"},{"floor":28,"key":"Bag of Preparation"}],"event_choices":[{"damage_healed":0,"gold_gain":0,"player_choice":"Entered Light","damage_taken":15,"max_hp_gain":0,"max_hp_loss":0,"event_name":"Shining Light","floor":3,"gold_loss":0,"cards_upgraded":["EndlessAdversity","Defend_RM"]},{"damage_healed":0,"gold_gain":75,"player_choice":"Gather Gold","damage_taken":11,"max_hp_gain":0,"max_hp_loss":0,"event_name":"World of Goop","floor":4,"gold_loss":0},{"damage_healed":0,"gold_gain":175,"player_choice":"AGREE","damage_taken":0,"max_hp_gain":0,"max_hp_loss":0,"event_name":"Liars Game","floor":5,"gold_loss":0,"cards_obtained":["Doubt"]},{"cards_removed":["Doubt"],"damage_healed":0,"gold_gain":0,"player_choice":"Forget","damage_taken":0,"max_hp_gain":0,"max_hp_loss":0,"event_name":"Living Wall","floor":14,"gold_loss":0},{"damage_healed":0,"gold_gain":0,"player_choice":"Upgraded","damage_taken":0,"max_hp_gain":0,"max_hp_loss":0,"event_name":"Upgrade Shrine","floor":27,"gold_loss":0,"cards_upgraded":["UnderTheZenith"]}],"is_beta":false,"boss_relics":[{"not_picked":["Tiny House","Velvet Choker"],"picked":"APieceOfRedMist"}],"items_purged_floors":[],"is_endless":false,"potions_floor_spawned":[1,6,12,18,24,28],"killed_by":"Champ","ascension_level":6}}