{"host":"8d3fefv2347kqkpz","time":1610883270,"event":{"mods":["100% Spire Juice","AchievementEnabler","Act Like it!","Aspiration","BaseMod","Better Vampires","BetterRewards","Colored Map","Colored Powertips","Conspire","GifTheSpireLib","Halation","Highlight Path","Hubris","Infinite Spire","Mimic Mod","Minty Spire (QoL Compilation)","Quick Restart","Reimu£®≤©¿ˆ¡È√Œ£©","Relic Stats","Remilia£®¿Ÿ√◊¿Ú—«£©","Replay The Spire","Spicy Shops","StSLib","TestMod","The Gatherer","The Jungle","The Senshi","The Servant 0.9.4","Waifu the Spire","vexMod"],"gold_per_floor":[118,131,131,131,144,144,144,144],"floor_reached":7,"language":"ZHS","playtime":291,"items_purged":[],"score":41,"play_id":"cdab0ea2-db94-46d1-bfbf-f236ea4db4dc","local_time":"20210117193430","is_ascension_mode":false,"campfire_choices":[{"data":"Neutralize","floor":6,"key":"SMITH"}],"circlet_count":0,"master_deck":["Strike_G","Strike_G","Strike_G","Strike_G","Defend_G","Defend_G","Defend_G","Defend_G","Defend_G","Survivor","Neutralize+1","hubris:Sniper","Dagger Spray","ReplayTheSpireMod:Shiv Toss","ReplayTheSpireMod:Shiv Toss"],"relics":["Ring of the Snake","testmod-TestBox","testmod-Temperance"],"acts_visited":["Exordium"],"potions_floor_usage":[7],"damage_taken":[{"damage":1,"enemies":"2 Louse","floor":1,"turns":3},{"damage":0,"enemies":"Small Slimes","floor":2,"turns":3},{"damage":2,"enemies":"Cultist","floor":5,"turns":4},{"damage":74,"enemies":"Lagavulin","floor":7,"turns":12}],"seed_played":"1959986129393384046","potions_obtained":[{"floor":2,"key":"SpeedPotion"}],"is_trial":false,"path_per_floor":["M","M","?","?","M","R","E"],"character_chosen":"THE_SILENT","items_purchased":[],"campfire_rested":0,"item_purchase_floors":[],"current_hp_per_floor":[76,76,76,76,74,74,0,0],"gold":144,"neow_bonus":"TEN_PERCENT_HP_BONUS","is_daily":false,"chose_seed":false,"campfire_upgraded":1,"win_rate":0.0,"timestamp":1610883270,"path_taken":["M","M","?","?","M","R","E"],"items_purchased_type":[],"build_version":"2020-12-22","purchased_purges":0,"victory":false,"max_hp_per_floor":[77,77,77,77,77,77,77,77],"relic_stats":{"counters":[4,22],"obtain_stats":[{"testmod-TestBox":0,"testmod-Temperance":0,"Ring of the Snake":0},{"testmod-TestBox":0,"testmod-Temperance":0,"Ring of the Snake":0},{"testmod-TestBox":0,"testmod-Temperance":0,"Ring of the Snake":0}],"Ring of the Snake":[8]},"card_choices":[{"not_picked":["Masterful Stab","Replay:Poison Smokescreen","Bane"],"picked":"SKIP","floor":1},{"not_picked":["Flying Knee","All Out Attack"],"picked":"hubris:Sniper","floor":2},{"not_picked":["PiercingWail","Flechettes"],"picked":"ReplayTheSpireMod:Shiv Toss","floor":5}],"player_experience":86724,"relics_obtained":[],"event_choices":[{"damage_healed":0,"gold_gain":0,"cards_transformed":["Strike_G"],"player_choice":"Transformed","damage_taken":0,"max_hp_gain":0,"max_hp_loss":0,"event_name":"Transmorgrifier","floor":4,"gold_loss":0,"cards_obtained":["ReplayTheSpireMod:Shiv Toss"]}],"is_beta":false,"boss_relics":[],"items_purged_floors":[],"is_endless":false,"potions_floor_spawned":[2],"killed_by":"Lagavulin","ascension_level":0}}