{"host":"qj49eghpaxba70kv","time":1610902282,"event":{"mods":["ATMod(°¢èªMod)","Act Like it!","Arknights The Spire","Aspiration","BaseMod","Dota2Spire","Energized Spire","Gensokyo","GungeonMod","Hermit","Hunter ÁÔÈË","KinomotoSakuraMod(Ä¾Ö®±¾Ó£)","Koishi","Lobotomy","LobotomyExtend","Luminous","Minty Spire (QoL Compilation)","Pale of the Ancients","Permanent Neow","Prisma Mod","Quick Restart","Replay The Spire","Robot Space Explorer","StSLib","The Administrix","The Alterego","The Dragon Tamer","UnlockEverythingMod","[GremlinLeader]The Maniac","vexMod","¡¾¹¦ÄÜMod¡¿»ìãçÖ®»·ÐÞ¸´²¹¶¡","¡¾ÒÅÎï¿¨ÅÆ¡¿REMEMod","óô»ðÖ¸ÄÏ"],"gold_per_floor":[109,54,74,91,91,91,119,114,114,133,133,3,20,20,20,122,122,150,191,217,217,47,47,47,47,47,15,30,65,95,95,95,101,101],"floor_reached":33,"language":"ZHS","playtime":2189,"items_purged":["Delirium","ats:Powerful Strike"],"score":265,"play_id":"fca57ec2-2520-4411-9d03-43560cc689e6","local_time":"20210117105122","is_ascension_mode":false,"campfire_choices":[{"data":"ats:Dogmatic Field","floor":6,"key":"SMITH"},{"floor":15,"key":"REST"},{"data":"ats:Soul Absorption","floor":23,"key":"SMITH"},{"data":"ats:Armor Crushing Shot+1","floor":32,"key":"PURGE"}],"circlet_count":0,"master_deck":["ats:Strike C","ats:Strike S","ats:Strike V","ats:Defend","ats:Defend","ats:Defend","ats:Defend","ats:Emotion Absorption+1","ats:Dogmatic Field+1","ats:Flexible Camouflage","ats:Sunburst+1","ats:Thorns+1","ats:Leaping Hammer","Luminous:Lania_Blessing_Luminous+1","ats:Rapid Magazine","ats:Overload","ats:Charging Defense+1","ats:Ignite+1","ats:Volcano","ats:Hammer On+1","ats:Shadow Raid+1","ats:Soul Absorption+1","ats:Thorns","Gensokyo:MissMary","Gensokyo:TarnishedGold","ats:Burning Ground+1","ats:Encircling Forest","ats:Echo Reverb","ats:Very Hot Blade"],"relics":["ats:Sanity","AT_ATBox","REME_ComplimentaryCards","LetterFromLob","ats:Originium","Gremlin Horn","ReplayTheSpireMod:CursedCoin","Letter Opener","Pear","Replay:Bandana","vexMod:ImprovementManual","REME_PuzzleBoxRelic","Gensokyo:RedStar","Juzu Bracelet","InkBottle"],"acts_visited":["Exordium","Gensokyo:Gensokyo"],"potions_floor_usage":[16,29],"damage_taken":[{"damage":6,"enemies":"Gensokyo:Python","floor":1,"turns":3},{"damage":2,"enemies":"Gensokyo:3_Fairies","floor":3,"turns":3},{"damage":11,"enemies":"Gensokyo:Gryphon","floor":4,"turns":4},{"damage":56,"enemies":"Gensokyo:Aya","floor":7,"turns":6},{"damage":14,"enemies":"Gensokyo:Kitsune","floor":10,"turns":3},{"damage":36,"enemies":"Gensokyo:VengefulSpirit","floor":13,"turns":7},{"damage":37,"enemies":"Gensokyo:Yukari","floor":16,"turns":9},{"damage":23,"enemies":"Gensokyo:AngelMirror","floor":18,"turns":5},{"damage":3,"enemies":"Gensokyo:Chomper","floor":19,"turns":2},{"damage":38,"enemies":"Gensokyo:Wraith","floor":20,"turns":6},{"damage":40,"enemies":"Gensokyo:Monolith_and_Dog","floor":28,"turns":7},{"damage":23,"enemies":"Gensokyo:Slime_Group","floor":29,"turns":2},{"damage":32,"enemies":"Gensokyo:Koishi","floor":30,"turns":6},{"damage":38,"enemies":"Gensokyo:Eternal_Rivals","floor":33,"turns":3}],"seed_played":"3696736303620943209","potions_obtained":[{"floor":3,"key":"PowerPotion"},{"floor":4,"key":"CultistPotion"},{"floor":18,"key":"AttackPotion"},{"floor":29,"key":"REME_GoldPotion"},{"floor":30,"key":"Milkshake"}],"is_trial":false,"path_per_floor":["M","$","M","M","M","R","E","$","T","M","?","COS","M","?","R","B",null,"M","M","M","?","$","R","?","?","T","COS","M","M","E","?","R","B"],"character_chosen":"DOCTOR_CLASS","items_purchased":["ats:Sunburst+1","ReplayTheSpireMod:CursedCoin","ats:Rapid Magazine","ats:Thorns"],"campfire_rested":1,"item_purchase_floors":[2,8,8,22],"current_hp_per_floor":[66,66,64,63,63,63,33,33,33,19,14,14,22,30,54,78,82,64,61,55,55,55,55,55,55,55,55,73,50,23,23,23,0,0],"gold":101,"neow_bonus":"ONE_RANDOM_RARE_CARD","is_daily":false,"chose_seed":false,"campfire_upgraded":2,"win_rate":0.0,"timestamp":1610902282,"path_taken":["M","$","M","?","M","R","E","$","T","M","?","COS","M","?","R","BOSS","M","M","?","?","$","R","?","?","T","COS","M","M","E","?","R","BOSS"],"items_purchased_type":["Card","Relic","Card","Card"],"build_version":"2020-12-22","purchased_purges":2,"victory":false,"max_hp_per_floor":[72,72,72,72,72,72,72,72,72,72,82,82,82,82,82,82,82,82,82,82,82,82,82,82,74,74,74,74,74,74,74,74,37,37],"card_choices":[{"not_picked":["ats:Revitalization","ats:Powerful Strike"],"picked":"ats:Flexible Camouflage","floor":1},{"not_picked":["ats:Sunburst","ats:Support Order"],"picked":"ats:Thorns","floor":3},{"not_picked":["ats:Healing Drone","ats:Flexible Camouflage"],"picked":"ats:Leaping Hammer","floor":4},{"not_picked":["ats:Childhood Dance","ats:Cat Scratch"],"picked":"ats:Powerful Strike","floor":7},{"not_picked":["ats:Support Order","ats:Leaping Hammer"],"picked":"ats:Overload","floor":10},{"not_picked":["ats:Magnetic Hammer+1","ats:Flame Of Heaven+1"],"picked":"ats:Charging Defense+1","floor":13},{"not_picked":["ats:Cat Scratch","ats:Explosion Area Strengthen"],"picked":"ats:Ignite","floor":13},{"not_picked":["ats:Echo Reverb","ats:Nebulous Foxfire"],"picked":"ats:Volcano","floor":16},{"not_picked":["ats:Thermite Blade+1","ats:Automatic Cover+1"],"picked":"ats:Hammer On+1","floor":18},{"not_picked":["ats:Revitalization","ats:Steam Pump"],"picked":"ats:Shadow Raid+1","floor":19},{"not_picked":["ats:Healing Drone","ats:Shell Defense"],"picked":"ats:Soul Absorption","floor":20},{"not_picked":["Gensokyo:MonkeysPaw","Gensokyo:HAARP"],"picked":"Gensokyo:MissMary","floor":25},{"not_picked":["ats:Powerful Strike","ats:Flexible Camouflage"],"picked":"ats:Burning Ground+1","floor":28},{"not_picked":["ats:Consecutive Shot Auto","ats:Revitalization"],"picked":"ats:Encircling Forest","floor":29},{"not_picked":["ats:Revitalization+1","ats:Consecutive Shot Auto"],"picked":"ats:Echo Reverb","floor":30}],"player_experience":40746,"relics_obtained":[{"floor":1,"key":"LetterFromLob"},{"floor":7,"key":"ats:Originium"},{"floor":7,"key":"Gremlin Horn"},{"floor":9,"key":"Letter Opener"},{"floor":26,"key":"Juzu Bracelet"},{"floor":30,"key":"ats:Originium"},{"floor":30,"key":"InkBottle"}],"event_choices":[],"is_beta":false,"boss_relics":[{"not_picked":["Runic Dome","energizedSpire:EnergizedDie"],"picked":"vexMod:ImprovementManual"}],"items_purged_floors":[8,22],"is_endless":false,"potions_floor_spawned":[3,4,18,29,30],"killed_by":"Gensokyo:Eternal_Rivals","ascension_level":0}}