{"host":"wogey4gsknv4ot2d","time":1610888542,"event":{"mods":["2.2 Compatiblity","AchievementEnabler","BaseMod","Bestiary","Better Third Choice","Colored Map","Colored Powertips","Googly Eyes","Key Reminder","Minty Spire (QoL Compilation)","Permanent Neow","Rare Cards Sparkle","Relic Stats","StSLib"],"gold_per_floor":[109,84,84,84,84,84,109,122,175,206,222,247,247,282,282,379,379,392,491,491,36,36,62,78,89,89,104,104,129,2,17,17,119,119,131,148,148,159,159,159],"floor_reached":39,"language":"ENG","playtime":2071,"items_purged":[],"score":462,"play_id":"23d6d4b0-50b0-4274-959f-1838ebda293c","local_time":"20210117070222","is_ascension_mode":false,"campfire_choices":[{"data":"Ball Lightning","floor":6,"key":"SMITH"},{"floor":13,"key":"REST"},{"data":"Leap","floor":15,"key":"SMITH"},{"floor":32,"key":"REST"}],"circlet_count":0,"master_deck":["Strike_B","Strike_B","Strike_B","Strike_B","Defend_B","Defend_B","Defend_B","Defend_B","Zap","Dualcast","Ball Lightning+1","Conserve Battery+1","Beam Cell","Static Discharge","Sweeping Beam","Leap+1","Skim","Barrage","Biased Cognition","Barrage+1","Leap+1","Conserve Battery","Static Discharge","Go for the Eyes","Coolheaded+1","Steam+1","Echo Form","Stack+1","Core Surge","Beam Cell","Go for the Eyes","Trip+1","Streamline+1"],"relics":["Cracked Core","Pen Nib","Happy Flower","Eternal Feather","Dream Catcher","Du-Vu Doll","SacredBark","Membership Card","Juzu Bracelet","Mummified Hand","Bag of Marbles","Bottled Lightning","Toxic Egg 2","Regal Pillow","Inserter"],"acts_visited":["Exordium","TheCity","TheBeyond"],"potions_floor_usage":[0,1,16,16,18,21,23,23,25,27,29,29,31,31,33,36],"damage_taken":[{"damage":1,"enemies":"Jaw Worm","floor":1,"turns":4},{"damage":0,"enemies":"Small Slimes","floor":8,"turns":3},{"damage":26,"enemies":"Lagavulin","floor":10,"turns":6},{"damage":0,"enemies":"2 Louse","floor":11,"turns":2},{"damage":18,"enemies":"Gremlin Nob","floor":12,"turns":4},{"damage":12,"enemies":"Lagavulin","floor":14,"turns":5},{"damage":32,"enemies":"The Guardian","floor":16,"turns":12},{"damage":10,"enemies":"Shell Parasite","floor":18,"turns":4},{"damage":59,"enemies":"Slavers","floor":23,"turns":4},{"damage":23,"enemies":"3 Byrds","floor":24,"turns":5},{"damage":0,"enemies":"Snecko","floor":25,"turns":4},{"damage":13,"enemies":"Shelled Parasite and Fungi","floor":27,"turns":6},{"damage":2,"enemies":"Gremlin Leader","floor":29,"turns":3},{"damage":11,"enemies":"Snake Plant","floor":31,"turns":5},{"damage":83,"enemies":"Automaton","floor":33,"turns":13},{"damage":28,"enemies":"3 Shapes","floor":35,"turns":5},{"damage":20,"enemies":"3 Darklings","floor":36,"turns":7},{"damage":19,"enemies":"Maw","floor":38,"turns":9},{"damage":33,"enemies":"Writhing Mass","floor":39,"turns":4}],"seed_played":"-1449162644419347225","potions_obtained":[{"floor":0,"key":"Weak Potion"},{"floor":0,"key":"Fruit Juice"},{"floor":1,"key":"Fruit Juice"},{"floor":14,"key":"Weak Potion"},{"floor":16,"key":"DistilledChaos"},{"floor":18,"key":"FearPotion"},{"floor":23,"key":"AttackPotion"},{"floor":25,"key":"Regen Potion"},{"floor":28,"key":"EssenceOfSteel"},{"floor":28,"key":"DuplicationPotion"},{"floor":28,"key":"AttackPotion"},{"floor":31,"key":"Energy Potion"},{"floor":33,"key":"Block Potion"},{"floor":36,"key":"SteroidPotion"}],"is_trial":false,"path_per_floor":["M","$","?","?","?","R","T","M","T","E","M","E","R","E","R","B",null,"M","?","?","$","?","E","M","M","T","M","?","E","$","M","R","B",null,"M","M","?","M","M"],"character_chosen":"DEFECT","items_purchased":["Conserve Battery","Membership Card","Juzu Bracelet","Fruit Juice","Mummified Hand","EssenceOfDarkness","Regal Pillow","Regen Potion","Steam+1"],"campfire_rested":2,"item_purchase_floors":[2,21,21,21,21,21,30,30,30],"current_hp_per_floor":[84,84,84,84,84,84,84,84,84,58,58,40,74,62,71,39,85,75,75,75,85,85,26,3,3,3,30,30,28,28,51,95,12,95,67,47,47,28,0,0],"gold":159,"neow_bonus":"THREE_SMALL_POTIONS","is_daily":false,"chose_seed":false,"campfire_upgraded":2,"win_rate":0.0,"timestamp":1610888542,"path_taken":["M","$","?","?","?","R","?","M","T","E","M","E","R","E","R","BOSS","M","?","?","$","?","E","M","M","T","M","?","E","?","M","R","BOSS","M","M","?","M","M"],"items_purchased_type":["Card","Relic","Relic","Potion","Relic","Potion","Relic","Potion","Card"],"build_version":"2020-12-22","purchased_purges":0,"victory":false,"max_hp_per_floor":[85,85,85,85,85,85,85,85,85,85,85,85,85,85,85,85,85,85,85,85,95,95,95,95,95,95,95,95,95,95,95,95,95,95,95,95,95,95,95,95],"relic_stats":{"Dream Catcher":2,"Regal Pillow":1,"Inserter":[12],"Happy Flower":[32],"counters":[19,105],"Mummified Hand":[32],"Eternal Feather":33,"Pen Nib":[18],"Juzu Bracelet":1,"obtain_stats":[{"Regal Pillow":30,"Inserter":34,"Happy Flower":9,"SacredBark":17,"Eternal Feather":10,"Pen Nib":7,"Juzu Bracelet":21,"Du-Vu Doll":14,"Dream Catcher":12,"Mummified Hand":21,"Bag of Marbles":23,"Membership Card":21,"Bottled Lightning":26,"Toxic Egg 2":29,"Cracked Core":0},{"Regal Pillow":13,"Inserter":15,"Happy Flower":2,"SacredBark":7,"Eternal Feather":3,"Pen Nib":1,"Juzu Bracelet":8,"Du-Vu Doll":6,"Dream Catcher":5,"Mummified Hand":8,"Bag of Marbles":9,"Membership Card":8,"Bottled Lightning":11,"Toxic Egg 2":13,"Cracked Core":0},{"Regal Pillow":62,"Inserter":80,"Happy Flower":7,"SacredBark":36,"Eternal Feather":13,"Pen Nib":4,"Juzu Bracelet":40,"Du-Vu Doll":24,"Dream Catcher":19,"Mummified Hand":40,"Bag of Marbles":44,"Membership Card":40,"Bottled Lightning":53,"Toxic Egg 2":62,"Cracked Core":0}]},"card_choices":[{"not_picked":["Sweeping Beam","Barrage"],"picked":"Ball Lightning","floor":1},{"not_picked":["Stack","Leap"],"picked":"Beam Cell","floor":8},{"not_picked":["Loop","Echo Form"],"picked":"Static Discharge","floor":10},{"not_picked":["Gash","Skim"],"picked":"Sweeping Beam","floor":11},{"not_picked":["Compile Driver","Cold Snap"],"picked":"Leap","floor":12},{"not_picked":["Compile Driver","Chill"],"picked":"Skim","floor":13},{"not_picked":["White Noise","FTL"],"picked":"Barrage","floor":14},{"not_picked":["Meteor Strike","Reboot"],"picked":"Biased Cognition","floor":16},{"not_picked":["Gash+1","Turbo+1"],"picked":"Barrage+1","floor":18},{"not_picked":["Turbo","Gash+1"],"picked":"Leap+1","floor":23},{"not_picked":["Rebound+1","Steam"],"picked":"Conserve Battery","floor":24},{"not_picked":["Cold Snap+1","Force Field+1"],"picked":"Static Discharge","floor":25},{"not_picked":["Force Field+1","Hologram"],"picked":"Go for the Eyes","floor":27},{"not_picked":["Ball Lightning","Lockon+1"],"picked":"Coolheaded+1","floor":29},{"not_picked":["Reprogram+1","Turbo+1"],"picked":"Echo Form","floor":31},{"not_picked":["Skim+1","Compile Driver+1"],"picked":"Stack+1","floor":32},{"not_picked":["All For One","Biased Cognition"],"picked":"Core Surge","floor":33},{"not_picked":["Skim+1","Reprogram+1"],"picked":"Beam Cell","floor":35},{"not_picked":["Hologram+1","Chaos+1"],"picked":"Go for the Eyes","floor":36},{"not_picked":["Master of Strategy+1","Thinking Ahead+1"],"picked":"Trip+1","floor":37},{"not_picked":["Steam Power+1","Cold Snap"],"picked":"Streamline+1","floor":38}],"player_experience":43004,"relics_obtained":[{"floor":7,"key":"Pen Nib"},{"floor":9,"key":"Happy Flower"},{"floor":10,"key":"Eternal Feather"},{"floor":12,"key":"Dream Catcher"},{"floor":14,"key":"Du-Vu Doll"},{"floor":23,"key":"Bag of Marbles"},{"floor":26,"key":"Bottled Lightning"},{"floor":29,"key":"Toxic Egg 2"}],"event_choices":[{"damage_healed":0,"gold_gain":0,"player_choice":"Leave","damage_taken":0,"max_hp_gain":0,"max_hp_loss":0,"event_name":"The Cleric","floor":3,"gold_loss":0},{"damage_healed":0,"gold_gain":0,"player_choice":"Grow","damage_taken":0,"max_hp_gain":0,"max_hp_loss":0,"event_name":"Living Wall","floor":4,"gold_loss":0,"cards_upgraded":["Conserve Battery"]},{"damage_healed":0,"gold_gain":0,"player_choice":"Ignored","damage_taken":0,"max_hp_gain":0,"max_hp_loss":0,"event_name":"Golden Wing","floor":5,"gold_loss":0},{"damage_healed":0,"gold_gain":99,"player_choice":"Steal","damage_taken":0,"max_hp_gain":0,"max_hp_loss":0,"event_name":"betterThird:BetterNest","floor":19,"gold_loss":0},{"damage_healed":0,"gold_gain":0,"player_choice":"Ignored","damage_taken":0,"max_hp_gain":0,"max_hp_loss":0,"event_name":"Purifier","floor":20,"gold_loss":0},{"damage_healed":0,"gold_gain":0,"player_choice":"Got Potions","damage_taken":0,"max_hp_gain":0,"max_hp_loss":0,"event_name":"Lab","floor":28,"gold_loss":0},{"damage_healed":0,"gold_gain":0,"player_choice":"Memory 1","damage_taken":0,"max_hp_gain":0,"max_hp_loss":0,"event_name":"SensoryStone","floor":37,"gold_loss":0}],"is_beta":false,"boss_relics":[{"not_picked":["Coffee Dripper","Ectoplasm"],"picked":"SacredBark"},{"not_picked":["FrozenCore","SlaversCollar"],"picked":"Inserter"}],"items_purged_floors":[],"is_endless":false,"potions_floor_spawned":[1,14,16,18,23,25,31,33,36],"killed_by":"Writhing Mass","ascension_level":0}}