{"host":"00tqcjwpycel7e54","time":1610880739,"event":{"mods":["ATMod(阿瑾Mod)","Act Like it!","BaseMod","Colored Powertips","Decade(王小明)","Hermit","Highlight Path","Hubris","Luminous","Marisa（F雨　魔理沙）","Minty Spire (QoL Compilation)","Reimu（博丽灵梦）","Remilia（蕾米莉亚）","Robot Space Explorer","SOS（斯巴达之子）","Shop Mod","Spicy Shops","StSLib","The Administrix","The Animator","The Blackbeard","The Bug Knight","The Construct","The Cursed","The Gatherer","The Hierophant","The Mystic","The Runesmith","The Servant 0.9.4","WarShipGirlsR/战舰少女R mod","Youmu（魂魄妖梦）","Yuyuko","vexMod","【遗物卡牌】REMEMod"],"gold_per_floor":[116,391,407,419,1,1,1,1,48,92,127,127,155,204,216,347,359,398,444,179,179,206,269,303,303,303,303],"floor_reached":25,"language":"ZHS","playtime":1280,"items_purged":["Pain"],"score":283,"play_id":"6193176a-fee3-4018-9c8e-636041323d6a","local_time":"20210117185219","is_ascension_mode":false,"campfire_choices":[{"data":"blackbeard:GoldenDefense","floor":6.0,"key":"SMITH"},{"floor":12.0,"key":"REST"},{"floor":15.0,"key":"REST"}],"circlet_count":0,"master_deck":["blackbeard:BlackbeardStrike","blackbeard:BlackbeardStrike","blackbeard:BlackbeardStrike","blackbeard:BlackbeardStrike","blackbeard:IntimidatingStrike","blackbeard:BlackbeardDefend","blackbeard:BlackbeardDefend","blackbeard:BlackbeardDefend","blackbeard:BlackbeardDefend","blackbeard:Cutlass","AT_ShadowStep","blackbeard:GhostInTheRum","Regret","blackbeard:GoldenDefense+1","blackbeard:WoodenLeg","blackbeard:AgileStrike","blackbeard:Sword","blackbeard:WeaponProficiency","blackbeard:GoldenGuillotine","blackbeard:Sharpening","blackbeard:MegaUpgrade","CurseOfTheBell","blackbeard:GoldenStrike","blackbeard:SwordDance+1","Parasite","Writhe","blackbeard:BuriedTreasure+1","blackbeard:RearmingStrike"],"relics":["blackbeard:LoadTheCannons","AT_ATBox","REME_ComplimentaryCards","NeowsBlessing","blackbeard:TreasureChest","AT_ChloranthyRing","vexMod:ScavengeHelm","WarpedTongs","Dream Catcher","blackbeard:Spearhead","MawBank","Calling Bell","AT_SpeedBoots","Shuriken","Turnip","Oddly Smooth Stone","Regal Pillow","AT_RedTearstoneRing","vexMod:BerryBomb"],"acts_visited":["Exordium","TheCity"],"potions_floor_usage":[],"damage_taken":[{"damage":0.0,"enemies":"Jaw Worm","floor":1.0,"turns":1.0},{"damage":0.0,"enemies":"Cultist","floor":3.0,"turns":1.0},{"damage":0.0,"enemies":"Small Slimes","floor":4.0,"turns":1.0},{"damage":34.0,"enemies":"Lagavulin","floor":10.0,"turns":7.0},{"damage":11.0,"enemies":"Gremlin Gang","floor":11.0,"turns":5.0},{"damage":15.0,"enemies":"Lots of Slimes","floor":13.0,"turns":5.0},{"damage":0.0,"enemies":"HollowMod:MossKnight","floor":14.0,"turns":2.0},{"damage":39.0,"enemies":"The Guardian","floor":16.0,"turns":9.0},{"damage":16.0,"enemies":"Shell Parasite","floor":18.0,"turns":6.0},{"damage":2.0,"enemies":"Chosen","floor":19.0,"turns":3.0},{"damage":39.0,"enemies":"Centurion and Healer","floor":22.0,"turns":9.0},{"damage":12.0,"enemies":"Book of Stabbing","floor":23.0,"turns":3.0},{"damage":0.0,"enemies":"Snake Plant","floor":24.0,"turns":1.0},{"damage":16,"enemies":"REME_1_Revenger","floor":25,"turns":3}],"seed_played":"-5249896208605813671","potions_obtained":[{"floor":3.0,"key":"REME_GoldPotion"},{"floor":10.0,"key":"ColorlessPotion"},{"floor":13.0,"key":"Block Potion"},{"floor":19.0,"key":"Dexterity Potion"},{"floor":22.0,"key":"Ancient Potion"}],"is_trial":false,"path_per_floor":["M","?","M","M","$","R","$","?","T","E","M","R","M","E","R","B",null,"M","M","$","?","M","E","M","E"],"character_chosen":"BLACKBEARD_CLASS","items_purchased":["blackbeard:TreasureChest","AT_ChloranthyRing","vexMod:ScavengeHelm","Oddly Smooth Stone","Regal Pillow"],"campfire_rested":2,"item_purchase_floors":[5,5,5,20,20],"current_hp_per_floor":[75,75,75,75,75,75,75,75,75,41,30,52,37,37,59,20,75,59,57,57,57,18,12,12,0,0,0],"gold":303,"neow_bonus":"THREE_ENEMY_KILL","is_daily":false,"chose_seed":false,"campfire_upgraded":1,"win_rate":0.0,"timestamp":1610880739,"path_taken":["M","?","M","M","$","R","?","?","T","E","?","R","M","E","R","BOSS","M","M","$","?","M","E","M","E"],"items_purchased_type":["Relic","Relic","Relic","Relic","Relic"],"build_version":"2020-12-22","purchased_purges":1,"victory":false,"max_hp_per_floor":[75,75,75,75,75,75,75,75,75,75,75,75,75,75,75,75,75,75,75,75,75,75,81,81,81,81,81],"card_choices":[{"not_picked":["blackbeard:BlindAttacks","blackbeard:Boarding"],"picked":"blackbeard:GhostInTheRum","floor":1.0},{"not_picked":["blackbeard:RearmingStrike","blackbeard:RemoveScurvy"],"picked":"blackbeard:GoldenDefense","floor":3.0},{"not_picked":["blackbeard:GoldenDefense","blackbeard:Shrapnel"],"picked":"blackbeard:WoodenLeg","floor":4.0},{"not_picked":["blackbeard:ArmorUp","blackbeard:Scrap"],"picked":"blackbeard:AgileStrike","floor":10.0},{"not_picked":["blackbeard:CaptainsCabin","blackbeard:Toast"],"picked":"blackbeard:Sword","floor":11.0},{"not_picked":["blackbeard:CatONineTails","blackbeard:BlindAttacks"],"picked":"blackbeard:WeaponProficiency","floor":12.0},{"not_picked":["blackbeard:GhostInTheRum","blackbeard:CannonballSupply"],"picked":"blackbeard:GoldenGuillotine","floor":13.0},{"not_picked":["blackbeard:Scrap","blackbeard:AgileStrike","blackbeard:VengefulSpirit"],"picked":"SKIP","floor":14.0},{"not_picked":["blackbeard:PirateEarring","blackbeard:Scrap"],"picked":"blackbeard:Sharpening","floor":15.0},{"not_picked":["blackbeard:UndeadForm","blackbeard:WeaponMastery"],"picked":"blackbeard:MegaUpgrade","floor":16.0},{"not_picked":["blackbeard:CannonballSupply+1","blackbeard:Fencing"],"picked":"blackbeard:GoldenStrike","floor":18.0},{"not_picked":["blackbeard:WiseDefense","blackbeard:GoldenDefense"],"picked":"blackbeard:SwordDance+1","floor":19.0},{"not_picked":["blackbeard:FieryDefense","blackbeard:BlindAttacks"],"picked":"blackbeard:BuriedTreasure+1","floor":22.0},{"not_picked":["blackbeard:DeadlyArsenal","blackbeard:Spear"],"picked":"blackbeard:RearmingStrike","floor":23.0},{"not_picked":["blackbeard:SwordDance","blackbeard:BeatUp","blackbeard:Boarding"],"picked":"SKIP","floor":24.0}],"player_experience":734212,"relics_obtained":[{"floor":9.0,"key":"Dream Catcher"},{"floor":10.0,"key":"blackbeard:Spearhead"},{"floor":14.0,"key":"MawBank"},{"floor":17.0,"key":"AT_SpeedBoots"},{"floor":17.0,"key":"Shuriken"},{"floor":17.0,"key":"Turnip"},{"floor":23.0,"key":"vexMod:BerryBomb"}],"event_choices":[{"damage_healed":0.0,"max_hp_gain":0.0,"max_hp_loss":0.0,"gold_gain":275.0,"event_name":"Golden Shrine","player_choice":"Desecrate","floor":2.0,"gold_loss":0.0,"damage_taken":0.0,"cards_obtained":["Regret"]},{"damage_healed":0.0,"max_hp_gain":0.0,"max_hp_loss":0.0,"gold_gain":0.0,"event_name":"Accursed Blacksmith","player_choice":"Rummage","floor":8.0,"gold_loss":0.0,"damage_taken":0.0,"relics_obtained":["WarpedTongs"],"cards_obtained":["Pain"]},{"damage_healed":0.0,"max_hp_gain":0.0,"max_hp_loss":0.0,"gold_gain":0.0,"event_name":"The Mausoleum","player_choice":"Opened","floor":21.0,"gold_loss":0.0,"damage_taken":0.0,"relics_obtained":["AT_RedTearstoneRing"],"cards_obtained":["Writhe"]}],"is_beta":false,"boss_relics":[{"not_picked":["Tiny House","hubris:BlackHole"],"picked":"Calling Bell"}],"items_purged_floors":[20],"is_endless":false,"potions_floor_spawned":[3,10,13,19,22],"killed_by":"REME_1_Revenger","ascension_level":0}}