{"host":"1a3cjta80tad0aqj","time":1610874780,"event":{"mods":["2.2 Compatiblity","AchievementEnabler","BaseMod","Colored Map","DeckTracker","KOR Keyword Fix","Keyboard Shortcuts","Minty Spire (QoL Compilation)","Permanent Neow","Quick Restart","Random Character Button","StSLib","SuperFastMode","everything is the same but u backflip on backflip"],"gold_per_floor":[144,189,234,279,324,414,414,459,459,534,579,624,624,312,312,612,612,657,702,286,736,292,382,427,472,472,72,72,117,117,162,162,462,462,507,357,468,168,213,303,348,393,393,393,393,199,244,289,289,289],"floor_reached":51,"language":"KOR","playtime":3129,"items_purged":[],"score":1155,"play_id":"da0ef7f1-072d-4744-aab0-57b17bfc7fb8","local_time":"20210117181300","daily_mods":["SealedDeck","Hoarder","Midas"],"is_ascension_mode":false,"campfire_choices":[{"floor":7.0,"key":"REST"},{"floor":13.0,"key":"REST"},{"floor":15.0,"key":"REST"},{"floor":30.0,"key":"REST"},{"floor":32.0,"key":"REST"},{"floor":44.0,"key":"REST"},{"floor":49,"key":"REST"}],"circlet_count":0,"master_deck":["Conserve Battery+1","Conserve Battery+1","Conserve Battery+1","Rebound+1","Rebound+1","Rebound+1","Streamline+1","Streamline+1","Streamline+1","Hologram+1","Hologram+1","Hologram+1","Leap+1","Leap+1","Leap+1","Compile Driver+1","Compile Driver+1","Compile Driver+1","Turbo+1","Turbo+1","Turbo+1","Stack+1","Stack+1","Stack+1","Coolheaded+1","Coolheaded+1","Coolheaded+1","Cold Snap+1","Cold Snap+1","Cold Snap+1","Core Surge+1","Core Surge+1","Core Surge+1","FTL+1","FTL+1","FTL+1","Storm+1","Storm+1","Storm+1","Reboot+1","Reboot+1","Reboot+1","Machine Learning+1","Machine Learning+1","Machine Learning+1","Chill+1","Chill+1","Chill+1","Self Repair+1","Self Repair+1","Self Repair+1","Dark Shackles+1","Dark Shackles+1","Dark Shackles+1","Rainbow+1","Rainbow+1","Rainbow+1","Ball Lightning+1","Ball Lightning+1","Ball Lightning+1","Double Energy+1","Double Energy+1","Double Energy+1","Glacier+1","Glacier+1","Glacier+1","Panacea+1","Panacea+1","Panacea+1","Capacitor+1","Capacitor+1","Capacitor+1","Sunder+1","Sunder+1","Sunder+1","Violence+1","Violence+1","Violence+1","Biased Cognition+1","Biased Cognition+1","Biased Cognition+1","Heatsinks+1","Heatsinks+1","Heatsinks+1","Capacitor+1","Capacitor+1","Capacitor+1","Lockon+1","Lockon+1","Lockon+1","Seek+1","Seek+1","Seek+1","Double Energy+1","Double Energy+1","Double Energy+1","Steam Power+1","Steam Power+1","Steam Power+1","Hologram+1","Hologram+1","Hologram+1","Barrage+1","Barrage+1","Barrage+1","Redo+1","Redo+1","Redo+1","Barrage+1","Barrage+1","Barrage+1","Turbo+1","Turbo+1","Turbo+1","Beam Cell+1","Beam Cell+1","Beam Cell+1","Consume+1","Consume+1","Consume+1","Tempest+1","Tempest+1","Tempest+1","BootSequence+1","BootSequence+1","BootSequence+1","Stack+1","Stack+1","Stack+1","Skim+1","Skim+1","Skim+1","Biased Cognition+1","Biased Cognition+1","Biased Cognition+1","Steam+1","Steam+1","Steam+1","Melter+1","Melter+1","Melter+1"],"relics":["Cracked Core","Pear","Darkstone Periapt","Membership Card","Nunchaku","Fusion Hammer","Medical Kit","Mango","Bottled Lightning","Peace Pipe","Orichalcum","OrangePellets","Potion Belt","Bottled Flame","FossilizedHelix","Ice Cream","Chemical X","Astrolabe","Ancient Tea Set","Orrery","Bird Faced Urn","CaptainsWheel","Thread and Needle","Toxic Egg 2","Frozen Egg 2","Mark of the Bloom","Gremlin Horn"],"acts_visited":["Exordium","TheCity","TheBeyond"],"potions_floor_usage":[50,50,50],"damage_taken":[{"damage":1.0,"enemies":"2 Louse","floor":1.0,"turns":3.0},{"damage":0.0,"enemies":"Cultist","floor":2.0,"turns":3.0},{"damage":0.0,"enemies":"Small Slimes","floor":3.0,"turns":2.0},{"damage":8.0,"enemies":"Looter","floor":4.0,"turns":3.0},{"damage":0.0,"enemies":"2 Fungi Beasts","floor":5.0,"turns":3.0},{"damage":9.0,"enemies":"3 Sentries","floor":6.0,"turns":5.0},{"damage":9.0,"enemies":"Large Slime","floor":8.0,"turns":3.0},{"damage":5.0,"enemies":"Lots of Slimes","floor":11.0,"turns":2.0},{"damage":1.0,"enemies":"Exordium Thugs","floor":12.0,"turns":3.0},{"damage":12.0,"enemies":"Slime Boss","floor":16.0,"turns":6.0},{"damage":1.0,"enemies":"Spheric Guardian","floor":18.0,"turns":4.0},{"damage":8.0,"enemies":"Chosen","floor":19.0,"turns":4.0},{"damage":25.0,"enemies":"Slavers","floor":23.0,"turns":5.0},{"damage":0.0,"enemies":"3 Cultists","floor":24.0,"turns":5.0},{"damage":12.0,"enemies":"Snake Plant","floor":25.0,"turns":3.0},{"damage":5.0,"enemies":"Sentry and Sphere","floor":29.0,"turns":5.0},{"damage":0.0,"enemies":"Chosen and Byrds","floor":31.0,"turns":5.0},{"damage":0.0,"enemies":"Automaton","floor":33.0,"turns":6.0},{"damage":0.0,"enemies":"3 Darklings","floor":35.0,"turns":4.0},{"damage":15.0,"enemies":"2 Orb Walkers","floor":37.0,"turns":4.0},{"damage":0.0,"enemies":"3 Shapes","floor":39.0,"turns":3.0},{"damage":0.0,"enemies":"Reptomancer","floor":40.0,"turns":6.0},{"damage":0.0,"enemies":"Transient","floor":41.0,"turns":5.0},{"damage":0.0,"enemies":"Writhing Mass","floor":42.0,"turns":6.0},{"damage":0.0,"enemies":"Jaw Worm Horde","floor":47.0,"turns":2.0},{"damage":0,"enemies":"3 Darklings","floor":48,"turns":2},{"damage":0,"enemies":"Awakened One","floor":50,"turns":4}],"seed_played":"7372172642885907109","potions_obtained":[{"floor":4.0,"key":"Regen Potion"},{"floor":6.0,"key":"SneckoOil"},{"floor":8.0,"key":"SneckoOil"},{"floor":16.0,"key":"GamblersBrew"},{"floor":18.0,"key":"SteroidPotion"},{"floor":24.0,"key":"CultistPotion"},{"floor":29.0,"key":"Regen Potion"},{"floor":35.0,"key":"AttackPotion"},{"floor":47.0,"key":"Swift Potion"}],"is_trial":false,"path_per_floor":["M","M","M","M","M","E","R","M","T","?","M","M","R","$","R","B",null,"M","M","$","?","$","E","M","M","T","$","?","M","R","M","R","B",null,"M","$","?","$","M","E","M","M","T","R","?","$","M","M","R","B",null],"character_chosen":"DEFECT","items_purchased":["Membership Card","Nunchaku","Self Repair","Dark Shackles","Medical Kit","Mango","Bottled Lightning","Glacier","Panacea","Peace Pipe","Orichalcum","Capacitor","OrangePellets","Sunder","Violence","FossilizedHelix","Ice Cream","Chemical X","Energy Potion","Ancient Tea Set","Orrery","CaptainsWheel","Thread and Needle","Gremlin Horn","Biased Cognition+1"],"campfire_rested":7,"item_purchase_floors":[14,14,14,14,20,20,20,20,20,22,22,22,22,22,22,27,27,27,27,36,36,38,38,46,46],"current_hp_per_floor":[74,74,74,66,66,67,85,76,76,65,60,59,84,84,85,73,85,84,85,99,53,53,35,49,53,53,53,53,55,84,84,99,99,99,99,99,84,84,90,99,99,99,99,99,99,99,99,99,99,99],"gold":289,"neow_bonus":"","is_daily":true,"chose_seed":false,"campfire_upgraded":0,"win_rate":0.0,"timestamp":1610874780,"path_taken":["M","M","M","M","M","E","R","M","T","?","M","M","R","$","R","BOSS","M","M","$","?","$","E","?","M","T","$","?","M","R","M","R","BOSS","M","$","?","$","M","E","M","M","T","R","?","$","M","M","R","BOSS"],"items_purchased_type":["Relic","Relic","Card","Card","Relic","Relic","Relic","Card","Card","Relic","Relic","Card","Relic","Card","Card","Relic","Relic","Relic","Potion","Relic","Relic","Relic","Relic","Relic","Card"],"build_version":"2020-12-22","purchased_purges":0,"victory":true,"max_hp_per_floor":[75,75,75,75,75,85,85,85,85,85,85,85,85,85,85,85,85,85,85,99,99,99,99,99,99,99,99,99,99,99,99,99,99,99,99,99,99,99,99,99,99,99,99,99,99,99,99,99,99,99],"card_choices":[{"not_picked":["Leap","Scrape","Streamline"],"picked":"SKIP","floor":1.0},{"not_picked":["Streamline","Double Energy"],"picked":"Cold Snap","floor":2.0},{"not_picked":["Steam","Turbo"],"picked":"Core Surge","floor":3.0},{"not_picked":["Gash","Stack"],"picked":"FTL","floor":4.0},{"not_picked":["Beam Cell","Hello World"],"picked":"Storm","floor":5.0},{"not_picked":["Hologram","Steam"],"picked":"Reboot","floor":6.0},{"not_picked":["Go for the Eyes","Consume"],"picked":"Machine Learning","floor":8.0},{"not_picked":["FTL","Redo"],"picked":"Chill","floor":11.0},{"not_picked":["Compile Driver","Go for the Eyes","Conserve Battery"],"picked":"SKIP","floor":12.0},{"not_picked":["Multi-Cast","Fission"],"picked":"Rainbow","floor":16.0},{"not_picked":["Streamline","Storm"],"picked":"Ball Lightning","floor":18.0},{"not_picked":["Static Discharge","Genetic Algorithm"],"picked":"Double Energy","floor":19.0},{"not_picked":["FTL","BootSequence"],"picked":"Biased Cognition","floor":23.0},{"not_picked":["Rebound","Cold Snap"],"picked":"Heatsinks+1","floor":24.0},{"not_picked":["Hello World","Sweeping Beam+1"],"picked":"Capacitor+1","floor":25.0},{"not_picked":["Streamline","Stack+1"],"picked":"Lockon","floor":29.0},{"not_picked":["Coolheaded","Rip and Tear+1","Sweeping Beam"],"picked":"SKIP","floor":31.0},{"not_picked":["Creative AI","Reboot"],"picked":"Seek","floor":33.0},{"not_picked":["Redo","Conserve Battery+1"],"picked":"Barrage","floor":35.0},{"not_picked":["Machine Learning","Steam"],"picked":"Redo+1","floor":36.0},{"not_picked":["Seek","Cold Snap"],"picked":"Barrage+1","floor":36.0},{"not_picked":["Compile Driver+1","Rebound+1"],"picked":"Turbo+1","floor":36.0},{"not_picked":["All For One","Glacier"],"picked":"Beam Cell","floor":36.0},{"not_picked":["Force Field+1","Steam"],"picked":"Consume","floor":36.0},{"not_picked":["Rip and Tear","Undo+1"],"picked":"Tempest+1","floor":37.0},{"not_picked":["Go for the Eyes+1","Hologram+1"],"picked":"BootSequence+1","floor":39.0},{"not_picked":["Ball Lightning","Cold Snap+1"],"picked":"Stack+1","floor":40.0},{"not_picked":["Cold Snap+1","Compile Driver+1","Turbo+1"],"picked":"SKIP","floor":41.0},{"not_picked":["Streamline","Auto Shields+1"],"picked":"Skim+1","floor":42.0},{"not_picked":["Compile Driver","Recycle+1"],"picked":"Steam+1","floor":47.0},{"not_picked":["Glacier+1","Hologram+1"],"picked":"Melter+1","floor":48}],"player_experience":696088,"relics_obtained":[{"floor":6.0,"key":"Pear"},{"floor":9.0,"key":"Darkstone Periapt"},{"floor":23.0,"key":"Potion Belt"},{"floor":26.0,"key":"Bottled Flame"},{"floor":37.0,"key":"Bird Faced Urn"},{"floor":40.0,"key":"Toxic Egg 2"},{"floor":43.0,"key":"Frozen Egg 2"}],"event_choices":[{"damage_healed":0.0,"max_hp_gain":0.0,"max_hp_loss":0.0,"gold_gain":75.0,"event_name":"World of Goop","player_choice":"Gather Gold","floor":10.0,"gold_loss":0.0,"damage_taken":11.0},{"damage_healed":0.0,"max_hp_gain":0.0,"max_hp_loss":0.0,"gold_gain":450.0,"event_name":"Knowing Skull","player_choice":"GOLD GOLD GOLD GOLD GOLD ","floor":21.0,"potions_obtained":[],"gold_loss":0.0,"damage_taken":46.0,"cards_obtained":[]},{"damage_healed":0.0,"max_hp_gain":0.0,"max_hp_loss":0.0,"gold_gain":0.0,"event_name":"Vampires","player_choice":"Ignored","floor":28.0,"gold_loss":0.0,"damage_taken":0.0},{"damage_healed":0.0,"max_hp_gain":0.0,"max_hp_loss":0.0,"gold_gain":0.0,"event_name":"Mysterious Sphere","player_choice":"Fight","floor":37.0,"gold_loss":0.0,"damage_taken":0.0},{"damage_healed":0.0,"max_hp_gain":0.0,"max_hp_loss":0.0,"gold_gain":0.0,"event_name":"MindBloom","player_choice":"Upgrade","floor":45.0,"gold_loss":0.0,"damage_taken":0.0,"cards_upgraded":["Conserve Battery","Conserve Battery","Conserve Battery","Rebound","Rebound","Rebound","Streamline","Streamline","Streamline","Hologram","Hologram","Hologram","Leap","Leap","Leap","Compile Driver","Compile Driver","Compile Driver","Turbo","Turbo","Turbo","Stack","Stack","Stack","Coolheaded","Coolheaded","Coolheaded","Cold Snap","Cold Snap","Cold Snap","Core Surge","Core Surge","Core Surge","FTL","FTL","FTL","Storm","Storm","Storm","Reboot","Reboot","Reboot","Machine Learning","Machine Learning","Machine Learning","Chill","Chill","Chill","Self Repair","Self Repair","Self Repair","Dark Shackles","Dark Shackles","Dark Shackles","Rainbow","Rainbow","Rainbow","Ball Lightning","Ball Lightning","Ball Lightning","Double Energy","Double Energy","Double Energy","Glacier","Glacier","Glacier","Panacea","Panacea","Panacea","Capacitor","Capacitor","Capacitor","Sunder","Sunder","Sunder","Violence","Violence","Violence","Biased Cognition","Biased Cognition","Biased Cognition","Lockon","Lockon","Lockon","Seek","Seek","Seek","Barrage","Barrage","Barrage","Beam Cell","Beam Cell","Beam Cell","Consume","Consume","Consume"],"relics_obtained":["Mark of the Bloom"]}],"is_beta":false,"boss_relics":[{"not_picked":["SlaversCollar","Philosopher\u0027s Stone"],"picked":"Fusion Hammer"},{"not_picked":["Nuclear Battery","Black Star"],"picked":"Astrolabe"}],"items_purged_floors":[],"is_endless":false,"potions_floor_spawned":[4,6,8,16,18,24,29,35,40,47],"ascension_level":0}}