{"host":"tr12w2fixbnujl15","time":1610921420,"event":{"mods":["100% Spire Juice","2.2 Compatiblity","Arknights The Spire","BaseMod","Better Skull","BetterRewards","Clockwork Mod","Colored Powertips","Evolution","Hermit","Hubris","Infinite Spire","JesterMod","Koishi","Mad Scientist","Minty Spire (QoL Compilation)","Prisma Mod","Quick Restart","Replay The Spire","Shop Mod","StSLib","SuperFastMode","The Animator","The Bug Knight","The Construct","The Cursed","The Hierophant","The Mystic","The Necromancer","The Runesmith","The Sage","The Senshi","The Servant 0.9.4","The Spell Scribe","TheFirefly","WarShipGirlsR/????R mod","Yakumo Yukari mod"],"gold_per_floor":[116,116,127,143,161,161,172,201,201,166,166,149,223,173,173,173,173],"floor_reached":16,"language":"ENG","playtime":515,"items_purged":[],"score":102,"play_id":"de0b3666-d2d8-4a3d-a604-5eb5f953ea2c","local_time":"20210117171020","is_ascension_mode":false,"campfire_choices":[{"data":"ats:Ignite","floor":6,"key":"SMITH"},{"floor":11,"key":"REST"},{"floor":15,"key":"REST"}],"circlet_count":0,"master_deck":["ats:Ignite","ats:Strike G","ats:Strike S","ats:Strike V","ats:Armor Crushing Shot","ats:Defend","ats:Defend","ats:Defend","ats:Defend","ats:Emotion Absorption","ats:Support Order+1","ats:Explosion Area Strengthen","ats:Ignite+1","ats:Song Of Battle","ats:Calcification","ats:Volcano","ats:Flexible Camouflage"],"relics":["ats:Sanity","EVO:Axolotl","NeowsBlessing","ats:Originium","ReplayTheSpireMod:TigerMarble","ats:Bonebreaker","infinitespire:BottledMercury","Torii"],"acts_visited":["Exordium"],"potions_floor_usage":[7,7,16],"damage_taken":[{"damage":0,"enemies":"Cultist","floor":1,"turns":1},{"damage":0,"enemies":"2 Louse","floor":3,"turns":1},{"damage":0,"enemies":"Jaw Worm","floor":4,"turns":1},{"damage":8,"enemies":"Large Slime","floor":5,"turns":5},{"damage":16,"enemies":"Gremlin Gang","floor":7,"turns":6},{"damage":52,"enemies":"HollowMod:MossKnight","floor":8,"turns":15},{"damage":15,"enemies":"Exordium Thugs","floor":12,"turns":4},{"damage":65,"enemies":"Hexaghost","floor":16,"turns":11}],"seed_played":"6980542209922973180","potions_obtained":[{"floor":3,"key":"LiquidMemories"},{"floor":5,"key":"Fruit Juice"},{"floor":8,"key":"LifebloodPotion"},{"floor":12,"key":"sagemod:Wine"}],"is_trial":false,"path_per_floor":["M","?","M","M","M","R","M","E","T","?","R","M","T","?","R","B"],"character_chosen":"DOCTOR_CLASS","items_purchased":[],"campfire_rested":2,"item_purchase_floors":[],"current_hp_per_floor":[72,72,72,72,64,64,53,8,8,27,50,36,36,36,59,0,0],"gold":173,"neow_bonus":"THREE_ENEMY_KILL","is_daily":false,"chose_seed":false,"campfire_upgraded":1,"win_rate":0.0,"timestamp":1610921420,"path_taken":["M","?","M","?","M","R","M","E","T","?","R","M","?","?","R","BOSS"],"items_purchased_type":[],"build_version":"2020-12-22","purchased_purges":0,"victory":false,"max_hp_per_floor":[72,72,72,72,72,72,77,77,77,77,77,77,77,77,77,77,77],"card_choices":[{"not_picked":["ats:Consecutive Shot Auto","ats:Childhood Dance"],"picked":"ats:Support Order","floor":1},{"not_picked":["ats:Demon Strength","ats:Shell Defense"],"picked":"ats:Explosion Area Strengthen","floor":3},{"not_picked":["ats:Composite Medical Shells","ats:Curse Doll"],"picked":"ats:Ignite","floor":4},{"not_picked":["ats:Assault Order","ats:Very Hot Blade"],"picked":"ats:Song Of Battle","floor":5},{"not_picked":["ats:Explosion Area Strengthen","ats:Shadow Raid"],"picked":"ats:Calcification","floor":7},{"not_picked":["ats:Beaten Up","ats:Curse Doll"],"picked":"ats:Volcano","floor":8},{"not_picked":["ats:Healing Strengthening","ats:Flame Of Heaven"],"picked":"ats:Flexible Camouflage","floor":12}],"player_experience":64433,"relics_obtained":[{"floor":8,"key":"ats:Originium"},{"floor":8,"key":"ReplayTheSpireMod:TigerMarble"},{"floor":9,"key":"ats:Bonebreaker"},{"floor":13,"key":"infinitespire:BottledMercury"}],"event_choices":[{"damage_healed":0,"gold_gain":0,"player_choice":"Forge","damage_taken":0,"max_hp_gain":0,"max_hp_loss":0,"event_name":"Accursed Blacksmith","floor":2,"gold_loss":0,"cards_upgraded":["ats:Support Order"]},{"damage_healed":19,"gold_gain":0,"player_choice":"Healed","damage_taken":0,"max_hp_gain":0,"max_hp_loss":0,"event_name":"The Cleric","floor":10,"gold_loss":35},{"damage_healed":0,"gold_gain":0,"player_choice":"Paid Gold","damage_taken":0,"relics_obtained":["Torii"],"max_hp_gain":0,"max_hp_loss":0,"event_name":"WeMeetAgain","floor":14,"gold_loss":50}],"is_beta":false,"boss_relics":[],"items_purged_floors":[],"is_endless":false,"potions_floor_spawned":[3,5,8,12],"killed_by":"Hexaghost","ascension_level":0}}