{"host":"u1dfzl6o6mfmauc3","time":1610845825,"event":{"mods":["2.2 Compatiblity","AchievementEnabler","Bard","BaseMod","Block Reminder","Challenge The Spire","Dark Map","Hermit","Minty Spire (QoL Compilation)","Relic Stats","Robot Space Explorer","StSLib","The Cursed","The Disciple"],"gold_per_floor":[165,165,185,201,126,126,145,145,145,145,45,58,72,88,88,189,189,202,202,77,89,89,124,124,124,124,151,168,188,188,287,287,391,391,409,205,205,250,250,279,279,297,346,365,378,378,391,406,406,406],"floor_reached":51,"language":"ENG","playtime":871,"items_purged":["TheCursedMod:CursedWand","TheCursedMod:CircleOfAbyss","TheCursedMod:Wield","TheCursedMod:ForbiddenAlchemy"],"score":1059,"play_id":"1ba6a663-fe3a-47ed-a4e6-32dc1c1caa39","local_time":"20210116201025","is_ascension_mode":false,"campfire_choices":[{"data":"TheCursedMod:CircleOfWindfury","floor":6,"key":"SMITH"},{"data":"TheCursedMod:CircleOfCorruption","floor":15,"key":"SMITH"},{"data":"Finesse","floor":24,"key":"SMITH"},{"floor":32,"key":"REST"},{"data":"TheCursedMod:CircleOfCorruption","floor":41,"key":"SMITH"},{"floor":46,"key":"REST"},{"floor":49,"key":"RECALL"}],"circlet_count":0,"master_deck":["Finesse+1","TheCursedMod:Stretching+1","TheCursedMod:CircleOfCorruption+1","TheCursedMod:CircleOfWindfury+1","TheCursedMod:CircleOfCorruption+1"],"relics":["Tiny House"],"acts_visited":["Exordium","TheCity","TheBeyond"],"potions_floor_usage":[29,50],"damage_taken":[{"damage":0,"enemies":"Cultist","floor":1,"turns":1},{"damage":0,"enemies":"Small Slimes","floor":3,"turns":1},{"damage":0,"enemies":"2 Louse","floor":4,"turns":2},{"damage":0,"enemies":"Exordium Thugs","floor":7,"turns":1},{"damage":0,"enemies":"Large Slime","floor":12,"turns":1},{"damage":0,"enemies":"2 Fungi Beasts","floor":13,"turns":1},{"damage":0,"enemies":"Looter","floor":14,"turns":1},{"damage":0,"enemies":"Slime Boss","floor":16,"turns":1},{"damage":0,"enemies":"Spheric Guardian","floor":18,"turns":1},{"damage":0,"enemies":"Chosen","floor":21,"turns":1},{"damage":0,"enemies":"Gremlin Leader","floor":23,"turns":1},{"damage":0,"enemies":"Book of Stabbing","floor":27,"turns":1},{"damage":0,"enemies":"Snake Plant","floor":28,"turns":1},{"damage":19,"enemies":"Sentry and Sphere","floor":29,"turns":3},{"damage":0,"enemies":"Automaton","floor":33,"turns":1},{"damage":0,"enemies":"3 Shapes","floor":35,"turns":1},{"damage":0,"enemies":"2 Orb Walkers","floor":38,"turns":1},{"damage":0,"enemies":"Reptomancer","floor":40,"turns":1},{"damage":0,"enemies":"3 Darklings","floor":42,"turns":1},{"damage":0,"enemies":"Sphere and 2 Shapes","floor":44,"turns":1},{"damage":0,"enemies":"Spire Growth","floor":45,"turns":1},{"damage":0,"enemies":"Writhing Mass","floor":47,"turns":1},{"damage":0,"enemies":"Maw","floor":48,"turns":1},{"damage":0,"enemies":"Time Eater","floor":50,"turns":3}],"seed_played":"-7616378258621346091","potions_obtained":[{"floor":1,"key":"Regen Potion"},{"floor":13,"key":"ColorlessPotion"},{"floor":14,"key":"Energy Potion"},{"floor":38,"key":"Regen Potion"},{"floor":47,"key":"FairyPotion"}],"is_trial":false,"path_per_floor":["M","?","M","M","$","R","M","?","T","?","$","M","M","M","R","B",null,"M","?","$","M","?","E","R","$","T","E","M","M","?","?","R","B",null,"M","$","?","?","?","E","R","M","T","M","M","R","M","M","R","B",null],"character_chosen":"THE_CURSED","items_purchased":["TheCursedMod:CircleOfCorruption"],"campfire_rested":2,"item_purchase_floors":[36],"current_hp_per_floor":[80,80,80,80,80,80,80,80,80,73,73,73,73,73,73,73,80,80,80,80,80,80,80,80,80,80,80,80,61,61,61,80,80,80,80,80,80,80,80,80,80,80,80,80,80,80,80,80,80,80],"gold":406,"neow_bonus":"BOSS_RELIC","is_daily":false,"chose_seed":false,"campfire_upgraded":4,"win_rate":0.0,"timestamp":1610845825,"path_taken":["M","?","M","M","$","R","M","?","T","?","$","M","M","M","R","BOSS","M","?","$","M","?","E","R","$","T","E","M","?","?","?","R","BOSS","M","$","?","?","?","E","R","M","T","M","M","R","M","M","R","BOSS"],"items_purchased_type":["Card"],"build_version":"2020-12-22","purchased_purges":4,"victory":true,"max_hp_per_floor":[80,80,80,80,80,80,80,80,80,80,80,80,80,80,80,80,80,80,80,80,80,80,80,80,80,80,80,80,80,80,80,80,80,80,80,80,80,80,80,80,80,80,80,80,80,80,80,80,80,80],"relic_stats":{"counters":[24,29],"obtain_stats":[{"Tiny House":0,"TheCursedMod:PinkPellets":0},{"Tiny House":0,"TheCursedMod:PinkPellets":0},{"Tiny House":0,"TheCursedMod:PinkPellets":0}]},"card_choices":[{"not_picked":["TheCursedMod:SoulReap","TheCursedMod:Torture","TheCursedMod:Stretching"],"picked":"SKIP","floor":1},{"not_picked":["TheCursedMod:HellsGateOpen","TheCursedMod:Torture","TheCursedMod:Obscuration"],"picked":"SKIP","floor":3},{"not_picked":["TheCursedMod:SoulCrush","TheCursedMod:SaltUponWound","TheCursedMod:VitalStrike"],"picked":"SKIP","floor":4},{"not_picked":["TheCursedMod:CircleOfFocus","TheCursedMod:CircleOfWindfury","TheCursedMod:Wield"],"picked":"SKIP","floor":7},{"not_picked":["TheCursedMod:CursedAmulet","TheCursedMod:RavingStaff","TheCursedMod:CircleOfFlame"],"picked":"SKIP","floor":12},{"not_picked":["TheCursedMod:CircleOfBlood","TheCursedMod:AshesToAshes","TheCursedMod:WearCloak"],"picked":"SKIP","floor":13},{"not_picked":["TheCursedMod:RavingStaff","TheCursedMod:CircleOfCorruption","TheCursedMod:VitalStrike"],"picked":"SKIP","floor":14},{"not_picked":["TheCursedMod:CursedShiv","TheCursedMod:HellsGateOpen","TheCursedMod:CursedMace"],"picked":"SKIP","floor":18},{"not_picked":["TheCursedMod:WearCloak+1","TheCursedMod:CursedStaff","TheCursedMod:SpitefulStrike"],"picked":"SKIP","floor":21},{"not_picked":["TheCursedMod:BlessingInDisguise","TheCursedMod:Stretching","TheCursedMod:CursedSpellbook"],"picked":"SKIP","floor":23},{"not_picked":["TheCursedMod:AntiAging","TheCursedMod:CursedShiv","TheCursedMod:RapidMovement"],"picked":"SKIP","floor":27},{"not_picked":["TheCursedMod:CursedBoomerang","TheCursedMod:CircleOfBlood","TheCursedMod:CursedMace"],"picked":"SKIP","floor":28},{"not_picked":["TheCursedMod:CursedMace","TheCursedMod:CursedAmulet","TheCursedMod:CursedShiv"],"picked":"SKIP","floor":29},{"not_picked":["TheCursedMod:Hemoplague+1","TheCursedMod:CursedMace","TheCursedMod:VitalStrike"],"picked":"SKIP","floor":35},{"not_picked":["TheCursedMod:SoulCrush+1","TheCursedMod:Stretching+1","TheCursedMod:SpitefulStrike"],"picked":"SKIP","floor":40},{"not_picked":["TheCursedMod:VitalStrike","TheCursedMod:LuckyCharm+1","TheCursedMod:CircleOfFocus+1"],"picked":"SKIP","floor":42},{"not_picked":["TheCursedMod:Wield","TheCursedMod:CircleOfCorruption+1","TheCursedMod:AbyssShockwave+1"],"picked":"SKIP","floor":44},{"not_picked":["TheCursedMod:CursedSpellbook","TheCursedMod:FuryStrike+1","TheCursedMod:RavingStaff"],"picked":"SKIP","floor":45},{"not_picked":["TheCursedMod:TroublousMinions","TheCursedMod:EmpowerCircles","TheCursedMod:CursedSpellbook+1"],"picked":"SKIP","floor":47},{"not_picked":["TheCursedMod:ManaBullet","TheCursedMod:CircleOfCorruption","TheCursedMod:CursedStaff+1"],"picked":"SKIP","floor":48}],"player_experience":89093,"relics_obtained":[],"event_choices":[{"damage_healed":0,"gold_gain":0,"player_choice":"Fled","damage_taken":0,"max_hp_gain":0,"max_hp_loss":0,"event_name":"Scrap Ooze","floor":2,"gold_loss":0},{"damage_healed":0,"gold_gain":0,"player_choice":"Ignored","damage_taken":0,"max_hp_gain":0,"max_hp_loss":0,"event_name":"Liars Game","floor":8,"gold_loss":0},{"cards_removed":["TheCursedMod:CleanUpWorkshop"],"damage_healed":0,"gold_gain":0,"player_choice":"Card Removal","damage_taken":7,"max_hp_gain":0,"max_hp_loss":0,"event_name":"Golden Wing","floor":10,"gold_loss":0},{"damage_healed":0,"gold_gain":0,"player_choice":"Ignored","damage_taken":0,"max_hp_gain":0,"max_hp_loss":0,"event_name":"The Mausoleum","floor":19,"gold_loss":0},{"damage_healed":0,"gold_gain":0,"player_choice":"Forge","damage_taken":0,"max_hp_gain":0,"max_hp_loss":0,"event_name":"Accursed Blacksmith","floor":22,"gold_loss":0,"cards_upgraded":["TheCursedMod:CircleOfCorruption"]},{"damage_healed":0,"gold_gain":0,"cards_transformed":["TheCursedMod:Stretching","TheCursedMod:CircleOfCorruption"],"player_choice":"Became Test Subject","damage_taken":0,"max_hp_gain":0,"max_hp_loss":0,"event_name":"Drug Dealer","floor":30,"gold_loss":0,"cards_obtained":["TheCursedMod:Stigma","TheCursedMod:ForbiddenAlchemy"]},{"damage_healed":0,"gold_gain":99,"player_choice":"Stole From Cult","damage_taken":0,"max_hp_gain":0,"max_hp_loss":0,"event_name":"Nest","floor":31,"gold_loss":0},{"damage_healed":0,"gold_gain":0,"player_choice":"Memory 1","damage_taken":0,"max_hp_gain":0,"max_hp_loss":0,"event_name":"SensoryStone","floor":37,"gold_loss":0},{"damage_healed":0,"gold_gain":0,"player_choice":"Fight","damage_taken":0,"max_hp_gain":0,"max_hp_loss":0,"event_name":"Mysterious Sphere","floor":38,"gold_loss":0},{"cards_removed":["TheCursedMod:Stigma"],"damage_healed":0,"gold_gain":0,"player_choice":"Removed Attack","damage_taken":0,"max_hp_gain":0,"max_hp_loss":0,"event_name":"Falling","floor":39,"gold_loss":0}],"is_beta":false,"boss_relics":[{"not_picked":["Cursed Key","TheCursedMod:FourLeafCloverCharm","Black Star"]},{"not_picked":["Sozu","Pandora\u0027s Box","Black Star"]}],"items_purged_floors":[5,11,20,36],"is_endless":false,"potions_floor_spawned":[1,13,14,16,21,23,38,40,42,47,48],"ascension_level":0}}