{"host":"9jj9tzo2iym4bpat","time":1610854499,"event":{"mods":["Act Like it!","BaseMod","CapriCore","Colored Map","Dark Map","Luminous","Marisa????????","Minty Spire (QoL Compilation)","Permanent Neow","StSLib","Td1madao Mod","The Animator","The Immortal","The Marked","The Servant 0.9.4","Yakumo Yukari mod"],"gold_per_floor":[117,392,15,35,35,67,67,94,94,122,134,148,163,173,173,277,277,291,291,93,112,112,112,142,142,196,223,271,303,315,345,357,466,478,509,131,149,2,2,2,2,14,14,24,40,90,90,110,110,110,110],"floor_reached":50,"language":"ENG","playtime":1872,"items_purged":["Regret"],"score":735,"play_id":"5cffbf76-b7f3-4a29-b25a-e16a16307474","local_time":"20210116213459","is_ascension_mode":true,"campfire_choices":[{"data":"Masterful Stab","floor":7,"key":"SMITH"},{"floor":15,"key":"REST"},{"floor":23,"key":"REST"},{"floor":25,"key":"REST"},{"floor":32,"key":"REST"},{"data":"Envenom","floor":40,"key":"SMITH"},{"data":"Cloak And Dagger","floor":41,"key":"SMITH"},{"floor":47,"key":"REST"},{"floor":49,"key":"REST"}],"circlet_count":0,"master_deck":["Strike_G+1","Strike_G+1","Defend_G+1","Defend_G+1","Defend_G+1","Defend_G+1","Defend_G+1","Survivor","Neutralize","Outmaneuver","Masterful Stab+1","Deflect","Die Die Die+1","Blade Dance","Blade Dance","Bullet Time","Envenom+1","Necronomicurse","Cloak And Dagger","Cloak And Dagger+1","Cloak And Dagger+1","Infinite Blades","Deflect","Slice+1","Venomology","Adrenaline+1","Deflect+1","Quick Slash+1","Infinite Blades","Blade Dance+1","Blade Dance+1","Backstab+1","Wraith","Blade Dance+1","Cloak And Dagger+1","Distraction+1","Storm of Steel"],"relics":["Ring of the Snake","NeowsBlessing","Mango","Bird Faced Urn","HornCleat","Molten Egg 2","StoneCalendar","WristBlade","Necronomicon","Pen Nib","WingedGreaves","Akabeko","Art of War","MawBank","Astrolabe","Lantern","HandDrill","Orrery","Blue Candle","Prayer Wheel"],"acts_visited":["Exordium","TheCity","TheBeyond"],"potions_floor_usage":[8,8,8,10,31,33,33,50,50],"damage_taken":[{"damage":0,"enemies":"Small Slimes","floor":1,"turns":1},{"damage":0,"enemies":"Cultist","floor":4,"turns":1},{"damage":0,"enemies":"Gremlin Nob","floor":6,"turns":1},{"damage":59,"enemies":"Lagavulin","floor":8,"turns":9},{"damage":24,"enemies":"3 Sentries","floor":10,"turns":11},{"damage":0,"enemies":"Jaw Worm","floor":11,"turns":2},{"damage":0,"enemies":"2 Fungi Beasts","floor":12,"turns":1},{"damage":0,"enemies":"Blue Slaver","floor":13,"turns":3},{"damage":3,"enemies":"Exordium Wildlife","floor":14,"turns":3},{"damage":49,"enemies":"Hexaghost","floor":16,"turns":13},{"damage":0,"enemies":"Spheric Guardian","floor":18,"turns":1},{"damage":4,"enemies":"Shell Parasite","floor":21,"turns":2},{"damage":58,"enemies":"Book of Stabbing","floor":24,"turns":7},{"damage":0,"enemies":"Slavers","floor":27,"turns":3},{"damage":10,"enemies":"Snake Plant","floor":29,"turns":3},{"damage":6,"enemies":"Centurion and Healer","floor":31,"turns":3},{"damage":46,"enemies":"Champ","floor":33,"turns":7},{"damage":20,"enemies":"3 Shapes","floor":35,"turns":3},{"damage":4,"enemies":"3 Darklings","floor":37,"turns":4},{"damage":19,"enemies":"Sphere and 2 Shapes","floor":42,"turns":4},{"damage":0,"enemies":"Spire Growth","floor":44,"turns":3},{"damage":25,"enemies":"Maw","floor":45,"turns":5},{"damage":0,"enemies":"Mind Bloom Boss Battle","floor":46,"turns":6},{"damage":2,"enemies":"3 Darklings","floor":48,"turns":5},{"damage":95,"enemies":"Time Eater","floor":50,"turns":10}],"seed_played":"-9041820331475759696","potions_obtained":[{"floor":4,"key":"PowerPotion"},{"floor":6,"key":"EntropicBrew"},{"floor":8,"key":"BlessingOfTheForge"},{"floor":10,"key":"FairyPotion"},{"floor":16,"key":"Poison Potion"},{"floor":21,"key":"AttackPotion"},{"floor":29,"key":"DistilledChaos"},{"floor":31,"key":"AttackPotion"},{"floor":37,"key":"CultistPotion"}],"is_trial":false,"path_per_floor":["M","?","$","M","$","E","R","E","T","E","M","M","M","M","R","B",null,"M","?","$","M","?","R","E","R","T","E","T","M","?","M","R","B",null,"M","$","M","$","?","R","R","M","T","M","M","?","R","M","R","B"],"character_chosen":"THE_SILENT","items_purchased":["Mango","Pen Nib","Cloak And Dagger","Lantern","HandDrill","Infinite Blades","Orrery"],"campfire_rested":6,"item_purchase_floors":[3,20,20,36,36,36,38],"current_hp_per_floor":[70,70,84,84,84,84,84,25,25,1,1,1,1,25,50,1,84,84,68,68,64,64,84,26,51,51,53,53,43,43,39,64,22,84,64,64,64,64,64,64,64,47,47,53,32,36,61,61,84,0,0],"gold":110,"neow_bonus":"THREE_ENEMY_KILL","is_daily":false,"chose_seed":false,"campfire_upgraded":3,"win_rate":0.0,"timestamp":1610854499,"path_taken":["M","?","$","?","?","E","R","E","T","E","?","M","?","M","R","BOSS","M","?","$","M","?","R","E","R","T","E","?","?","?","M","R","BOSS","M","$","M","$","?","R","R","M","T","M","M","?","R","M","R","BOSS"],"items_purchased_type":["Relic","Relic","Card","Relic","Relic","Card","Relic"],"build_version":"2020-12-22","purchased_purges":1,"victory":false,"max_hp_per_floor":[70,70,84,84,84,84,84,84,84,84,84,84,84,84,84,84,84,84,84,84,84,84,84,84,84,84,84,84,84,84,84,84,84,84,84,84,84,84,84,84,84,84,84,84,84,84,84,84,84,84,84],"card_choices":[{"not_picked":["Dagger Throw","Heel Hook"],"picked":"Outmaneuver","floor":1},{"not_picked":["Flechettes","Sucker Punch"],"picked":"Masterful Stab","floor":4},{"not_picked":["Heel Hook","Poisoned Stab","Dodge and Roll"],"picked":"SKIP","floor":6},{"not_picked":["Bane","Well Laid Plans"],"picked":"Deflect","floor":8},{"not_picked":["Finisher+1","Skewer+1"],"picked":"Die Die Die+1","floor":10},{"not_picked":["Dodge and Roll","Poisoned Stab+1"],"picked":"Blade Dance","floor":11},{"not_picked":["Dash+1","Underhanded Strike+1"],"picked":"Blade Dance","floor":12},{"not_picked":["Skewer+1","Predator+1"],"picked":"Bullet Time","floor":13},{"not_picked":["Well Laid Plans","Dodge and Roll","Sucker Punch+1"],"picked":"SKIP","floor":14},{"not_picked":["Storm of Steel","Tools of the Trade"],"picked":"Envenom","floor":16},{"not_picked":["Dagger Throw+1","Concentrate","Backflip"],"picked":"SKIP","floor":18},{"not_picked":["Finisher+1","Slice+1"],"picked":"Cloak And Dagger","floor":21},{"not_picked":["Slice+1","Quick Slash+1"],"picked":"Cloak And Dagger+1","floor":24},{"not_picked":["PiercingWail+1","Distraction"],"picked":"Infinite Blades","floor":27},{"not_picked":["Dagger Spray+1","Skewer+1"],"picked":"Deflect","floor":29},{"not_picked":["Deflect","Dagger Spray+1"],"picked":"Slice+1","floor":31},{"not_picked":["Storm of Steel","Tools of the Trade"],"picked":"Venomology","floor":33},{"not_picked":["Acrobatics","PiercingWail","Deadly Poison"],"picked":"SKIP","floor":35},{"not_picked":["Footwork","Flying Knee+1"],"picked":"Blade Dance+1","floor":37},{"not_picked":["Distraction+1","Skewer+1"],"picked":"Blade Dance+1","floor":38},{"not_picked":["Dodge and Roll","Venomology"],"picked":"Backstab+1","floor":38},{"not_picked":["Deadly Poison","Dagger Throw+1"],"picked":"Blade Dance+1","floor":42},{"not_picked":["Backstab+1","Deadly Poison+1"],"picked":"Cloak And Dagger+1","floor":44},{"not_picked":["Outmaneuver+1","Sucker Punch+1"],"picked":"Distraction+1","floor":45},{"not_picked":["Quick Slash+1","Blade Dance"],"picked":"Storm of Steel","floor":46},{"not_picked":["Distraction+1","Deadly Poison","Quick Slash+1"],"picked":"SKIP","floor":48},{"not_picked":["PiercingWail+1","Prepared+1","Storm of Steel"],"picked":"SKIP","floor":48}],"player_experience":268200,"relics_obtained":[{"floor":6,"key":"Bird Faced Urn"},{"floor":8,"key":"HornCleat"},{"floor":9,"key":"Molten Egg 2"},{"floor":10,"key":"StoneCalendar"},{"floor":19,"key":"Necronomicon"},{"floor":24,"key":"WingedGreaves"},{"floor":26,"key":"Akabeko"},{"floor":27,"key":"Art of War"},{"floor":28,"key":"MawBank"},{"floor":43,"key":"Blue Candle"},{"floor":46,"key":"Prayer Wheel"}],"event_choices":[{"damage_healed":0,"gold_gain":275,"player_choice":"Desecrate","damage_taken":0,"max_hp_gain":0,"max_hp_loss":0,"event_name":"Golden Shrine","floor":2,"gold_loss":0,"cards_obtained":["Regret"]},{"damage_healed":0,"gold_gain":0,"player_choice":"Obtained Book","damage_taken":16,"max_hp_gain":0,"max_hp_loss":0,"event_name":"Cursed Tome","floor":19,"gold_loss":0},{"damage_healed":0,"gold_gain":0,"player_choice":"Ignored","damage_taken":0,"max_hp_gain":0,"max_hp_loss":0,"event_name":"Vampires","floor":22,"gold_loss":0},{"damage_healed":0,"gold_gain":0,"player_choice":"Simplicity","damage_taken":0,"max_hp_gain":0,"max_hp_loss":0,"event_name":"Back to Basics","floor":30,"gold_loss":0,"cards_upgraded":["Strike_G","Strike_G","Strike_G","Strike_G","Strike_G","Defend_G","Defend_G","Defend_G","Defend_G","Defend_G"]},{"damage_healed":0,"gold_gain":0,"player_choice":"Ignored","damage_taken":0,"max_hp_gain":0,"max_hp_loss":0,"event_name":"OrinTheCat","floor":39,"gold_loss":0},{"damage_healed":0,"gold_gain":0,"player_choice":"Fight","damage_taken":0,"max_hp_gain":0,"max_hp_loss":0,"event_name":"MindBloom","floor":46,"gold_loss":0}],"is_beta":false,"boss_relics":[{"not_picked":["Fusion Hammer","Velvet Choker"],"picked":"WristBlade"},{"not_picked":["SlaversCollar","Coffee Dripper"],"picked":"Astrolabe"}],"items_purged_floors":[3],"is_endless":false,"potions_floor_spawned":[4,6,8,10,12,16,21,27,29,31,37,42],"killed_by":"Time Eater","ascension_level":3}}