{"host":"3xls0xm49ftugio7","time":1610901444,"event":{"mods":["2.2 Compatiblity","AchievementEnabler","Act Like it!","BaseMod","Colored Powertips","GifTheSpireLib","Minty Spire (QoL Compilation)","Quick Restart","Relic Stats","StSLib"],"gold_per_floor":[115,125,44,60,79,79,108,108,108,126,126,154,154,154,154,226,226,237,237,237],"floor_reached":19,"language":"ENG","playtime":625,"items_purged":[],"score":354,"play_id":"c0133f8f-ad6c-4ec2-9fbc-386334127f1a","local_time":"20210117183724","is_ascension_mode":true,"campfire_choices":[{"data":"Defragment","floor":6,"key":"SMITH"},{"data":"Genetic Algorithm","floor":8,"key":"SMITH"},{"floor":11,"key":"REST"},{"floor":15,"key":"REST"}],"circlet_count":0,"master_deck":["AscendersBane","Strike_B","Defend_B","Defend_B","Defend_B","Defend_B","Zap","Dualcast","Clumsy","Defragment+1","Auto Shields","Loop","Genetic Algorithm+1","Sweeping Beam","Capacitor","Doom and Gloom","Ball Lightning","Undo","Electrodynamics","Stack+1","Core Surge+1","Genetic Algorithm+1","Cold Snap+1"],"relics":["Cracked Core","Boot","Toy Ornithopter","The Courier","Astrolabe"],"acts_visited":["Exordium","TheCity"],"potions_floor_usage":[12,16],"damage_taken":[{"damage":1,"enemies":"Cultist","floor":1,"turns":3},{"damage":3,"enemies":"2 Louse","floor":2,"turns":3},{"damage":3,"enemies":"Jaw Worm","floor":4,"turns":3},{"damage":9,"enemies":"2 Fungi Beasts","floor":5,"turns":5},{"damage":26,"enemies":"3 Sentries","floor":7,"turns":6},{"damage":21,"enemies":"3 Louse","floor":10,"turns":3},{"damage":44,"enemies":"Gremlin Nob","floor":12,"turns":6},{"damage":30,"enemies":"Hexaghost","floor":16,"turns":8},{"damage":18,"enemies":"3 Byrds","floor":18,"turns":3},{"damage":47,"enemies":"Masked Bandits","floor":19,"turns":3}],"seed_played":"-1790920823533526643","potions_obtained":[{"floor":2,"key":"Ancient Potion"},{"floor":5,"key":"PowerPotion"},{"floor":12,"key":"CultistPotion"}],"is_trial":false,"path_per_floor":["M","M","$","M","M","R","E","R","T","M","R","E","?","?","R","B",null,"M","?"],"character_chosen":"DEFECT","items_purchased":["Loop"],"campfire_rested":2,"item_purchase_floors":[3],"current_hp_per_floor":[77,74,74,71,62,62,36,36,36,15,40,1,1,1,26,1,64,46,0,0],"gold":237,"neow_bonus":"TWENTY_PERCENT_HP_BONUS","is_daily":false,"chose_seed":false,"campfire_upgraded":2,"win_rate":0.0,"timestamp":1610901444,"path_taken":["M","M","$","M","?","R","E","R","T","M","R","E","?","?","R","BOSS","M","?"],"items_purchased_type":["Card"],"build_version":"2020-12-22","purchased_purges":0,"victory":false,"max_hp_per_floor":[85,85,85,85,85,85,85,85,85,85,85,85,85,85,85,85,85,85,85,85],"relic_stats":{"counters":[10,43],"Astrolabe":["Stack","Core Surge","Genetic Algorithm"],"Boot":[8],"obtain_stats":[{"Astrolabe":17,"The Courier":12,"Cracked Core":0,"Boot":7,"Toy Ornithopter":9},{"Astrolabe":8,"The Courier":7,"Cracked Core":0,"Boot":5,"Toy Ornithopter":5},{"Astrolabe":37,"The Courier":29,"Cracked Core":0,"Boot":20,"Toy Ornithopter":20}],"Toy Ornithopter":10},"card_choices":[{"not_picked":["Steam","Scrape"],"picked":"Defragment","floor":1},{"not_picked":["Barrage","Darkness"],"picked":"Auto Shields","floor":2},{"not_picked":["Darkness","Go for the Eyes"],"picked":"Genetic Algorithm","floor":4},{"not_picked":["Lockon","Hologram"],"picked":"Sweeping Beam","floor":5},{"not_picked":["Thunder Strike","Double Energy"],"picked":"Capacitor","floor":7},{"not_picked":["Beam Cell","Rebound"],"picked":"Doom and Gloom","floor":10},{"not_picked":["Beam Cell","Thunder Strike"],"picked":"Ball Lightning","floor":12},{"not_picked":["Core Surge","Meteor Strike"],"picked":"Electrodynamics","floor":16},{"not_picked":["Beam Cell+1","Reprogram"],"picked":"Cold Snap+1","floor":18}],"player_experience":703506,"relics_obtained":[{"floor":7,"key":"Boot"},{"floor":9,"key":"Toy Ornithopter"},{"floor":12,"key":"The Courier"}],"event_choices":[{"damage_healed":0,"gold_gain":0,"player_choice":"Fled","damage_taken":0,"max_hp_gain":0,"max_hp_loss":0,"event_name":"Scrap Ooze","floor":13,"gold_loss":0},{"damage_healed":0,"gold_gain":0,"player_choice":"1 cards matched","damage_taken":0,"max_hp_gain":0,"max_hp_loss":0,"event_name":"Match and Keep!","floor":14,"gold_loss":0,"cards_obtained":["Undo"]},{"damage_healed":0,"gold_gain":0,"player_choice":"Fought Bandits","damage_taken":0,"max_hp_gain":0,"max_hp_loss":0,"event_name":"Masked Bandits","floor":19,"gold_loss":0}],"is_beta":false,"boss_relics":[{"not_picked":["Inserter","Empty Cage"],"picked":"Astrolabe"}],"items_purged_floors":[],"is_endless":false,"potions_floor_spawned":[2,5,7,12],"killed_by":"Masked Bandits","ascension_level":20}}