{"host":"7k7fhzlbqzyu5ijh","time":1610914916,"event":{"mods":["AchievementEnabler","BaseMod","Bestiary","Colored Powertips","Filter the Spire","Highlight Path","Minty Spire (QoL Compilation)","Potion Indicator Mod","RNG Fix","Relic Stats"],"gold_per_floor":[116,216,236,251,263,263,296,0,0,30,46,62,90,123,123,223,223,240,240,260,272,288,288,323,341,367,398,398,410,441,452,452,556,556,575,94,0,14,32,32,66,76,76,109,120,139,167,179,179,179,179],"floor_reached":50,"language":"ENG","playtime":4240,"items_purged":["Strike_G","Strike_G"],"score":1173,"play_id":"3749df3e-bb1a-4a8e-b092-2b3550752337","local_time":"20210117152156","is_ascension_mode":true,"campfire_choices":[{"data":"Blade Dance","floor":6.0,"key":"SMITH"},{"data":"Terror","floor":15,"key":"SMITH"},{"data":"After Image","floor":23,"key":"SMITH"},{"data":"Envenom","floor":32,"key":"SMITH"},{"data":"Footwork","floor":40,"key":"SMITH"},{"floor":49,"key":"RECALL"}],"circlet_count":0,"master_deck":["Strike_G","Defend_G","Defend_G","Defend_G","Defend_G","Survivor","Neutralize+1","Dagger Throw","Flying Knee","Prepared","Blade Dance+1","Dagger Spray","Glass Knife+1","PiercingWail","After Image+1","Backflip","Terror+1","Slice+1","Deflect","Envenom+1","Reflex+1","Finisher","Calculated Gamble","Endless Agony","Slice+1","Blade Dance","Leg Sweep","Footwork+1","Corpse Explosion","Blade Dance","Adrenaline","Prepared+1","Dodge and Roll+1","Flying Knee+1","Flechettes","Backstab","PiercingWail+1","Backflip+1","Distraction+1","Eviscerate+1","Wraith Form v2"],"relics":["Ring of the Snake","Prayer Wheel","Lee\u0027s Waffle","Eternal Feather","Pen Nib","Odd Mushroom","Letter Opener","WristBlade","HornCleat","PreservedInsect","Gremlin Horn","Dream Catcher","Astrolabe","Lantern","Red Mask","Kunai","Happy Flower","Whetstone"],"acts_visited":["Exordium","TheCity","TheBeyond"],"potions_floor_usage":[10,10,16,16,21,31,33,33,33,47,50,50],"damage_taken":[{"damage":1.0,"enemies":"Jaw Worm","floor":1.0,"turns":4.0},{"damage":0.0,"enemies":"2 Louse","floor":3.0,"turns":2.0},{"damage":0.0,"enemies":"Cultist","floor":4.0,"turns":3.0},{"damage":0.0,"enemies":"3 Louse","floor":5.0,"turns":4.0},{"damage":24.0,"enemies":"3 Sentries","floor":7.0,"turns":8.0},{"damage":0,"enemies":"Gremlin Nob","floor":10,"turns":2},{"damage":0,"enemies":"Large Slime","floor":11,"turns":4},{"damage":6,"enemies":"Looter","floor":12,"turns":3},{"damage":7,"enemies":"The Mushroom Lair","floor":13,"turns":4},{"damage":4,"enemies":"3 Sentries","floor":14,"turns":6},{"damage":0,"enemies":"Slime Boss","floor":16,"turns":5},{"damage":0,"enemies":"3 Byrds","floor":18,"turns":4},{"damage":0,"enemies":"Chosen","floor":20,"turns":3},{"damage":6,"enemies":"3 Cultists","floor":21,"turns":3},{"damage":8,"enemies":"Snake Plant","floor":22,"turns":3},{"damage":14,"enemies":"Book of Stabbing","floor":24,"turns":5},{"damage":0,"enemies":"Centurion and Healer","floor":25,"turns":2},{"damage":0,"enemies":"Slavers","floor":27,"turns":2},{"damage":8,"enemies":"Shelled Parasite and Fungi","floor":29,"turns":3},{"damage":0,"enemies":"Book of Stabbing","floor":30,"turns":2},{"damage":0,"enemies":"Cultist and Chosen","floor":31,"turns":4},{"damage":41,"enemies":"Champ","floor":33,"turns":8},{"damage":0,"enemies":"3 Darklings","floor":35,"turns":3},{"damage":0,"enemies":"3 Shapes","floor":38,"turns":2},{"damage":0,"enemies":"Jaw Worm Horde","floor":39,"turns":2},{"damage":0,"enemies":"Giant Head","floor":41,"turns":5},{"damage":21,"enemies":"Transient","floor":42,"turns":5},{"damage":0,"enemies":"Reptomancer","floor":44,"turns":4},{"damage":0,"enemies":"Spire Growth","floor":45,"turns":4},{"damage":0,"enemies":"3 Darklings","floor":46,"turns":2},{"damage":0,"enemies":"Nemesis","floor":47,"turns":3},{"damage":0,"enemies":"Sphere and 2 Shapes","floor":48,"turns":2},{"damage":82,"enemies":"Time Eater","floor":50,"turns":9}],"seed_played":"2948646941495360436","potions_obtained":[{"floor":1.0,"key":"FearPotion"},{"floor":3.0,"key":"SpeedPotion"},{"floor":4.0,"key":"Strength Potion"},{"floor":7.0,"key":"BlessingOfTheForge"},{"floor":14,"key":"Explosive Potion"},{"floor":18,"key":"AttackPotion"},{"floor":19,"key":"DuplicationPotion"},{"floor":19,"key":"Energy Potion"},{"floor":21,"key":"ColorlessPotion"},{"floor":31,"key":"Poison Potion"},{"floor":38,"key":"GamblersBrew"},{"floor":48,"key":"SpeedPotion"}],"is_trial":false,"path_per_floor":["M","?","M","M","M","R","E","$","T","E","M","M","?","E","R","B",null,"M","?","M","M","M","R","E","M","T","E","?","M","E","M","R","B",null,"M","$","?","M","M","R","E","M","T","E","M","M","E","M","R","B"],"character_chosen":"THE_SILENT","items_purchased":["Lee\u0027s Waffle","Glass Knife","Flechettes","Backstab","PowerPotion","LiquidMemories","Lantern"],"campfire_rested":0,"item_purchase_floors":[8,8,36,36,36,36,36],"current_hp_per_floor":[62,62,62,62,62,62,38,77,77,77,77,71,64,60,72,72,76,76,76,76,70,62,77,63,63,63,63,63,55,55,55,73,32,66,66,66,66,66,66,77,77,56,56,56,56,56,56,56,77,0,0],"gold":179,"neow_bonus":"UPGRADE_CARD","is_daily":false,"chose_seed":false,"campfire_upgraded":5,"win_rate":0.0,"timestamp":1610914916,"path_taken":["M","?","M","M","M","R","E","$","T","E","M","M","?","E","R","BOSS","M","?","M","M","M","R","E","M","T","E","?","?","E","M","R","BOSS","M","$","?","M","M","R","E","M","T","E","M","M","E","M","R","BOSS"],"items_purchased_type":["Relic","Card","Card","Card","Potion","Potion","Relic"],"build_version":"2020-12-22","purchased_purges":2,"victory":false,"max_hp_per_floor":[70,70,70,70,70,70,70,77,77,77,77,77,77,77,77,77,77,77,77,77,77,77,77,77,77,77,77,77,77,77,77,77,77,77,77,77,77,77,77,77,77,77,77,77,77,77,77,77,77,77,77],"relic_stats":{"Lee\u0027s Waffle":39,"Gremlin Horn":[14,14],"Happy Flower":[6],"counters":[33,125],"Astrolabe":["Prepared","Dodge and Roll","Flying Knee"],"Eternal Feather":77,"Pen Nib":[35],"PreservedInsect":324,"Letter Opener":[176],"Whetstone":["Slice","Glass Knife"],"Dream Catcher":0,"Prayer Wheel":16,"Kunai":[29],"obtain_stats":[{"Lee\u0027s Waffle":8,"Lantern":36,"Gremlin Horn":27,"Happy Flower":44,"Astrolabe":34,"Eternal Feather":9,"Pen Nib":10,"PreservedInsect":26,"Letter Opener":14,"Whetstone":47,"Odd Mushroom":13,"Dream Catcher":30,"HornCleat":24,"WristBlade":17,"Prayer Wheel":7,"Red Mask":37,"Kunai":41,"Ring of the Snake":0},{"Lee\u0027s Waffle":5,"Lantern":23,"Gremlin Horn":18,"Happy Flower":28,"Astrolabe":22,"Eternal Feather":5,"Pen Nib":6,"PreservedInsect":17,"Letter Opener":10,"Whetstone":31,"Odd Mushroom":9,"Dream Catcher":20,"HornCleat":16,"WristBlade":11,"Prayer Wheel":5,"Red Mask":23,"Kunai":26,"Ring of the Snake":0},{"Lee\u0027s Waffle":21,"Lantern":87,"Gremlin Horn":67,"Happy Flower":105,"Astrolabe":84,"Eternal Feather":21,"Pen Nib":23,"PreservedInsect":65,"Letter Opener":40,"Whetstone":114,"Odd Mushroom":34,"Dream Catcher":72,"HornCleat":63,"WristBlade":45,"Prayer Wheel":21,"Red Mask":87,"Kunai":96,"Ring of the Snake":0}],"Ring of the Snake":[67]},"card_choices":[{"not_picked":["Poisoned Stab","Slice"],"picked":"Dagger Throw","floor":1.0},{"not_picked":["Setup","Expertise"],"picked":"Flying Knee","floor":3.0},{"not_picked":["Underhanded Strike","Expertise"],"picked":"Prepared","floor":4.0},{"not_picked":["Outmaneuver","Acrobatics"],"picked":"Blade Dance","floor":5.0},{"not_picked":["Deflect","Blade Dance"],"picked":"Dagger Spray","floor":7.0},{"not_picked":["Caltrops","Setup"],"picked":"PiercingWail","floor":10},{"not_picked":["Blade Dance","Eviscerate"],"picked":"After Image","floor":11},{"not_picked":["PiercingWail","Flying Knee"],"picked":"Backflip","floor":11},{"not_picked":["Footwork","Prepared"],"picked":"Terror","floor":12},{"not_picked":["Dodge and Roll","Acrobatics"],"picked":"Slice","floor":12},{"not_picked":["Night Terror","Bouncing Flask"],"picked":"Deflect","floor":14},{"not_picked":["Burst","Grand Finale"],"picked":"Envenom","floor":16},{"not_picked":["Prepared","Dodge and Roll"],"picked":"Reflex+1","floor":18},{"not_picked":["Outmaneuver","Well Laid Plans"],"picked":"Finisher","floor":18},{"not_picked":["Poisoned Stab","Flying Knee","Sucker Punch"],"picked":"SKIP","floor":20},{"not_picked":["Bane+1","Deflect","PiercingWail"],"picked":"SKIP","floor":20},{"not_picked":["Reflex","Acrobatics"],"picked":"Calculated Gamble","floor":21},{"not_picked":["Cloak And Dagger","Accuracy","Bullet Time"],"picked":"SKIP","floor":21},{"not_picked":["Bouncing Flask","Slice"],"picked":"Endless Agony","floor":22},{"not_picked":["Dash","Outmaneuver"],"picked":"Slice+1","floor":22},{"not_picked":["Sucker Punch","Noxious Fumes"],"picked":"Blade Dance","floor":24},{"not_picked":["Poisoned Stab","Deflect"],"picked":"Leg Sweep","floor":25},{"not_picked":["Skewer","Prepared"],"picked":"Footwork","floor":25},{"not_picked":["Poisoned Stab+1","Terror","Predator"],"picked":"SKIP","floor":27},{"not_picked":["Prepared","Dagger Throw","Dodge and Roll"],"picked":"SKIP","floor":29},{"not_picked":["Flying Knee","Poisoned Stab","Quick Slash+1"],"picked":"SKIP","floor":29},{"not_picked":["Heel Hook","Footwork+1","Concentrate+1"],"picked":"SKIP","floor":30},{"not_picked":["Dagger Spray","Setup+1"],"picked":"Corpse Explosion","floor":31},{"not_picked":["Cloak And Dagger","Dagger Spray+1"],"picked":"Blade Dance","floor":31},{"not_picked":["Unload","Storm of Steel"],"picked":"Adrenaline","floor":33},{"not_picked":["Sucker Punch","Bouncing Flask+1","Riddle With Holes"],"picked":"SKIP","floor":35},{"not_picked":["Quick Slash","Noxious Fumes+1","Acrobatics"],"picked":"SKIP","floor":35},{"not_picked":["Blade Dance+1","Acrobatics+1"],"picked":"PiercingWail+1","floor":38},{"not_picked":["Quick Slash+1","Predator+1","Dodge and Roll"],"picked":"SKIP","floor":38},{"not_picked":["Venomology","Calculated Gamble+1"],"picked":"Backflip+1","floor":39},{"not_picked":["Underhanded Strike+1","Infinite Blades","Flechettes"],"picked":"SKIP","floor":39},{"not_picked":["Underhanded Strike+1","Expertise","Bouncing Flask+1"],"picked":"SKIP","floor":41},{"not_picked":["Prepared+1","Outmaneuver"],"picked":"Distraction+1","floor":42},{"not_picked":["Dagger Throw","Dagger Spray","Quick Slash"],"picked":"SKIP","floor":42},{"not_picked":["Predator+1","Burst","Underhanded Strike"],"picked":"SKIP","floor":44},{"not_picked":["Underhanded Strike+1","Blade Dance+1"],"picked":"Eviscerate+1","floor":45},{"not_picked":["Dodge and Roll","Concentrate","Distraction+1"],"picked":"SKIP","floor":45},{"not_picked":["Noxious Fumes","Sucker Punch","Terror"],"picked":"SKIP","floor":46},{"not_picked":["Expertise","Slice","Deadly Poison"],"picked":"SKIP","floor":46},{"not_picked":["Concentrate+1","Deadly Poison"],"picked":"Wraith Form v2","floor":47},{"not_picked":["Blade Dance","Underhanded Strike+1","Escape Plan"],"picked":"SKIP","floor":48},{"not_picked":["Infinite Blades","Poisoned Stab+1","Backflip+1"],"picked":"SKIP","floor":48}],"player_experience":465565,"relics_obtained":[{"floor":7.0,"key":"Prayer Wheel"},{"floor":9.0,"key":"Eternal Feather"},{"floor":10,"key":"Pen Nib"},{"floor":13,"key":"Odd Mushroom"},{"floor":14,"key":"Letter Opener"},{"floor":24,"key":"HornCleat"},{"floor":26,"key":"PreservedInsect"},{"floor":27,"key":"Gremlin Horn"},{"floor":30,"key":"Dream Catcher"},{"floor":41,"key":"Kunai"},{"floor":44,"key":"Happy Flower"},{"floor":47,"key":"Whetstone"}],"event_choices":[{"damage_healed":0.0,"max_hp_gain":0.0,"max_hp_loss":0.0,"gold_gain":100.0,"event_name":"Golden Shrine","player_choice":"Pray","floor":2.0,"gold_loss":0.0,"damage_taken":0.0},{"damage_healed":0,"gold_gain":0,"player_choice":"Fought Mushrooms","damage_taken":0,"max_hp_gain":0,"max_hp_loss":0,"event_name":"Mushrooms","floor":13,"gold_loss":0},{"damage_healed":0,"gold_gain":0,"player_choice":"Got Potions","damage_taken":0,"max_hp_gain":0,"max_hp_loss":0,"event_name":"Lab","floor":19,"gold_loss":0},{"damage_healed":0,"gold_gain":0,"player_choice":"Ignored","damage_taken":0,"max_hp_gain":0,"max_hp_loss":0,"event_name":"The Mausoleum","floor":28,"gold_loss":0},{"damage_healed":0,"gold_gain":0,"player_choice":"Paid","damage_taken":0,"relics_obtained":["Red Mask"],"max_hp_gain":0,"max_hp_loss":0,"event_name":"Tomb of Lord Red Mask","floor":37,"gold_loss":94}],"is_beta":false,"boss_relics":[{"not_picked":["Pandora\u0027s Box","HoveringKite"],"picked":"WristBlade"},{"not_picked":["Snecko Eye","Coffee Dripper"],"picked":"Astrolabe"}],"items_purged_floors":[8,36],"is_endless":false,"potions_floor_spawned":[1,3,4,7,14,18,21,22,25,31,38,39,42,48],"killed_by":"Time Eater","ascension_level":8}}