{"host":"2o3sockympbxxanu","time":1610913045,"event":{"mods":["AchievementEnabler","BaseMod","Colored Map","Colored Powertips","Conspire","Highlight Path","Infinite Spire","Minty Spire (QoL Compilation)","Replay The Spire","Shop Mod","StSLib","SuperFastMode"],"gold_per_floor":[109,109,109,29,44,70,70,70,70,90,106,106,71,81,81,177,177,191,290,481,496,521,521,539,539,592,625,636,654,654,654,654,755,755,772,785,785,785,785,785,785,785,810,810,810,810,824,824,824],"floor_reached":48,"language":"ZHS","playtime":1908,"items_purged":[],"score":604,"play_id":"e01ed062-afa8-4a25-a66f-4933246c0da5","local_time":"20210118035045","is_ascension_mode":true,"campfire_choices":[{"data":"Eruption","floor":7.0,"key":"SMITH"},{"data":"FlurryOfBlows","floor":12.0,"key":"SMITH"},{"data":"FlurryOfBlows","floor":15.0,"key":"SMITH"},{"data":"Wish","floor":23.0,"key":"SMITH"},{"floor":25.0,"key":"REST"},{"floor":32.0,"key":"REST"},{"floor":42,"key":"REST"},{"data":"Alpha","floor":46,"key":"SMITH"}],"circlet_count":0,"master_deck":["conspire:GhostlyStrike","conspire:GhostlyStrike","conspire:GhostlyStrike","conspire:GhostlyStrike","conspire:GhostlyDefend","conspire:GhostlyDefend","conspire:GhostlyDefend","conspire:GhostlyDefend","Eruption+1","Vigilance","EmptyFist","CarveReality","Consecrate","FlurryOfBlows+1","EmptyBody","Wish+1","FlurryOfBlows+1","BowlingBash+1","Perseverance","FearNoEvil+1","BattleHymn","Alpha+1","Writhe","Doubt"],"relics":["PureWater","Lantern","SlaversCollar","Red Mask","MealTicket","infinitespire:Eraser","InkBottle","infinitespire:Beetle Shell"],"acts_visited":["Exordium","TheCity","TheBeyond"],"potions_floor_usage":[43],"damage_taken":[{"damage":1.0,"enemies":"Jaw Worm","floor":1.0,"turns":6.0},{"damage":0.0,"enemies":"Small Slimes","floor":5.0,"turns":3.0},{"damage":18.0,"enemies":"Gremlin Nob","floor":6.0,"turns":3.0},{"damage":0.0,"enemies":"Cultist","floor":10.0,"turns":3.0},{"damage":5.0,"enemies":"Looter","floor":11.0,"turns":2.0},{"damage":0.0,"enemies":"conspire:2 RoseBushes","floor":14.0,"turns":4.0},{"damage":0.0,"enemies":"Slime Boss","floor":16.0,"turns":5.0},{"damage":5.0,"enemies":"Chosen","floor":18.0,"turns":3.0},{"damage":14.0,"enemies":"Spheric Guardian","floor":21.0,"turns":4.0},{"damage":5.0,"enemies":"Masked Bandits","floor":22.0,"turns":2.0},{"damage":6.0,"enemies":"Snecko","floor":24.0,"turns":3.0},{"damage":35.0,"enemies":"Replay:Snechameleon","floor":27.0,"turns":6.0},{"damage":6.0,"enemies":"Centurion and Healer","floor":28.0,"turns":4.0},{"damage":6.0,"enemies":"3 Cultists","floor":29.0,"turns":4.0},{"damage":0.0,"enemies":"Snake Plant","floor":30.0,"turns":2.0},{"damage":29.0,"enemies":"Automaton","floor":33.0,"turns":8.0},{"damage":48.0,"enemies":"3 Darklings","floor":35.0,"turns":5.0},{"damage":20,"enemies":"3 Shapes","floor":36,"turns":5},{"damage":30,"enemies":"Giant Head","floor":43,"turns":6},{"damage":22,"enemies":"Jaw Worm Horde","floor":47,"turns":6},{"damage":52,"enemies":"Transient","floor":48,"turns":4}],"seed_played":"-5443456013562634729","potions_obtained":[{"floor":0.0,"key":"EntropicBrew"},{"floor":0.0,"key":"Death Potion"},{"floor":0.0,"key":"Languid Potion"},{"floor":1.0,"key":"Explosive Potion"},{"floor":6.0,"key":"Languid Potion"},{"floor":10.0,"key":"Milkshake"},{"floor":21.0,"key":"Block Potion"},{"floor":28.0,"key":"SmokeBomb"},{"floor":33.0,"key":"Weak Potion"},{"floor":36,"key":"FearPotion"}],"is_trial":false,"path_per_floor":["M","?","?","$","M","E","R","$","T","M","M","R","?","M","R","B",null,"M","?","?","M","?","R","M","R","T","E","M","M","M","?","R","B",null,"M","M","?","?","?","PTL","PTL","R","E","?","T","R","M","M"],"character_chosen":"WATCHER","items_purchased":["CarveReality"],"campfire_rested":3,"item_purchase_floors":[4],"current_hp_per_floor":[71,71,71,71,71,53,53,53,53,53,48,48,66,66,66,66,72,67,67,67,53,48,48,42,63,63,28,22,16,16,16,37,8,72,24,4,4,4,22,22,22,43,13,72,72,72,50,0,0],"gold":824,"neow_bonus":"THREE_SMALL_POTIONS","is_daily":false,"chose_seed":false,"campfire_upgraded":5,"win_rate":0.0,"timestamp":1610913045,"path_taken":["M","?","?","?","M","E","R","$","T","M","?","R","?","M","R","BOSS","M","?","?","M","?","R","M","R","T","E","M","M","M","?","R","BOSS","M","M","?","?","?","PTL","PTL","R","E","?","T","R","M","?"],"items_purchased_type":["Card"],"build_version":"2020-12-22","purchased_purges":0,"victory":false,"max_hp_per_floor":[72,72,72,72,72,72,72,72,72,72,72,72,72,72,72,72,72,72,72,72,72,72,72,72,72,72,72,72,72,72,72,72,72,72,72,72,72,72,72,72,72,72,72,72,72,72,72,72,72],"card_choices":[{"not_picked":["Protect","Replay:Battleflow"],"picked":"EmptyFist","floor":1.0},{"not_picked":["Evaluate","PathToVictory"],"picked":"Consecrate","floor":5.0},{"not_picked":["Replay:ManipulateFuture","JustLucky"],"picked":"FlurryOfBlows","floor":6.0},{"not_picked":["CutThroughFate","FearNoEvil"],"picked":"EmptyBody","floor":10.0},{"not_picked":["ClearTheMind","PathToVictory"],"picked":"Wish","floor":11.0},{"not_picked":["LikeWater","FlyingSleeves"],"picked":"FlurryOfBlows","floor":14.0},{"not_picked":["Indignation","LikeWater"],"picked":"BowlingBash+1","floor":18.0},{"not_picked":["Indignation","WreathOfFlame+1","LessonLearned"],"picked":"SKIP","floor":21.0},{"not_picked":["Fasting2","SashWhip"],"picked":"Halt","floor":22.0},{"not_picked":["Wallop","ThirdEye","JustLucky"],"picked":"SKIP","floor":24.0},{"not_picked":["EmptyFist+1","WindmillStrike"],"picked":"Perseverance","floor":27.0},{"not_picked":["EmptyFist+1","Study"],"picked":"FearNoEvil+1","floor":28.0},{"not_picked":["Crescendo","FlyingSleeves","ClearTheMind"],"picked":"SKIP","floor":29.0},{"not_picked":["SpiritShield","Ragnarok"],"picked":"Alpha","floor":33.0},{"not_picked":["Halt","ClearTheMind","Replay:Battleflow+1"],"picked":"SKIP","floor":35.0},{"not_picked":["Sanctity+1","EmptyFist+1","ThirdEye+1"],"picked":"SKIP","floor":36},{"not_picked":["Sanctity","Replay:DivineShield","SashWhip"],"picked":"SKIP","floor":43},{"not_picked":["ClearTheMind+1","Wallop","CutThroughFate+1"],"picked":"SKIP","floor":47}],"player_experience":317856,"relics_obtained":[{"floor":6.0,"key":"Lantern"},{"floor":22.0,"key":"Red Mask"},{"floor":26.0,"key":"MealTicket"},{"floor":27.0,"key":"infinitespire:Eraser"},{"floor":43,"key":"InkBottle"},{"floor":45,"key":"infinitespire:Beetle Shell"}],"event_choices":[{"damage_healed":0.0,"max_hp_gain":0.0,"max_hp_loss":0.0,"gold_gain":0.0,"event_name":"conspire:LoneGhost","player_choice":"Agree","floor":2.0,"gold_loss":0.0,"damage_taken":0.0},{"damage_healed":18.0,"max_hp_gain":0.0,"max_hp_loss":0.0,"gold_gain":0.0,"event_name":"The Cleric","player_choice":"Healed","floor":13.0,"gold_loss":35.0,"damage_taken":0.0},{"damage_healed":0.0,"max_hp_gain":0.0,"max_hp_loss":0.0,"gold_gain":99.0,"event_name":"Nest","player_choice":"Stole From Cult","floor":19.0,"gold_loss":0.0,"damage_taken":0.0},{"damage_healed":0.0,"max_hp_gain":0.0,"max_hp_loss":0.0,"gold_gain":0.0,"event_name":"Masked Bandits","player_choice":"Fought Bandits","floor":22.0,"gold_loss":0.0,"damage_taken":0.0},{"damage_healed":0.0,"max_hp_gain":0.0,"max_hp_loss":0.0,"gold_gain":0.0,"event_name":"The Library","player_choice":"Read","floor":31.0,"gold_loss":0.0,"damage_taken":0.0,"cards_obtained":["BattleHymn"]},{"cards_removed":["Halt"],"damage_healed":0,"gold_gain":0,"player_choice":"Removed Skill","damage_taken":0,"max_hp_gain":0,"max_hp_loss":0,"event_name":"Falling","floor":37,"gold_loss":0},{"damage_healed":18,"gold_gain":0,"player_choice":"Writhe","damage_taken":0,"max_hp_gain":0,"max_hp_loss":0,"event_name":"Winding Halls","floor":39,"gold_loss":0,"cards_obtained":["Writhe"]},{"damage_healed":59,"gold_gain":0,"player_choice":"Heal","damage_taken":0,"max_hp_gain":0,"max_hp_loss":0,"event_name":"MindBloom","floor":44,"gold_loss":0,"cards_obtained":["Doubt"]}],"is_beta":false,"boss_relics":[{"not_picked":["Runic Pyramid","Replay:Bronze Core"],"picked":"SlaversCollar"},{"not_picked":["Replay:Grab Bag","Fusion Hammer","conspire:SlowCooker"]}],"items_purged_floors":[],"is_endless":false,"potions_floor_spawned":[1,6,10,21,22,28,33,36],"killed_by":"Transient","ascension_level":1}}