{"host":"346rnf4ppo4s0s11","time":1610909905,"event":{"mods":["Aspiration","BaseMod","Energized Spire","Hubris","Minty Spire (QoL Compilation)","StSLib"],"gold_per_floor":[112,37,112,112,112,247,266,266,291,191,191,221,231,259,259,364,364,383,383,400,413,427,427,443,33,33,132,147,111,143,156,156,257,257,269,269,269,282,293,293,327,0,26,40,53,80,42,73,73,73],"floor_reached":51,"language":"ENG","playtime":4596,"items_purged":["Strike_B","Defend_B"],"score":827,"play_id":"4db363e9-d1ed-470c-b7d8-57671abf40fe","local_time":"20210117185825","is_ascension_mode":false,"campfire_choices":[{"floor":8,"key":"REST"},{"floor":15,"key":"REST"},{"data":"Loop","floor":23,"key":"SMITH"},{"floor":32,"key":"REST"},{"floor":40,"key":"REST"},{"floor":49,"key":"REST"}],"circlet_count":0,"master_deck":["Strike_B","Strike_B","Strike_B","Defend_B+1","Defend_B","Defend_B+1","Zap","Dualcast","Self Repair","Coolheaded","Beam Cell","Lockon","Compile Driver","Electrodynamics","Ball Lightning","Static Discharge+1","Loop+1","Ball Lightning+1","Go for the Eyes","Tempest","Streamline","Storm","Leap","Barrage","Capacitor","Loop","Multi-Cast","Go for the Eyes","Capacitor","hubris:Prefetch","Compile Driver+1","Fusion","Defragment+1","Storm","Reprogram+1","Loop","Barrage","Cold Snap+1","Rip and Tear+1","Compile Driver","Hello World","Loop","Coolheaded+1"],"relics":["Cracked Core","aspiration:BabyByrd","hubris:Icosahedron","War Paint","hubris:BallOfYels","Gremlin Horn","hubris:64BitClover","hubris:DeckOfHolding","hubris:BlackHole","hubris:Towel","hubris:TenFootPole","Dream Catcher","Matryoshka","aspiration:HummingbirdHeart","Snecko Eye","hubris:SlimyHat","Bottled Lightning","PreservedInsect","Oddly Smooth Stone","Centennial Puzzle","Juzu Bracelet","Bird Faced Urn"],"acts_visited":["Exordium","TheCity","TheBeyond"],"potions_floor_usage":[12,14,16,21,22,30,33],"damage_taken":[{"damage":1,"enemies":"Cultist","floor":1,"turns":4},{"damage":59,"enemies":"Gremlin Nob","floor":6,"turns":6},{"damage":10,"enemies":"Small Slimes","floor":7,"turns":3},{"damage":27,"enemies":"Lagavulin","floor":12,"turns":6},{"damage":0,"enemies":"2 Louse","floor":13,"turns":2},{"damage":16,"enemies":"Gremlin Nob","floor":14,"turns":3},{"damage":79,"enemies":"Slime Boss","floor":16,"turns":13},{"damage":0,"enemies":"Chosen","floor":18,"turns":3},{"damage":0,"enemies":"Spheric Guardian","floor":20,"turns":2},{"damage":6,"enemies":"Snake Plant","floor":21,"turns":1},{"damage":17,"enemies":"Centurion and Healer","floor":22,"turns":4},{"damage":0,"enemies":"3 Cultists","floor":24,"turns":2},{"damage":12,"enemies":"Sentry and Sphere","floor":28,"turns":3},{"damage":0,"enemies":"Book of Stabbing","floor":30,"turns":2},{"damage":1,"enemies":"Centurion and Healer","floor":31,"turns":3},{"damage":7,"enemies":"Collector","floor":33,"turns":5},{"damage":0,"enemies":"3 Darklings","floor":35,"turns":2},{"damage":0,"enemies":"3 Shapes","floor":38,"turns":1},{"damage":32,"enemies":"Transient","floor":39,"turns":5},{"damage":0,"enemies":"Giant Head","floor":41,"turns":5},{"damage":0,"enemies":"Sphere and 2 Shapes","floor":44,"turns":3},{"damage":5,"enemies":"Writhing Mass","floor":45,"turns":2},{"damage":10,"enemies":"Nemesis","floor":46,"turns":3},{"damage":4,"enemies":"Maw","floor":47,"turns":3},{"damage":9,"enemies":"Giant Head","floor":48,"turns":4},{"damage":14,"enemies":"Donu and Deca","floor":50,"turns":3}],"seed_played":"-413308232164663117","potions_obtained":[{"floor":1,"key":"SpeedPotion"},{"floor":12,"key":"Explosive Potion"},{"floor":20,"key":"Explosive Potion"},{"floor":21,"key":"EssenceOfSteel"},{"floor":28,"key":"DistilledChaos"},{"floor":30,"key":"Block Potion"},{"floor":38,"key":"Ancient Potion"},{"floor":44,"key":"ColorlessPotion"},{"floor":46,"key":"Explosive Potion"},{"floor":48,"key":"Energy Potion"}],"is_trial":false,"path_per_floor":["M","$","?","?","?","E","M","R","T","$","T","E","M","E","R","B",null,"M","?","M","M","M","R","M","$","T","?","M","$","E","M","R","B",null,"M","?","?","M","M","R","E","$","T","M","M","E","M","E","R","B",null],"character_chosen":"DEFECT","items_purchased":["Tempest","Streamline","Storm","Leap","Dream Catcher","Barrage","Loop","Loop","Barrage","Bottled Lightning"],"campfire_rested":5,"item_purchase_floors":[25,25,25,25,25,25,29,42,42,42],"current_hp_per_floor":[81,81,70,70,70,18,15,39,39,39,39,62,69,60,82,10,82,82,82,82,82,72,72,72,72,72,72,60,60,60,59,82,82,82,82,82,78,78,53,76,78,78,78,78,78,75,71,69,78,78],"gold":73,"neow_bonus":"TEN_PERCENT_HP_BONUS","is_daily":false,"chose_seed":false,"campfire_upgraded":1,"win_rate":0.0,"timestamp":1610909905,"path_taken":["M","$","?","?","?","E","M","R","T","$","?","E","M","E","R","BOSS","M","?","M","M","M","R","M","$","T","?","M","?","E","M","R","BOSS","M","?","?","M","M","R","E","?","T","M","M","E","M","E","R","BOSS"],"items_purchased_type":["Card","Card","Card","Card","Relic","Card","Card","Card","Card","Relic"],"build_version":"2020-12-22","purchased_purges":2,"victory":true,"max_hp_per_floor":[82,82,82,82,82,82,82,82,82,82,82,82,82,82,82,82,82,82,82,82,82,82,82,82,82,82,82,82,82,82,82,82,82,82,82,82,78,78,78,78,78,78,78,78,78,78,78,78,78,78],"card_choices":[{"not_picked":["Steam","Blizzard"],"picked":"Self Repair","floor":1},{"not_picked":["Loop","Auto Shields"],"picked":"Coolheaded","floor":6},{"not_picked":["Tempest","Cold Snap","Scrape"],"picked":"SKIP","floor":7},{"not_picked":["Conserve Battery","Amplify"],"picked":"Beam Cell","floor":12},{"not_picked":["Cold Snap","Fusion"],"picked":"Lockon","floor":13},{"not_picked":["Coolheaded","Streamline"],"picked":"Compile Driver","floor":14},{"not_picked":["hubris:SpecializedCircuitry","Reboot"],"picked":"Electrodynamics","floor":16},{"not_picked":["Storm","Conserve Battery+1"],"picked":"Ball Lightning","floor":18},{"not_picked":["Compile Driver","Cold Snap"],"picked":"Static Discharge+1","floor":20},{"not_picked":["Heatsinks","Conserve Battery+1"],"picked":"Loop","floor":21},{"not_picked":["Go for the Eyes","Melter"],"picked":"Ball Lightning+1","floor":22},{"not_picked":["Aggregate+1","Conserve Battery"],"picked":"Go for the Eyes","floor":24},{"not_picked":["Loop","Barrage"],"picked":"Capacitor","floor":28},{"not_picked":["Genetic Algorithm","Rip and Tear"],"picked":"Multi-Cast","floor":30},{"not_picked":["Beam Cell","Coolheaded"],"picked":"Go for the Eyes","floor":31},{"not_picked":["Ball Lightning+1","Lockon"],"picked":"Capacitor","floor":32},{"not_picked":["Seek","hubris:SpecializedCircuitry"],"picked":"hubris:Prefetch","floor":33},{"not_picked":["Cold Snap","Aggregate"],"picked":"Compile Driver+1","floor":35},{"not_picked":["Sweeping Beam+1","Beam Cell+1"],"picked":"Fusion","floor":38},{"not_picked":["Static Discharge","Barrage"],"picked":"Defragment+1","floor":39},{"not_picked":["Gash+1","Coolheaded"],"picked":"Storm","floor":40},{"not_picked":["Chill","Glacier"],"picked":"Reprogram+1","floor":41},{"not_picked":["Force Field","Coolheaded+1"],"picked":"Cold Snap+1","floor":44},{"not_picked":["Beam Cell+1","Aggregate"],"picked":"Rip and Tear+1","floor":45},{"not_picked":["Gash","Force Field"],"picked":"Compile Driver","floor":46},{"not_picked":["Leap","Gash+1"],"picked":"Hello World","floor":47},{"not_picked":["Barrage","Steam+1"],"picked":"Loop","floor":48},{"not_picked":["Consume+1","Reprogram"],"picked":"Coolheaded+1","floor":49}],"player_experience":12812,"relics_obtained":[{"floor":6,"key":"War Paint"},{"floor":9,"key":"hubris:BallOfYels"},{"floor":11,"key":"Gremlin Horn"},{"floor":12,"key":"hubris:64BitClover"},{"floor":14,"key":"hubris:DeckOfHolding"},{"floor":24,"key":"hubris:TenFootPole"},{"floor":26,"key":"Matryoshka"},{"floor":30,"key":"aspiration:HummingbirdHeart"},{"floor":41,"key":"hubris:SlimyHat"},{"floor":43,"key":"PreservedInsect"},{"floor":43,"key":"Oddly Smooth Stone"},{"floor":44,"key":"Centennial Puzzle"},{"floor":46,"key":"Juzu Bracelet"},{"floor":48,"key":"Bird Faced Urn"}],"event_choices":[{"damage_healed":0,"gold_gain":75,"player_choice":"Gather Gold","damage_taken":11,"max_hp_gain":0,"max_hp_loss":0,"event_name":"World of Goop","floor":3,"gold_loss":0},{"damage_healed":0,"gold_gain":99,"player_choice":"Stole From Cult","damage_taken":0,"max_hp_gain":0,"max_hp_loss":0,"event_name":"Nest","floor":27,"gold_loss":0},{"damage_healed":0,"gold_gain":0,"player_choice":"Max HP","damage_taken":0,"max_hp_gain":0,"max_hp_loss":4,"event_name":"Winding Halls","floor":37,"gold_loss":0}],"is_beta":false,"boss_relics":[{"not_picked":["hubris:VirtuousBlindfold","Sozu"],"picked":"hubris:BlackHole"},{"not_picked":["energizedSpire:OldTV","Coffee Dripper"],"picked":"Snecko Eye"}],"items_purged_floors":[2,10],"is_endless":false,"potions_floor_spawned":[1,12,20,21,28,30,38,44,46,48],"ascension_level":0}}