{"host":"5lv0icc8l08nkbqt","time":1610901953,"event":{"mods":["Act Like it!","Aspiration","BaseMod","Colored Map","Conspire","Elementarium","Energized Spire","Gensokyo","Hallownest","Hubris","JesterMod","Jorbs\u0027s Wanderer Trilogy","Marisa????????","Menagerie","Minty Spire (QoL Compilation)","Pale of the Ancients","Potionbrewer","Replay The Spire","Shade Mod","Somnambulant","Spicy Shops","StSLib","The Blue Laboratory","The Cursed","The Disciple","The Exalted","The Hierophant","The Marked","Wandering Minibosses"],"gold_per_floor":[119,132,132,32,32,32,80,108,108,160,19,54,102,54,54,69,69],"floor_reached":16,"language":"ENG","playtime":1873,"items_purged":[],"score":135,"play_id":"95bfdac4-ba6c-487a-ba4b-c2669100460d","local_time":"20210117204553","is_ascension_mode":false,"campfire_choices":[{"data":"theMarked:MysticalArsenal","floor":6,"key":"SMITH"},{"floor":15,"key":"REST"}],"circlet_count":0,"master_deck":["theMarked:Strike","theMarked:Strike","theMarked:Strike","theMarked:Strike","theMarked:Strike","theMarked:Defend","theMarked:Defend","theMarked:Defend","theMarked:Defend","theMarked:SoldierOfQuellstein","theMarked:SwordAndMagic","theMarked:MysticalArsenal+1","conspire:SpireCoStock","conspire:SpireCoStock","theMarked:HeightenedSenses","theMarked:WardOff","theMarked:MysticalArsenal","theMarked:ContemptForTheProud","theMarked:EnhanceMovement","Gensokyo:BlemishedSteel","Gensokyo:RPG","theMarked:BanishingStrike"],"relics":["theMarked:ArtifactOfAir","NeowsBlessing","hubris:Towel","Bromod:ArcaneVictory","aspiration:StickyExplosives_weak","Potion Belt","Omamori"],"acts_visited":["Exordium"],"potions_floor_usage":[10,16,16],"damage_taken":[{"damage":0,"enemies":"Gensokyo:Gryphon","floor":1,"turns":1},{"damage":0,"enemies":"Gensokyo:Python","floor":2,"turns":1},{"damage":0,"enemies":"Gensokyo:Aya","floor":7,"turns":1},{"damage":33,"enemies":"Gensokyo:3_Fairies","floor":8,"turns":6},{"damage":14,"enemies":"Gensokyo:Mamizou","floor":10,"turns":9},{"damage":6,"enemies":"Gensokyo:2_Rabbits","floor":12,"turns":6},{"damage":20,"enemies":"Gensokyo:3_Kodama","floor":13,"turns":7},{"damage":44,"enemies":"Gensokyo:Yukari","floor":16,"turns":7}],"seed_played":"-2849728954621367404","potions_obtained":[{"floor":2,"key":"ColorlessPotion"},{"floor":12,"key":"Regen Potion"},{"floor":13,"key":"Weak Potion"}],"is_trial":false,"path_per_floor":["M","M","?","?","?","R","E","M","T","E","COS","M","M","$","R_BF","B"],"character_chosen":"THE_DEFAULT","items_purchased":["theMarked:BanishingStrike"],"campfire_rested":1,"item_purchase_floors":[14],"current_hp_per_floor":[70,70,70,70,70,70,70,40,40,27,27,23,6,6,27,0,0],"gold":69,"neow_bonus":"THREE_ENEMY_KILL","is_daily":false,"chose_seed":false,"campfire_upgraded":1,"win_rate":0.0,"timestamp":1610901953,"path_taken":["M","M","?","?","?","R","E","?","T","E","COS","M","M","$","R_BF","BOSS"],"items_purchased_type":["Card"],"build_version":"2020-12-22","purchased_purges":0,"victory":false,"max_hp_per_floor":[70,70,70,70,70,70,70,70,70,70,70,70,70,70,70,70,70],"card_choices":[{"not_picked":["theMarked:ChainLightning","theMarked:ElectricStrings"],"picked":"theMarked:SwordAndMagic","floor":1},{"not_picked":["theMarked:DeterminationOfTheMarked","theMarked:LightningStrikesTwice"],"picked":"theMarked:MysticalArsenal","floor":2},{"not_picked":["theMarked:TwofoldDefense","theMarked:Improvise"],"picked":"theMarked:HeightenedSenses","floor":5},{"not_picked":["theMarked:Overthink","theMarked:Electrify"],"picked":"theMarked:WardOff","floor":5},{"not_picked":["theMarked:ParalyzingBlade","theMarked:TakeCover"],"picked":"theMarked:MysticalArsenal","floor":7},{"not_picked":["theMarked:EmpowerWeapon","theMarked:HeightenedSenses"],"picked":"theMarked:ContemptForTheProud","floor":8},{"not_picked":["theMarked:SwordAndMagic","theMarked:TakeCover"],"picked":"theMarked:EnhanceMovement","floor":10},{"not_picked":["theMarked:CreepingChasm","theMarked:Standoff","theMarked:HeightenedSenses"],"picked":"SKIP","floor":12},{"not_picked":["theMarked:BanishingWave","theMarked:MysticalArsenal","theMarked:Aftermath"],"picked":"SKIP","floor":13}],"player_experience":1912196,"relics_obtained":[{"floor":7,"key":"Bromod:ArcaneVictory"},{"floor":9,"key":"aspiration:StickyExplosives_weak"},{"floor":10,"key":"Potion Belt"}],"event_choices":[{"damage_healed":0,"gold_gain":0,"player_choice":"Invest 2","damage_taken":0,"max_hp_gain":0,"max_hp_loss":0,"event_name":"conspire:Investor","floor":4,"gold_loss":0}],"is_beta":false,"boss_relics":[],"items_purged_floors":[],"is_endless":false,"potions_floor_spawned":[2,12,13],"killed_by":"Gensokyo:Yukari","ascension_level":0}}