{"host":"lzzv50t0ea3gz1kk","time":1610875650,"event":{"mods":["ATMod(°¢èªMod)","Act Like it!","BaseMod","Gensokyo","Hallownest","Hermit","Marisa£¨ìFÓê¡¡Ä§ÀíÉ³£©","Minty Spire (QoL Compilation)","Replay The Spire","Robot Space Explorer","StSLib","The Animator"],"gold_per_floor":[117,192,192,212,230,230,247,247,274,284,297,297,311,338,338,441,441,460,400,499,499,281,281,300,300,300,300,300,319,319,333,333,430,530,545,445,463,463,463,494,514,514,538,566,566,583,583,654,654,654],"floor_reached":51,"language":"ZHS","playtime":2070,"items_purged":["AT_SoftenMuscles","Strike_P"],"score":632,"play_id":"41b98449-06e2-4e6b-86dd-0c1a6235b8be","local_time":"20210117172730","is_ascension_mode":true,"campfire_choices":[{"data":"Replay:Hum","floor":6.0,"key":"SMITH"},{"data":"Establishment","floor":12.0,"key":"SMITH"},{"floor":15.0,"key":"REST"},{"data":"AT_EmpoweredMortalDraw","floor":23.0,"key":"SMITH"},{"data":"AT_OneInchPunch","floor":25.0,"key":"SMITH"},{"data":"Meditate","floor":28.0,"key":"SMITH"},{"data":"Protect","floor":30.0,"key":"SMITH"},{"data":"Replay:AllIn","floor":32.0,"key":"SMITH"},{"data":"AT_ChampionKick","floor":45,"key":"SMITH"},{"floor":49,"key":"REST"}],"circlet_count":0,"master_deck":["Strike_P","Strike_P","Strike_P","Defend_P","Defend_P","Defend_P","Eruption","Vigilance","Replay:AllIn+1","EmptyFist","MentalFortress","BowlingBash","Swift Strike","FearNoEvil","Replay:Hum+1","Meditate+1","Establishment+1","FlyingSleeves","EmptyMind","AT_EmpoweredMortalDraw+1","MentalFortress","LikeWater","AT_OneInchPunch+1","Protect+1","FlyingSleeves","AT_ChampionKick+1","Replay:ManipulateFuture+1","Replay:DivineShield+1","EmptyBody+1"],"relics":["PureWater","AT_ATBox","Mummified Hand","ReplayTheSpireMod:Lightbulb","GoldenEye","AT_MortalBlade","Tiny Chest","AT_Kusabimaru","Replay:Wanted Poster","Replay:WaspNest","ReplayFunnel","CaptainsWheel","Lantern","AT_EbonyIvory","Yang"],"acts_visited":["Exordium","TheCity","TheBeyond"],"potions_floor_usage":[46,46],"damage_taken":[{"damage":0.0,"enemies":"Jaw Worm","floor":1.0,"turns":4.0},{"damage":1.0,"enemies":"2 Louse","floor":4.0,"turns":2.0},{"damage":1.0,"enemies":"Cultist","floor":5.0,"turns":3.0},{"damage":5.0,"enemies":"Exordium Thugs","floor":7.0,"turns":3.0},{"damage":9.0,"enemies":"Blue Slaver","floor":10.0,"turns":3.0},{"damage":0.0,"enemies":"Exordium Wildlife","floor":11.0,"turns":2.0},{"damage":10.0,"enemies":"2 Fungi Beasts","floor":13.0,"turns":3.0},{"damage":12.0,"enemies":"Gremlin Nob","floor":14.0,"turns":3.0},{"damage":34.0,"enemies":"Hexaghost","floor":16.0,"turns":9.0},{"damage":0.0,"enemies":"Chosen","floor":18.0,"turns":3.0},{"damage":0.0,"enemies":"Spheric Guardian","floor":24.0,"turns":2.0},{"damage":9.0,"enemies":"Centurion and Healer","floor":29.0,"turns":3.0},{"damage":2.0,"enemies":"Chosen and Byrds","floor":31.0,"turns":4.0},{"damage":39.0,"enemies":"Collector","floor":33.0,"turns":7.0},{"damage":8.0,"enemies":"Orb Walker","floor":35.0,"turns":3.0},{"damage":0.0,"enemies":"3 Shapes","floor":37.0,"turns":4.0},{"damage":8.0,"enemies":"Giant Head","floor":40.0,"turns":7.0},{"damage":6,"enemies":"Jaw Worm Horde","floor":41,"turns":3},{"damage":0,"enemies":"Reptomancer","floor":44,"turns":3},{"damage":0,"enemies":"3 Darklings","floor":46,"turns":2},{"damage":18,"enemies":"Replay:Hell Engine","floor":50,"turns":7}],"seed_played":"-1800284711845860117","potions_obtained":[{"floor":7.0,"key":"DistilledChaos"},{"floor":13.0,"key":"Adrenaline Potion"},{"floor":16.0,"key":"Strength Potion"},{"floor":18.0,"key":"EntropicBrew"},{"floor":24.0,"key":"Dexterity Potion"},{"floor":37.0,"key":"EssenceOfSteel"},{"floor":41,"key":"Block Potion"}],"is_trial":false,"path_per_floor":["M","?","?","M","M","R","M","T","T","M","M","R","M","E","R","B",null,"M","?","?","?","$","R","M","R","T","?","R","M","R","M","R","B",null,"M","$","M","?","T","E","M","T","T","E","R","M","?","T","R","B",null],"character_chosen":"WATCHER","items_purchased":["Tiny Chest"],"campfire_rested":2,"item_purchase_floors":[22],"current_hp_per_floor":[72,61,61,60,59,59,54,54,54,45,45,45,35,23,44,10,72,72,72,72,72,72,72,72,72,72,72,72,63,63,61,61,22,72,64,64,64,64,64,56,50,50,50,50,50,50,50,50,68,50],"gold":654,"neow_bonus":"ONE_RANDOM_RARE_CARD","is_daily":false,"chose_seed":false,"campfire_upgraded":8,"win_rate":0.0,"timestamp":1610875650,"path_taken":["M","?","?","?","M","R","M","?","T","M","M","R","M","E","R","BOSS","M","?","?","?","?","R","M","R","T","?","R","?","R","M","R","BOSS","M","$","M","?","?","E","?","?","T","E","R","M","?","?","R","BOSS"],"items_purchased_type":["Relic"],"build_version":"2020-12-22","purchased_purges":2,"victory":true,"max_hp_per_floor":[72,72,72,72,72,72,72,72,72,72,72,72,72,72,72,72,72,72,72,72,72,72,72,72,72,72,72,72,72,72,72,72,72,72,72,72,72,68,68,68,68,68,68,68,68,68,68,68,68,68],"card_choices":[{"not_picked":["PathToVictory","ThirdEye"],"picked":"EmptyFist","floor":1.0},{"not_picked":["BowlingBash","Replay:ManipulateFuture"],"picked":"FearNoEvil","floor":4.0},{"not_picked":["Crescendo","JustLucky"],"picked":"Replay:Hum","floor":5.0},{"not_picked":["Fasting2","CrushJoints"],"picked":"Meditate","floor":7.0},{"not_picked":["SandsOfTime","EmptyFist"],"picked":"Establishment","floor":10.0},{"not_picked":["Replay:DivineShield","BowlingBash"],"picked":"FlyingSleeves","floor":11.0},{"not_picked":["Evaluate","Replay:ManipulateFuture"],"picked":"AT_SoftenMuscles","floor":13.0},{"not_picked":["Judgement","Prostrate"],"picked":"EmptyMind","floor":14.0},{"not_picked":["Crescendo","TalkToTheHand"],"picked":"MentalFortress","floor":18.0},{"not_picked":["CrushJoints","FollowUp"],"picked":"AT_OneInchPunch","floor":24.0},{"not_picked":["Prostrate","EmptyFist+1"],"picked":"Protect","floor":29.0},{"not_picked":["CutThroughFate","Replay:ManipulateFuture"],"picked":"FlyingSleeves","floor":31.0},{"not_picked":["Blasphemy","AT_IrregularMenstruation"],"picked":"AT_ChampionKick","floor":33.0},{"not_picked":["Prostrate+1","FlyingSleeves","InnerPeace"],"picked":"SKIP","floor":35.0},{"not_picked":["Protect","Prostrate+1","Replay:DivineShield"],"picked":"SKIP","floor":37.0},{"not_picked":["Consecrate","Prostrate+1"],"picked":"Replay:ManipulateFuture+1","floor":40.0},{"not_picked":["FollowUp","Prostrate","Evaluate"],"picked":"SKIP","floor":41},{"not_picked":["TalkToTheHand+1","EmptyFist"],"picked":"Replay:DivineShield+1","floor":44},{"not_picked":["Replay:AtTheReady+1","Replay:ManipulateFuture+1"],"picked":"EmptyBody+1","floor":46}],"player_experience":339065,"relics_obtained":[{"floor":8.0,"key":"Mummified Hand"},{"floor":9.0,"key":"ReplayTheSpireMod:Lightbulb"},{"floor":14.0,"key":"GoldenEye"},{"floor":26.0,"key":"AT_Kusabimaru"},{"floor":39.0,"key":"Replay:WaspNest"},{"floor":40.0,"key":"ReplayFunnel"},{"floor":42,"key":"CaptainsWheel"},{"floor":43,"key":"Lantern"},{"floor":44,"key":"AT_EbonyIvory"},{"floor":48,"key":"Yang"}],"event_choices":[{"damage_healed":0.0,"max_hp_gain":0.0,"max_hp_loss":0.0,"gold_gain":75.0,"event_name":"World of Goop","player_choice":"Gather Gold","floor":2.0,"gold_loss":0.0,"damage_taken":11.0},{"damage_healed":0.0,"max_hp_gain":0.0,"max_hp_loss":0.0,"gold_gain":0.0,"event_name":"Match and Keep!","player_choice":"3 cards matched","floor":3.0,"gold_loss":0.0,"damage_taken":0.0,"cards_obtained":["MentalFortress","BowlingBash","Swift Strike"]},{"damage_healed":0.0,"max_hp_gain":0.0,"max_hp_loss":0.0,"gold_gain":99.0,"event_name":"Nest","player_choice":"Stole From Cult","floor":20.0,"gold_loss":0.0,"damage_taken":0.0},{"damage_healed":0.0,"max_hp_gain":0.0,"max_hp_loss":0.0,"gold_gain":0.0,"event_name":"The Library","player_choice":"Read","floor":21.0,"gold_loss":0.0,"damage_taken":0.0,"cards_obtained":["LikeWater"]},{"damage_healed":0.0,"max_hp_gain":0.0,"max_hp_loss":0.0,"gold_gain":0.0,"event_name":"Vampires","player_choice":"Ignored","floor":27.0,"gold_loss":0.0,"damage_taken":0.0},{"damage_healed":0.0,"max_hp_gain":0.0,"max_hp_loss":4.0,"gold_gain":0.0,"event_name":"Winding Halls","player_choice":"Max HP","floor":38.0,"gold_loss":0.0,"damage_taken":0.0},{"cards_removed":["Defend_P"],"damage_healed":0,"gold_gain":0,"player_choice":"Removed Skill","damage_taken":0,"max_hp_gain":0,"max_hp_loss":0,"event_name":"Falling","floor":47,"gold_loss":0}],"is_beta":false,"boss_relics":[{"not_picked":["Philosopher\u0027s Stone","SlaversCollar"],"picked":"AT_MortalBlade"},{"not_picked":["Honey Jar","Astrolabe"],"picked":"Replay:Wanted Poster"}],"items_purged_floors":[22,36],"is_endless":false,"potions_floor_spawned":[7,13,16,18,24,29,37,41,44],"ascension_level":1}}