{"host":"Qube","time":1610908502,"event":{"mods":["AchievementEnabler","BaseMod","Colored Map","Colored Powertips","Minty Spire (QoL Compilation)","Quick Restart","Random Character Button","StSLib"],"gold_per_floor":[10,10,26,38,38,65,84,118,118,118,146,156,156,168,168,243,243,254,254,254],"floor_reached":19,"language":"ENG","playtime":902,"items_purged":[],"score":428,"play_id":"7c3f283c-e72e-44f1-84f5-325a208870fa","local_time":"20210117103502","is_ascension_mode":true,"campfire_choices":[{"data":"Rampage","floor":10.0,"key":"SMITH"},{"data":"Armaments","floor":13.0,"key":"SMITH"},{"data":"Juggernaut","floor":15.0,"key":"SMITH"}],"circlet_count":0,"master_deck":["AscendersBane","Strike_R","Strike_R","Strike_R","Strike_R","Defend_R","Defend_R","Defend_R","Defend_R","Bash","Clothesline+1","Rampage+1","Ghostly Armor","Juggernaut+1","Armaments+1","Shrug It Off","Shrug It Off","Iron Wave","Barricade+1","Bludgeon"],"relics":["Black Blood","Ice Cream","FossilizedHelix","Frozen Egg 2","Blue Candle","Potion Belt"],"acts_visited":["Exordium","TheCity"],"potions_floor_usage":[19,19],"damage_taken":[{"damage":3.0,"enemies":"2 Louse","floor":1.0,"turns":3.0},{"damage":4.0,"enemies":"Jaw Worm","floor":3.0,"turns":4.0},{"damage":1.0,"enemies":"Cultist","floor":4.0,"turns":3.0},{"damage":42.0,"enemies":"Gremlin Nob","floor":6.0,"turns":5.0},{"damage":0.0,"enemies":"Looter","floor":7.0,"turns":4.0},{"damage":0.0,"enemies":"Lagavulin","floor":8.0,"turns":7.0},{"damage":14.0,"enemies":"Gremlin Nob","floor":11.0,"turns":5.0},{"damage":0.0,"enemies":"3 Louse","floor":12.0,"turns":5.0},{"damage":0.0,"enemies":"Exordium Thugs","floor":14.0,"turns":5.0},{"damage":35.0,"enemies":"Hexaghost","floor":16.0,"turns":14.0},{"damage":39.0,"enemies":"Spheric Guardian","floor":18.0,"turns":7.0},{"damage":49,"enemies":"3 Byrds","floor":19,"turns":5}],"seed_played":"6898450055201666400","potions_obtained":[{"floor":6.0,"key":"ElixirPotion"},{"floor":7.0,"key":"Weak Potion"},{"floor":11.0,"key":"Fruit Juice"},{"floor":14.0,"key":"BloodPotion"},{"floor":16.0,"key":"ColorlessPotion"}],"is_trial":false,"path_per_floor":["M","?","M","M","?","E","M","E","T","R","E","M","R","M","R","B",null,"M","M"],"character_chosen":"IRONCLAD","items_purchased":[],"campfire_rested":0,"item_purchase_floors":[],"current_hp_per_floor":[71,71,73,75,75,39,45,51,51,51,43,49,49,55,55,26,63,36,8,8],"gold":254,"neow_bonus":"ONE_RARE_RELIC","is_daily":false,"chose_seed":false,"campfire_upgraded":3,"win_rate":0.0,"timestamp":1610908502,"path_taken":["M","?","M","M","?","E","M","E","T","R","E","M","R","M","R","BOSS","M","M"],"items_purchased_type":[],"build_version":"2020-12-18","purchased_purges":0,"victory":false,"max_hp_per_floor":[75,75,75,75,75,75,75,75,75,75,75,75,75,75,75,75,75,75,80,80],"card_choices":[{"not_picked":["Headbutt","Havoc"],"picked":"Clothesline","floor":1.0},{"not_picked":["Havoc","Whirlwind"],"picked":"Rampage","floor":3.0},{"not_picked":["Headbutt","Pommel Strike"],"picked":"Ghostly Armor","floor":4.0},{"not_picked":["Anger","Dropkick"],"picked":"Armaments","floor":6.0},{"not_picked":["Sword Boomerang","Exhume","Second Wind"],"picked":"SKIP","floor":7.0},{"not_picked":["Reckless Charge","Armaments"],"picked":"Shrug It Off","floor":8.0},{"not_picked":["Headbutt","Seeing Red"],"picked":"Shrug It Off","floor":11.0},{"not_picked":["Armaments","Thunderclap"],"picked":"Iron Wave","floor":12.0},{"not_picked":["Headbutt","Anger"],"picked":"Barricade+1","floor":14.0},{"not_picked":["Berserk+1","Double Tap"],"picked":"Bludgeon","floor":16.0},{"not_picked":["Dual Wield+1","Clothesline","Infernal Blade"],"picked":"SKIP","floor":18.0}],"player_experience":909982,"relics_obtained":[{"floor":6.0,"key":"FossilizedHelix"},{"floor":8.0,"key":"Frozen Egg 2"},{"floor":9.0,"key":"Blue Candle"},{"floor":11.0,"key":"Potion Belt"}],"event_choices":[{"damage_healed":0.0,"max_hp_gain":0.0,"max_hp_loss":0.0,"gold_gain":0.0,"event_name":"Living Wall","player_choice":"Grow","floor":2.0,"gold_loss":0.0,"damage_taken":0.0,"cards_upgraded":["Clothesline"]},{"damage_healed":0.0,"max_hp_gain":0.0,"max_hp_loss":0.0,"gold_gain":0.0,"cards_transformed":["Strike_R"],"event_name":"Transmorgrifier","player_choice":"Transformed","floor":5.0,"gold_loss":0.0,"damage_taken":0.0,"cards_obtained":["Juggernaut"]}],"is_beta":true,"boss_relics":[{"not_picked":["SacredBark","Mark of Pain"],"picked":"Black Blood"}],"items_purged_floors":[],"is_endless":false,"potions_floor_spawned":[6,7,11,14,16],"killed_by":"3 Byrds","ascension_level":20}}