{"host":"aas8f8jvicx6tcxp","time":1610849891,"event":{"mods":["BaseMod","Better Third Choice","BetterRewards","Downfall","Hermit","Minty Spire (QoL Compilation)","Robot Space Explorer","StSLib","The Cursed"],"gold_per_floor":[99,110,120,395,61,77,77,77,77,16,16,16,41,41,60,60,60],"floor_reached":16,"language":"ENG","playtime":1830,"items_purged":["Regret"],"score":98,"play_id":"319e051a-fc9f-49bf-aa79-a6a56758cb3e","local_time":"20210116201811","is_ascension_mode":false,"campfire_choices":[{"data":"bronze:Goto","floor":1.0,"key":"SMITH"},{"floor":9,"key":"REST"},{"data":"bronze:Optimize","floor":12,"key":"SMITH"}],"circlet_count":0,"master_deck":["bronze:Strike","bronze:Strike","bronze:Strike","bronze:Strike","bronze:Defend","bronze:Defend","bronze:Defend","bronze:Defend","bronze:Replicate","bronze:Goto+1","bronze:Repair","bronze:Flail","bronze:Fortify","bronze:Optimize+1","bronze:FineTuning","bronze:BronzeOrb","bronze:Spike","bronze:Verify","bronze:Boost"],"relics":["bronze:BronzeCore","Singing Bowl","downfall:ShatteredFragment","Dream Catcher"],"acts_visited":["Exordium"],"potions_floor_usage":[15],"damage_taken":[{"damage":1.0,"enemies":"Jaw Worm","floor":2.0,"turns":3.0},{"damage":2,"enemies":"Cultist","floor":3,"turns":5},{"damage":13,"enemies":"downfall:FleeingMerchant","floor":5,"turns":4},{"damage":5,"enemies":"Small Slimes","floor":6,"turns":3},{"damage":9,"enemies":"downfall:FleeingMerchant","floor":10,"turns":4},{"damage":31,"enemies":"Lagavulin","floor":13,"turns":9},{"damage":32,"enemies":"Lagavulin","floor":14,"turns":6},{"damage":4,"enemies":"3 Louse","floor":15,"turns":2},{"damage":55,"enemies":"DF_ARCHETYPE_STREAMLINE","floor":16,"turns":6}],"seed_played":"5481323445471795350","potions_obtained":[{"floor":13,"key":"SmokeBomb"},{"floor":14,"key":"Energy Potion"},{"floor":15,"key":"SpeedPotion"}],"is_trial":false,"path_per_floor":["R","M","M","?","$","M","T","?","R","$","?","R","E","?","M","B"],"character_chosen":"THE_AUTOMATON","items_purchased":["Singing Bowl","bronze:FineTuning"],"campfire_rested":1,"item_purchase_floors":[5,10],"current_hp_per_floor":[77,76,75,75,67,71,71,50,73,70,70,70,49,25,31,0,0],"gold":60,"neow_bonus":"TEN_PERCENT_HP_BONUS","is_daily":false,"chose_seed":false,"campfire_upgraded":2,"win_rate":0.0,"timestamp":1610849891,"path_taken":["R","M","M","?","$","?","T","?","R","$","?","R","E","?","M","BOSS"],"items_purchased_type":["Relic","Card"],"build_version":"2020-12-22","purchased_purges":1,"victory":false,"max_hp_per_floor":[77,77,77,77,77,79,79,79,79,79,79,79,79,79,79,79,79],"card_choices":[{"not_picked":["bronze:Deprecate","bronze:Frontload"],"picked":"bronze:Repair","floor":2.0},{"not_picked":["bronze:Overheat","bronze:CloningBeam"],"picked":"bronze:Flail","floor":3},{"not_picked":["bronze:ForLoop","bronze:FineTuning"],"picked":"bronze:Fortify","floor":5},{"not_picked":["bronze:Iterate","bronze:CutThrough","bronze:Repulsor"],"picked":"Singing Bowl","floor":6},{"not_picked":["bronze:Iterate","bronze:ShipIt"],"picked":"bronze:Optimize","floor":10},{"not_picked":["bronze:FineTuning","bronze:DigitalCarnage"],"picked":"bronze:BronzeOrb","floor":13},{"not_picked":[],"picked":"bronze:Spike","floor":14},{"not_picked":["bronze:WildBeam","bronze:BugBarrage"],"picked":"bronze:Verify","floor":14},{"not_picked":["bronze:Invalidate","bronze:GetLatest"],"picked":"bronze:Boost","floor":15}],"player_experience":306713,"relics_obtained":[{"floor":13,"key":"Dream Catcher"}],"event_choices":[],"is_beta":false,"boss_relics":[],"items_purged_floors":[5],"is_endless":false,"potions_floor_spawned":[13,14,15],"killed_by":"DF_ARCHETYPE_STREAMLINE","ascension_level":0}}