{"host":"oehe2dxjvdgux73m","time":1610898436,"event":{"mods":["AchievementEnabler","BaseMod","Colored Map","Colored Powertips","DeckTracker","Keyboard Shortcuts","Minty Spire (QoL Compilation)","Permanent Neow","Quick Restart","StSLib","SuperFastMode"],"gold_per_floor":[361,39,39,57,77,77,95,95,95,95,120,82,95,111,111,184,184,196,213,224,237,237,237],"floor_reached":22,"language":"KOR","playtime":891,"items_purged":["Defend_R"],"score":323,"play_id":"f4f161e8-b9cf-4950-97a1-28be8b2df5ad","local_time":"20210118004716","is_ascension_mode":true,"campfire_choices":[{"data":"Feed","floor":6.0,"key":"SMITH"},{"data":"Bash","floor":10.0,"key":"SMITH"},{"data":"Wild Strike","floor":15.0,"key":"SMITH"}],"circlet_count":0,"master_deck":["AscendersBane","Strike_R","Strike_R","Strike_R","Strike_R","Strike_R","Defend_R","Defend_R","Defend_R","Bash+1","Battle Trance","Feed+1","Cleave","Wild Strike+1","Power Through+1","Armaments+1","Impervious+1","Offering+1","Shrug It Off+1","Uppercut","Offering+1","Shrug It Off+1"],"relics":["Burning Blood","White Beast Statue","Question Card","Toxic Egg 2","Mercury Hourglass","Runic Cube"],"acts_visited":["Exordium","TheCity"],"potions_floor_usage":[22],"damage_taken":[{"damage":6.0,"enemies":"2 Louse","floor":1.0,"turns":4.0},{"damage":7.0,"enemies":"Jaw Worm","floor":4.0,"turns":3.0},{"damage":1.0,"enemies":"Cultist","floor":5.0,"turns":4.0},{"damage":31.0,"enemies":"Gremlin Gang","floor":7.0,"turns":6.0},{"damage":5.0,"enemies":"3 Sentries","floor":11.0,"turns":5.0},{"damage":6.0,"enemies":"Looter","floor":13.0,"turns":3.0},{"damage":0.0,"enemies":"2 Fungi Beasts","floor":14.0,"turns":3.0},{"damage":55.0,"enemies":"The Guardian","floor":16.0,"turns":14.0},{"damage":20.0,"enemies":"2 Thieves","floor":18.0,"turns":4.0},{"damage":12.0,"enemies":"Chosen","floor":19.0,"turns":5.0},{"damage":21.0,"enemies":"Snake Plant","floor":20.0,"turns":4.0},{"damage":26.0,"enemies":"Cultist and Chosen","floor":21.0,"turns":6.0},{"damage":17,"enemies":"3 Cultists","floor":22,"turns":5}],"seed_played":"-8409894193234704102","potions_obtained":[{"floor":1.0,"key":"Regen Potion"},{"floor":4.0,"key":"SkillPotion"},{"floor":5.0,"key":"Strength Potion"},{"floor":7.0,"key":"DistilledChaos"},{"floor":11.0,"key":"BloodPotion"},{"floor":13.0,"key":"AttackPotion"},{"floor":16.0,"key":"Weak Potion"},{"floor":18.0,"key":"FearPotion"},{"floor":19.0,"key":"Strength Potion"},{"floor":20.0,"key":"Weak Potion"},{"floor":21.0,"key":"EssenceOfSteel"}],"is_trial":false,"path_per_floor":["M","$","?","M","M","R","M","?","T","R","E","$","M","M","R","B",null,"M","M","M","M","M"],"character_chosen":"IRONCLAD","items_purchased":["White Beast Statue","Power Through+1"],"campfire_rested":0,"item_purchase_floors":[2,12],"current_hp_per_floor":[68,68,56,55,60,60,54,54,54,54,55,55,59,65,65,16,61,47,56,41,21,4,4],"gold":237,"neow_bonus":"TWO_FIFTY_GOLD","is_daily":false,"chose_seed":false,"campfire_upgraded":3,"win_rate":0.0,"timestamp":1610898436,"path_taken":["M","$","?","M","M","R","M","?","T","R","E","?","M","M","R","BOSS","M","?","M","?","M"],"items_purchased_type":["Relic","Card"],"build_version":"2020-12-22","purchased_purges":1,"victory":false,"max_hp_per_floor":[68,68,68,68,68,68,72,72,72,72,72,72,76,76,76,76,76,76,76,76,76,76,76],"card_choices":[{"not_picked":["Rage","Warcry","Flex"],"picked":"SKIP","floor":1.0},{"not_picked":["Dual Wield","Entrench","Sword Boomerang"],"picked":"Battle Trance","floor":4.0},{"not_picked":["Headbutt","Thunderclap","Entrench"],"picked":"Feed","floor":5.0},{"not_picked":["Iron Wave","Anger","Heavy Blade"],"picked":"Cleave","floor":7.0},{"not_picked":["Hemokinesis","Body Slam","Pummel"],"picked":"Wild Strike","floor":11.0},{"not_picked":["Heavy Blade","Rage+1","Second Wind+1"],"picked":"Armaments+1","floor":13.0},{"not_picked":["Cleave","Rupture","Shrug It Off+1"],"picked":"Impervious+1","floor":14.0},{"not_picked":["Berserk","Double Tap+1","Exhume+1"],"picked":"Offering+1","floor":16.0},{"not_picked":["Wild Strike","Anger","Warcry+1"],"picked":"Shrug It Off+1","floor":18.0},{"not_picked":["Pommel Strike","Wild Strike","Armaments+1"],"picked":"Uppercut","floor":19.0},{"not_picked":["Thunderclap","Wild Strike","Bloodletting+1"],"picked":"Offering+1","floor":20.0},{"not_picked":["Twin Strike","Thunderclap","Clash"],"picked":"Shrug It Off+1","floor":21.0}],"player_experience":267426,"relics_obtained":[{"floor":9.0,"key":"Toxic Egg 2"},{"floor":11.0,"key":"Mercury Hourglass"}],"event_choices":[{"damage_healed":0.0,"max_hp_gain":0.0,"max_hp_loss":0.0,"gold_gain":0.0,"event_name":"Scrap Ooze","player_choice":"Success","floor":3.0,"gold_loss":0.0,"damage_taken":12.0,"relics_obtained":["Question Card"]},{"damage_healed":0.0,"max_hp_gain":0.0,"max_hp_loss":0.0,"gold_gain":0.0,"event_name":"Dead Adventurer","player_choice":"Searched \u00270\u0027 times","floor":8.0,"gold_loss":0.0,"damage_taken":0.0}],"is_beta":false,"boss_relics":[{"not_picked":["Ectoplasm","Black Star"],"picked":"Runic Cube"}],"items_purged_floors":[2],"is_endless":false,"potions_floor_spawned":[1,4,5,7,11,13,14,16,18,19,20,21],"killed_by":"3 Cultists","ascension_level":14}}