{"host":"tzyzz5n7hg2ni9q2","time":1610877347,"event":{"mods":["BaseMod","Minty Spire (QoL Compilation)","Quick Restart"],"gold_per_floor":[116,116,116,116,131,131,158,158,158,174,76,96,112,112,112,112,112],"floor_reached":16,"language":"ENG","playtime":395,"items_purged":[],"score":240,"play_id":"c5998631-9dcf-4919-aa63-843a55a2365c","local_time":"20210117105547","is_ascension_mode":true,"campfire_choices":[{"floor":6,"key":"REST"},{"floor":8,"key":"REST"},{"data":"Uppercut","floor":15,"key":"SMITH"}],"circlet_count":0,"master_deck":["AscendersBane","Strike_R","Strike_R","Strike_R","Strike_R","Strike_R","Defend_R","Defend_R+1","Defend_R","Defend_R+1","Bash+1","Twin Strike","Flame Barrier","Cleave","True Grit","Uppercut+1","Shrug It Off"],"relics":["Burning Blood","Regal Pillow","Unceasing Top","MealTicket","Anchor","The Courier"],"acts_visited":["Exordium"],"potions_floor_usage":[],"damage_taken":[{"damage":7,"enemies":"Small Slimes","floor":1,"turns":3},{"damage":12,"enemies":"Jaw Worm","floor":5,"turns":3},{"damage":61,"enemies":"Lagavulin","floor":7,"turns":8},{"damage":0,"enemies":"2 Louse","floor":10,"turns":3},{"damage":3,"enemies":"Exordium Wildlife","floor":12,"turns":4},{"damage":35,"enemies":"Exordium Thugs","floor":13,"turns":6},{"damage":33,"enemies":"Hexaghost","floor":16,"turns":14}],"seed_played":"773392371784703690","potions_obtained":[{"floor":5,"key":"Dexterity Potion"},{"floor":13,"key":"GamblersBrew"}],"is_trial":false,"path_per_floor":["M","?","?","?","M","R","E","R","T","M","$","M","M","T","R","B"],"character_chosen":"IRONCLAD","items_purchased":["True Grit","Uppercut"],"campfire_rested":2,"item_purchase_floors":[11,11],"current_hp_per_floor":[71,59,59,43,37,76,21,60,60,66,80,80,51,51,51,18,18],"gold":112,"neow_bonus":"RANDOM_COMMON_RELIC","is_daily":false,"chose_seed":false,"campfire_upgraded":1,"win_rate":0.0,"timestamp":1610877347,"path_taken":["M","?","?","?","?","R","E","R","T","M","$","M","M","?","R","BOSS"],"items_purchased_type":["Card","Card"],"build_version":"2020-12-22","purchased_purges":0,"victory":false,"max_hp_per_floor":[80,80,80,80,80,80,80,80,80,80,80,80,80,80,80,80,80],"card_choices":[{"not_picked":["Warcry","Havoc"],"picked":"Twin Strike","floor":1},{"not_picked":["Perfected Strike","Hemokinesis","Warcry"],"picked":"SKIP","floor":5},{"not_picked":["Iron Wave","Blood for Blood"],"picked":"Flame Barrier","floor":7},{"not_picked":["Clothesline","Immolate"],"picked":"Cleave","floor":10},{"not_picked":["Dropkick","Havoc","Sword Boomerang"],"picked":"SKIP","floor":12},{"not_picked":["Dropkick","Carnage"],"picked":"Shrug It Off","floor":13}],"player_experience":288534,"relics_obtained":[{"floor":7,"key":"MealTicket"},{"floor":9,"key":"Anchor"},{"floor":14,"key":"The Courier"}],"event_choices":[{"damage_healed":0,"gold_gain":0,"player_choice":"Success","damage_taken":12,"relics_obtained":["Unceasing Top"],"max_hp_gain":0,"max_hp_loss":0,"event_name":"Scrap Ooze","floor":2,"gold_loss":0},{"damage_healed":0,"gold_gain":0,"player_choice":"Grow","damage_taken":0,"max_hp_gain":0,"max_hp_loss":0,"event_name":"Living Wall","floor":3,"gold_loss":0,"cards_upgraded":["Bash"]},{"damage_healed":0,"gold_gain":0,"player_choice":"Entered Light","damage_taken":16,"max_hp_gain":0,"max_hp_loss":0,"event_name":"Shining Light","floor":4,"gold_loss":0,"cards_upgraded":["Defend_R","Defend_R"]}],"is_beta":false,"boss_relics":[],"items_purged_floors":[],"is_endless":false,"potions_floor_spawned":[5,13],"killed_by":"Hexaghost","ascension_level":12}}