{"host":"pfy6u49v5s5r680p","time":1610850860,"event":{"mods":["BaseMod","Colored Map","DeckTracker","Highlight Path","Keyboard Shortcuts","Minty Spire (QoL Compilation)","Permanent Neow","Quick Restart","StSLib","SuperFastMode","everything is the same but u backflip on backflip"],"gold_per_floor":[113,133,58,58,58,58,76,76,129,141,205,205,218,232,232,333,333,353,373,403,403,418,418,432,432,432,432,464,147,147,157,157,157,157],"floor_reached":33,"language":"KOR","playtime":2996,"items_purged":["Strike_G"],"score":259,"play_id":"a719ce8f-95b8-428a-aa18-e1a2794ef854","local_time":"20210117113420","is_ascension_mode":false,"campfire_choices":[{"data":"Finisher","floor":6.0,"key":"SMITH"},{"data":"Infinite Blades","floor":8.0,"key":"SMITH"},{"data":"Blade Dance","floor":12.0,"key":"SMITH"},{"data":"Tools of the Trade","floor":15.0,"key":"SMITH"},{"floor":23.0,"key":"REST"},{"floor":25,"key":"REST"},{"data":"Calculated Gamble","floor":30,"key":"SMITH"},{"floor":32,"key":"REST"}],"circlet_count":0,"master_deck":["Strike_G","Defend_G","Defend_G","Defend_G","Defend_G","Defend_G","Survivor","Neutralize","Doubt","Tools of the Trade+1","Finisher+1","Dodge and Roll","Blade Dance+1","Infinite Blades+1","Slice","Reflex","Footwork","Acrobatics","After Image","Tools of the Trade","Slice","Tools of the Trade","Blade Dance","Calculated Gamble+1","Escape Plan","Blade Dance+1","Deep Breath+1","Terror+1"],"relics":["Ring of the Snake","Bag of Marbles","Omamori","Black Star","Red Mask","Toxic Egg 2","Singing Bowl","Question Card","Blue Candle","TheAbacus"],"acts_visited":["Exordium","TheCity"],"potions_floor_usage":[28,33],"damage_taken":[{"damage":0.0,"enemies":"Cultist","floor":1.0,"turns":6.0},{"damage":0.0,"enemies":"2 Louse","floor":2.0,"turns":5.0},{"damage":2.0,"enemies":"Jaw Worm","floor":5.0,"turns":4.0},{"damage":0.0,"enemies":"Large Slime","floor":7.0,"turns":4.0},{"damage":6.0,"enemies":"Looter","floor":10.0,"turns":2.0},{"damage":0.0,"enemies":"Lagavulin Event","floor":11.0,"turns":2.0},{"damage":1.0,"enemies":"2 Fungi Beasts","floor":13.0,"turns":4.0},{"damage":12.0,"enemies":"3 Louse","floor":14.0,"turns":4.0},{"damage":36.0,"enemies":"The Guardian","floor":16.0,"turns":17.0},{"damage":0.0,"enemies":"3 Byrds","floor":18.0,"turns":6.0},{"damage":4.0,"enemies":"Shell Parasite","floor":19.0,"turns":4.0},{"damage":33.0,"enemies":"Masked Bandits","floor":20.0,"turns":7.0},{"damage":19.0,"enemies":"Snake Plant","floor":22.0,"turns":6.0},{"damage":10,"enemies":"3 Cultists","floor":24,"turns":4},{"damage":18,"enemies":"Gremlin Leader","floor":28,"turns":5},{"damage":16,"enemies":"Centurion and Healer","floor":31,"turns":5},{"damage":16,"enemies":"Automaton","floor":33,"turns":6}],"seed_played":"-8019771076624566264","potions_obtained":[{"floor":1.0,"key":"Regen Potion"},{"floor":7.0,"key":"Swift Potion"},{"floor":10.0,"key":"DuplicationPotion"},{"floor":13.0,"key":"PowerPotion"},{"floor":18.0,"key":"PowerPotion"},{"floor":20.0,"key":"LiquidBronze"},{"floor":31,"key":"Dexterity Potion"}],"is_trial":false,"path_per_floor":["M","M","$","?","M","R","M","R","T","M","?","R","M","M","R","B",null,"M","M","?","?","M","R","M","R","T","?","E","$","R","M","R","B"],"character_chosen":"THE_SILENT","items_purchased":["Infinite Blades","TheAbacus","Deep Breath+1"],"campfire_rested":3,"item_purchase_floors":[3,29,29],"current_hp_per_floor":[70,70,70,70,68,68,68,68,68,62,62,62,61,49,49,13,70,70,66,33,33,14,35,25,46,46,46,28,28,28,12,33,17,17],"gold":157,"neow_bonus":"TRANSFORM_TWO_CARDS","is_daily":false,"chose_seed":false,"campfire_upgraded":5,"win_rate":0.0,"timestamp":1610850860,"path_taken":["M","M","$","?","M","R","M","R","T","M","?","R","M","M","R","BOSS","M","M","?","?","M","R","M","R","T","?","E","$","R","M","R","BOSS"],"items_purchased_type":["Card","Relic","Card"],"build_version":"2020-12-22","purchased_purges":1,"victory":false,"max_hp_per_floor":[70,70,70,70,70,70,70,70,70,70,70,70,70,70,70,70,70,70,70,70,70,70,70,70,70,70,70,70,70,70,70,70,70,70],"card_choices":[{"not_picked":["Dagger Spray","Predator"],"picked":"Dodge and Roll","floor":1.0},{"not_picked":["Crippling Poison","Prepared"],"picked":"Blade Dance","floor":2.0},{"not_picked":["Poisoned Stab","Dagger Spray","Blade Dance"],"picked":"SKIP","floor":5.0},{"not_picked":["Backflip","Bouncing Flask"],"picked":"Slice","floor":7.0},{"not_picked":["Backflip","Predator"],"picked":"Reflex","floor":10.0},{"not_picked":["Caltrops","Predator"],"picked":"Footwork","floor":11.0},{"not_picked":["Dodge and Roll","Masterful Stab"],"picked":"Acrobatics","floor":13.0},{"not_picked":["Backflip","Blur"],"picked":"After Image","floor":14.0},{"not_picked":["Venomology","Glass Knife"],"picked":"Tools of the Trade","floor":16.0},{"not_picked":["Deflect","Backflip"],"picked":"Slice","floor":18.0},{"not_picked":["Deflect+1","Skewer"],"picked":"Tools of the Trade","floor":19.0},{"not_picked":["Prepared","Quick Slash"],"picked":"Blade Dance","floor":20.0},{"not_picked":["Dagger Throw+1","Sucker Punch"],"picked":"Escape Plan","floor":22.0},{"not_picked":["Quick Slash","Acrobatics+1","Dagger Throw"],"picked":"SKIP","floor":24},{"not_picked":["Heel Hook","Bouncing Flask+1"],"picked":"Blade Dance+1","floor":28},{"not_picked":["Outmaneuver+1","Finisher","Dash"],"picked":"Terror+1","floor":31}],"player_experience":138367,"relics_obtained":[{"floor":9.0,"key":"Bag of Marbles"},{"floor":20.0,"key":"Red Mask"},{"floor":26,"key":"Toxic Egg 2"},{"floor":28,"key":"Question Card"},{"floor":28,"key":"Blue Candle"}],"event_choices":[{"cards_removed":["Strike_G"],"damage_healed":0.0,"max_hp_gain":0.0,"max_hp_loss":0.0,"gold_gain":0.0,"event_name":"Living Wall","player_choice":"Forget","floor":4.0,"gold_loss":0.0,"damage_taken":0.0},{"damage_healed":0.0,"max_hp_gain":0.0,"max_hp_loss":0.0,"gold_gain":0.0,"event_name":"Dead Adventurer","player_choice":"Searched \u00273\u0027 times","floor":11.0,"gold_loss":0.0,"damage_taken":0.0,"relics_obtained":["Omamori"]},{"damage_healed":0.0,"max_hp_gain":0.0,"max_hp_loss":0.0,"gold_gain":0.0,"event_name":"Masked Bandits","player_choice":"Fought Bandits","floor":20.0,"gold_loss":0.0,"damage_taken":0.0},{"damage_healed":0.0,"max_hp_gain":0.0,"max_hp_loss":0.0,"gold_gain":0.0,"event_name":"The Library","player_choice":"Read","floor":21.0,"gold_loss":0.0,"damage_taken":0.0,"cards_obtained":["Calculated Gamble"]},{"damage_healed":0,"gold_gain":0,"player_choice":"Opened","damage_taken":0,"relics_obtained":["Singing Bowl"],"max_hp_gain":0,"max_hp_loss":0,"event_name":"The Mausoleum","floor":27,"gold_loss":0}],"is_beta":false,"boss_relics":[{"not_picked":["Tiny House","Velvet Choker"],"picked":"Black Star"}],"items_purged_floors":[29],"is_endless":false,"potions_floor_spawned":[1,7,10,13,18,20,31],"killed_by":"Automaton","ascension_level":0}}