{"host":"ctmijv3os0x88ck6","time":1610875761,"event":{"mods":["ATMod(°¢èªMod)","AchievementEnabler","BaseMod","BetterRewards","Colored Powertips","Good Game Mod","Minty Spire (QoL Compilation)","READ ME - Guardian Mod","Shop Mod","StSLib","The Alterego","[GremlinLeader]The Maniac","noobMod"],"gold_per_floor":[119,119,119,144,120,120,146,146,146,228,306,319,330,3,3,100,100,119,136,149,149,149,149,176,176,176,176,243,3,3,3,3,177,177,320,290,332,19,109,109,162,162,210,210,53,53,53,88,88,218,218,254,352,101,101,101,217,217,217,217,300,366,414,43,8,8,186,186,226,226,226,1,116,116,116,116,226,325,325,431,431,23,23,199,199,292,514,1,103,103,8,61,61,171,171,233,233,7,108,108,331,331,394,394,444,104,279,279,417,417,530,584,42,105,105,105,105,258,258,324,324,31,31,31,92,206,206,317,267,267,308,233,233,233,388,388,427,427,1426,18,18,162,225,225],"floor_reached":143,"language":"ZHS","playtime":7143,"items_purged":["Normality"],"score":5132,"play_id":"a09ed43b-ba18-459c-945c-4890e0414ab8","local_time":"20210117172920","daily_mods":["Specialized","Allstar","Diverse","Colorless Cards","Heirloom","Time Dilation","Flight"],"is_ascension_mode":false,"campfire_choices":[{"data":"Echo Form","floor":6.0,"key":"SMITH"},{"floor":15.0,"key":"REST"},{"data":"alterego_mod:Palingenesis","floor":23.0,"key":"SMITH"},{"data":"alterego_mod:Palingenesis+2","floor":27.0,"key":"SMITH"},{"data":"alterego_mod:Palingenesis+3","floor":32.0,"key":"SMITH"},{"data":"alterego_mod:Venus","floor":40.0,"key":"SMITH"},{"floor":49.0,"key":"REST"},{"data":"alterego_mod:GIGAMILK","floor":59.0,"key":"SMITH"},{"data":"1","floor":66.0,"key":"LIFT"},{"data":"AT_KingSlayer","floor":74.0,"key":"SMITH"},{"data":"Shame","floor":83.0,"key":"PURGE"},{"data":"alterego_mod:HighServant","floor":93.0,"key":"PURGE"},{"data":"AT_OneInchPunch","floor":95.0,"key":"PURGE"},{"data":"maniac:Defend+1","floor":100.0,"key":"PURGE"},{"data":"Doubt","floor":108.0,"key":"PURGE"},{"data":"Injury","floor":110.0,"key":"PURGE"},{"data":"Injury","floor":115,"key":"PURGE"},{"data":"alterego_mod:Rip","floor":117,"key":"SMITH"},{"data":"Pummel+1","floor":134,"key":"PURGE"}],"circlet_count":4,"master_deck":["Demon Form+1","Wraith Form v2","Echo Form+1","DevaForm+1","maniac:TimeForm+1","maniac:BurnBlood+1","maniac:AbyssShackle","AT_OneInchPunch+1","AT_OneInchPunch","AT_OneInchPunch+1","Metamorphosis+1","AT_FamilyPortrait","Jack Of All Trades","AT_BreakingExtremeWeapon+1","Dark Shackles","Prostrate+1","alterego_mod:Mirror+1","alterego_mod:Palingenesis+5","CurseOfTheBell","AT_ManFootWork","maniac:WardAndDefend+1","Necronomicurse","alterego_mod:Mirror","alterego_mod:Venus+1","alterego_mod:1TonWallop+1","Reaper+1","alterego_mod:Santa+1","Secret Technique","Madness+1","Madness","Rage+1","alterego_mod:GIGAMILK+1","alterego_mod:Rip+1","HandOfGreed","Slice","maniac:ShelteringEdge","alterego_mod:BeGentle","alterego_mod:MagicResistance","Dual Wield","AT_KingSlayer+1","Buffer+1","AT_MachinaRedman","alterego_mod:Weigh+1","alterego_mod:Jiggle+1","Entrench","alterego_mod:TrashNCrash+1","alterego_mod:RidiculouslyBig","Buffer","alterego_mod:Valkyrie+1","maniac:UnseenTerror+1","Creative AI","DevaForm+1","AT_TearsDenial+1","Burst","DeceiveReality","maniac:ExpectedMoves","AT_StudyProgram","Omniscience","alterego_mod:Cycle","Madness+1","Core Surge+1","Phantasmal Killer","alterego_mod:Mirror+1","DevaForm+1","AT_EmpoweredMortalDraw+1","Normality","MasterReality"],"relics":["maniac:DamagedAnvil","maniac:BrokenHorn","ice","AT_ATBox","REME:ComplimentaryCards","Pocketwatch","AT_ArcaneBoots","MealTicket","Vajra","maniac:VisionEye","The Courier","Pen Nib","Pantograph","Smiling Mask","Matryoshka","StoneCalendar","Necronomicon","alterego_mod:FleetingLove","AT_MibuBalloonWealth","Oddly Smooth Stone","AT_SeraphEmbrace","Gremlin Horn","Incense Burner","MutagenicStrength","Membership Card","Girya","Centennial Puzzle","Blood Vial","Meat on the Bone","AT_BladeRuinedKing","War Paint","Black Star","ice","Odd Mushroom","Mango","Lee\u0027s Waffle","Bloody Idol","Bag of Preparation","TungstenRod","Juzu Bracelet","AT_RedNoBalance","PreservedInsect","maniac:SmartDetector","AT_GuinsooRageblade","Anchor","Calipers","Molten Egg 2","Red Mask","Circlet","Nloth\u0027s Gift","Peace Pipe","AT_LudenTempest","Lizard Tail","Sling","SlaversCollar","AT_SilvercatRing","Bird Faced Urn","Blue Candle","Sundial","Strawberry","AT_Kusabimaru","AT_ImmortalShieldbow","AT_BellowingDragoncrestRing","Letter Opener","AT_TrinityForce","ice","Golden Idol","Akabeko","Happy Flower","HornCleat","Thread and Needle","AT_TimeSand","AT_BellDemon","Ancient Tea Set","DollysMirror","Darkstone Periapt","Eternal Feather","Omamori","Pandora\u0027s Box","AT_SpeedBoots","Whetstone","AT_ChloranthyRing","AT_RedTearstoneRing","Lantern","AT_SunfireAegis","Boot","AT_MortalBlade","StrikeDummy","Potion Belt","Bottled Lightning","Ornamental Fan","ClockworkSouvenir","AT_EbonyIvory","AT_ArchangelStaff","White Beast Statue","Toxic Egg 2","Bag of Marbles","Toy Ornithopter","Mummified Hand","Bottled Tornado","Gambling Chip","Tiny Chest","AT_RedNoBalance","Tiny House","ice"],"acts_visited":["Exordium","TheCity","TheBeyond","Exordium","TheCity","TheBeyond","Exordium","TheCity","TheBeyond","Exordium"],"potions_floor_usage":[],"damage_taken":[{"damage":0.0,"enemies":"Small Slimes","floor":1.0,"turns":2.0},{"damage":14.0,"enemies":"Lagavulin","floor":7.0,"turns":3.0},{"damage":11.0,"enemies":"Jaw Worm","floor":12.0,"turns":2.0},{"damage":0.0,"enemies":"2 Louse","floor":13.0,"turns":2.0},{"damage":28.0,"enemies":"The Guardian","floor":16.0,"turns":8.0},{"damage":0.0,"enemies":"Spheric Guardian","floor":18.0,"turns":1.0},{"damage":5.0,"enemies":"2 Thieves","floor":19.0,"turns":2.0},{"damage":7.0,"enemies":"Centurion and Healer","floor":20.0,"turns":5.0},{"damage":6.0,"enemies":"Shelled Parasite and Fungi","floor":28.0,"turns":3.0},{"damage":59.0,"enemies":"Collector","floor":33.0,"turns":8.0},{"damage":28.0,"enemies":"3 Darklings","floor":35.0,"turns":6.0},{"damage":10.0,"enemies":"Orb Walker","floor":37.0,"turns":2.0},{"damage":9.0,"enemies":"Sphere and 2 Shapes","floor":39.0,"turns":3.0},{"damage":16.0,"enemies":"Nemesis","floor":41.0,"turns":6.0},{"damage":29.0,"enemies":"Maw","floor":48.0,"turns":5.0},{"damage":31.0,"enemies":"Time Eater","floor":50.0,"turns":6.0},{"damage":4.0,"enemies":"Jaw Worm","floor":52.0,"turns":1.0},{"damage":6.0,"enemies":"The Mushroom Lair","floor":53.0,"turns":1.0},{"damage":4.0,"enemies":"3 Sentries","floor":57.0,"turns":2.0},{"damage":0.0,"enemies":"Small Slimes","floor":61.0,"turns":1.0},{"damage":18.0,"enemies":"Gremlin Nob","floor":62.0,"turns":3.0},{"damage":0.0,"enemies":"Cultist","floor":63.0,"turns":1.0},{"damage":0.0,"enemies":"Slime Boss","floor":67.0,"turns":3.0},{"damage":0.0,"enemies":"Shell Parasite","floor":69.0,"turns":1.0},{"damage":5.0,"enemies":"Masked Bandits","floor":73.0,"turns":2.0},{"damage":0.0,"enemies":"Gremlin Leader","floor":77.0,"turns":2.0},{"damage":0.0,"enemies":"Slavers","floor":80.0,"turns":1.0},{"damage":3.0,"enemies":"Automaton","floor":84.0,"turns":4.0},{"damage":0.0,"enemies":"3 Shapes","floor":86.0,"turns":1.0},{"damage":0.0,"enemies":"2 Orb Walkers","floor":89.0,"turns":2.0},{"damage":0.0,"enemies":"Giant Head","floor":92.0,"turns":4.0},{"damage":0.0,"enemies":"Reptomancer","floor":94.0,"turns":1.0},{"damage":0.0,"enemies":"Giant Head","floor":96.0,"turns":2.0},{"damage":3.0,"enemies":"Reptomancer","floor":99.0,"turns":1.0},{"damage":0.0,"enemies":"Awakened One","floor":101.0,"turns":3.0},{"damage":0.0,"enemies":"Small Slimes","floor":103.0,"turns":1.0},{"damage":0.0,"enemies":"Cultist","floor":105.0,"turns":1.0},{"damage":0.0,"enemies":"The Mushroom Lair","floor":109.0,"turns":1.0},{"damage":0.0,"enemies":"3 Sentries","floor":111.0,"turns":1.0},{"damage":0.0,"enemies":"Lagavulin","floor":114.0,"turns":2.0},{"damage":0,"enemies":"Hexaghost","floor":118,"turns":4},{"damage":0,"enemies":"Chosen","floor":120,"turns":1},{"damage":0,"enemies":"Book of Stabbing","floor":125,"turns":1},{"damage":0,"enemies":"Gremlin Leader","floor":126,"turns":1},{"damage":0,"enemies":"Slavers","floor":128,"turns":1},{"damage":0,"enemies":"Spheric Guardian","floor":131,"turns":1},{"damage":0,"enemies":"Automaton","floor":135,"turns":1},{"damage":0,"enemies":"Orb Walker","floor":137,"turns":1},{"damage":0,"enemies":"Time Eater","floor":142,"turns":1}],"seed_played":"4820944491759506969","potions_obtained":[{"floor":7.0,"key":"LiquidMemories"},{"floor":12.0,"key":"Strength Potion"},{"floor":16.0,"key":"Regen Potion"},{"floor":19.0,"key":"ColorlessPotion"},{"floor":35.0,"key":"DistilledChaos"},{"floor":36.0,"key":"GamblersBrew"},{"floor":36.0,"key":"EntropicBrew"},{"floor":41.0,"key":"SteroidPotion"},{"floor":62.0,"key":"Energy Potion"},{"floor":89.0,"key":"SteroidPotion"}],"is_trial":true,"path_per_floor":["M","?","?","T","$","R","E","$","T","T","T","M","M","$","R","B",null,"M","M","M","?","?","R","T","?","T","R","M","$","?","?","R","B",null,"M","?","M","$","M","R","E","?","T","?","$","T","$","M","R","B",null,"M","?","$","?","?","E","?","R","T","M","E","M","$","?","R","B",null,"M","?","?","$","?","R","?","?","E","?","?","E","?","$","R","B",null,"M","?","$","?","?","$","E","R","E","R","E","?","$","E","R","B",null,"M","?","M","$","?","R","?","R","E","?","$","E","R","?","R","B",null,"M","?","$","?","?","E","E","?","E","?","?","M","?","?","R","B",null,"M","?","?","$","?","B",null],"character_chosen":"THE_MANIAC","items_purchased":["alterego_mod:Mirror","Pen Nib","Pantograph","Incense Burner","Membership Card","Girya","Reaper","Meat on the Bone","AT_BladeRuinedKing","Mango","HandOfGreed","Lee\u0027s Waffle","Juzu Bracelet","AT_SilverBalance","PreservedInsect","maniac:SmartDetector","AT_GuinsooRageblade","Calipers","Molten Egg 2","Peace Pipe","AT_LudenTempest","Lizard Tail","Sling","AT_SilvercatRing","Entrench","Bird Faced Urn","Blue Candle","Sundial","Strawberry","AT_ImmortalShieldbow","AT_BellowingDragoncrestRing","Letter Opener","alterego_mod:RidiculouslyBig","Akabeko","Happy Flower","HornCleat","Thread and Needle","AT_TimeSand","AT_BellDemon","Ancient Tea Set","DollysMirror","Darkstone Periapt","Eternal Feather","Omamori","AT_SpeedBoots","Whetstone","AT_ChloranthyRing","AT_RedTearstoneRing","Lantern","StrikeDummy","Potion Belt","Bottled Lightning","Ornamental Fan","ClockworkSouvenir","AT_EbonyIvory","AT_ArchangelStaff","White Beast Statue","Toxic Egg 2","Bag of Marbles","Toy Ornithopter","Mummified Hand","Bottled Tornado","Gambling Chip","Tiny Chest","AT_SilverBalance"],"campfire_rested":2,"item_purchase_floors":[5,14,14,29,38,38,38,45,45,54,54,54,64,64,64,64,64,72,72,82,82,82,82,88,88,88,88,88,88,91,98,98,98,106,106,106,106,113,113,113,113,113,113,113,122,122,122,122,122,140,140,140,140,140,140,140,140,140,140,140,140,140,140,140,140],"current_hp_per_floor":[80,80,64,64,64,64,50,65,65,65,65,54,54,69,80,52,80,80,75,68,52,52,52,52,52,52,52,46,61,61,61,61,26,80,71,71,61,76,67,67,51,41,41,41,56,56,71,44,68,49,80,76,72,101,101,101,101,101,101,101,101,101,101,101,101,101,77,101,101,101,101,101,101,101,101,101,101,101,101,101,101,101,101,101,101,101,101,108,108,108,108,108,108,108,108,108,108,108,108,108,108,108,108,108,108,108,108,108,108,108,108,108,108,108,108,108,108,108,108,108,108,108,108,108,108,108,108,108,108,108,108,108,108,108,108,108,108,108,120,120,120,97,125,125],"gold":225,"neow_bonus":"","is_daily":false,"chose_seed":false,"campfire_upgraded":8,"win_rate":0.0,"timestamp":1610875760,"path_taken":["M","?","?","?","?","R","E","$","T","?","?","?","?","$","R","BOSS","M","?","M","?","?","R","?","?","T","R","?","?","?","?","R","BOSS","M","?","M","$","?","R","E","?","T","?","?","?","$","?","R","BOSS","M","?","$","?","?","E","?","R","T","?","E","M","$","?","R","BOSS","M","?","?","$","?","R","?","?","E","?","?","E","?","$","R","BOSS","M","?","$","?","?","?","E","R","E","R","E","?","$","E","R","BOSS","M","?","M","$","?","R","?","R","E","?","$","E","R","?","R","BOSS","M","?","$","?","?","E","E","?","E","?","?","M","?","?","R","BOSS","M","?","?","$","?","BOSS"],"items_purchased_type":["Card","Relic","Relic","Relic","Relic","Relic","Card","Relic","Relic","Relic","Card","Relic","Relic","Relic","Relic","Relic","Relic","Relic","Relic","Relic","Relic","Relic","Relic","Relic","Card","Relic","Relic","Relic","Relic","Relic","Relic","Relic","Card","Relic","Relic","Relic","Relic","Relic","Relic","Relic","Relic","Relic","Relic","Relic","Relic","Relic","Relic","Relic","Relic","Relic","Relic","Relic","Relic","Relic","Relic","Relic","Relic","Relic","Relic","Relic","Relic","Relic","Relic","Relic","Relic"],"build_version":"2020-12-22","purchased_purges":1,"victory":false,"max_hp_per_floor":[80,80,80,80,80,80,80,80,80,80,80,80,80,80,80,80,80,80,80,80,80,80,80,80,80,80,80,80,80,80,80,80,80,80,80,80,80,80,80,80,80,80,80,80,80,80,80,80,80,80,80,80,80,101,101,101,101,101,101,101,101,101,101,101,101,101,101,101,101,101,101,101,101,101,101,101,101,101,101,101,101,101,101,101,101,101,101,108,108,108,108,108,108,108,108,108,108,108,108,108,108,108,108,108,108,108,108,108,108,108,108,108,108,108,108,108,108,108,108,108,108,108,108,108,108,108,108,108,108,108,108,108,108,108,108,108,108,108,120,120,120,120,125,125],"card_choices":[{"not_picked":["SashWhip","Dagger Throw"],"picked":"Prostrate","floor":1.0},{"not_picked":["Headbutt","Distraction","maniac:PanickyParry"],"picked":"SKIP","floor":7.0},{"not_picked":["maniac:DashForward","Predator","EmptyFist"],"picked":"SKIP","floor":12.0},{"not_picked":["AT_ThistleTea","Sweeping Beam","AT_WindFlip"],"picked":"SKIP","floor":13.0},{"not_picked":["Magnetism","maniac:UniversalPerception"],"picked":"alterego_mod:Palingenesis","floor":16.0},{"not_picked":["ForeignInfluence+1","Bane+1"],"picked":"AT_ManFootWork","floor":18.0},{"not_picked":["Distraction","EmptyMind"],"picked":"maniac:WardAndDefend+1","floor":19.0},{"not_picked":["maniac:FindAShortcut","alterego_mod:Pet","Shrug It Off"],"picked":"SKIP","floor":20.0},{"not_picked":["Self Repair","Intimidate"],"picked":"alterego_mod:Mirror","floor":28.0},{"not_picked":["Chrysalis","Reboot"],"picked":"alterego_mod:Venus","floor":33.0},{"not_picked":["alterego_mod:Complex","maniac:TorturousScreams+1"],"picked":"alterego_mod:1TonWallop","floor":35.0},{"not_picked":["Crescendo+1","Protect","maniac:WitnessTrueSorcery+1"],"picked":"SKIP","floor":37.0},{"not_picked":["Metamorphosis","Gash"],"picked":"alterego_mod:Santa+1","floor":39.0},{"not_picked":["Crescendo","alterego_mod:Complex"],"picked":"Secret Technique","floor":41.0},{"not_picked":["ThirdEye+1","FlyingSleeves"],"picked":"Rage+1","floor":48.0},{"not_picked":["AT_RightCognition","Violence"],"picked":"alterego_mod:GIGAMILK","floor":50.0},{"not_picked":["Go for the Eyes","alterego_mod:Lingerie","Doom and Gloom"],"picked":"SKIP","floor":52.0},{"not_picked":["Wild Strike","Warcry"],"picked":"alterego_mod:Rip","floor":53.0},{"not_picked":["AT_ChampionStep","Bandage Up"],"picked":"AT_KingSlayer","floor":57.0},{"not_picked":["maniac:BladeEnd","Flash of Steel"],"picked":"alterego_mod:HighServant","floor":61.0},{"not_picked":["EmptyBody","Burning Pact"],"picked":"Buffer","floor":62.0},{"not_picked":["Force Field","Perseverance","Thunderclap"],"picked":"SKIP","floor":63.0},{"not_picked":["Malaise","AT_WaterDrop"],"picked":"AT_MachinaRedman","floor":67.0},{"not_picked":["Force Field","Sword Boomerang","Nirvana"],"picked":"SKIP","floor":69.0},{"not_picked":["Doppelganger","The Bomb","alterego_mod:MagicResistance"],"picked":"SKIP","floor":77.0},{"not_picked":["Beam Cell+1","Aggregate","alterego_mod:Undulate"],"picked":"SKIP","floor":80.0},{"not_picked":["Seek","Alpha"],"picked":"alterego_mod:Weigh+1","floor":84.0},{"not_picked":["AT_MyraUnstableElement","Feel No Pain"],"picked":"alterego_mod:Jiggle+1","floor":86.0},{"not_picked":["PathToVictory+1","maniac:UniversalPerception","Blade Dance+1"],"picked":"SKIP","floor":92.0},{"not_picked":["Eviscerate+1","Pommel Strike+1","alterego_mod:Belle+1"],"picked":"SKIP","floor":94.0},{"not_picked":["Eviscerate+1","Pommel Strike+1"],"picked":"alterego_mod:Belle+1","floor":94.0},{"not_picked":["maniac:UndyingDesire","AT_BreakingExtremeWeapon"],"picked":"alterego_mod:TrashNCrash","floor":96.0},{"not_picked":["EmptyMind+1","maniac:BladesInCloak"],"picked":"Buffer","floor":99.0},{"not_picked":["maniac:UniversalPerception","Blasphemy"],"picked":"alterego_mod:Valkyrie+1","floor":101.0},{"not_picked":["Shrug It Off","ReachHeaven+1","Conserve Battery"],"picked":"SKIP","floor":103.0},{"not_picked":["maniac:SpectralFlash+1","Protect","Battle Trance"],"picked":"SKIP","floor":105.0},{"not_picked":["alterego_mod:Punishment","maniac:ArmToTheTeeth"],"picked":"maniac:UnseenTerror","floor":109.0},{"not_picked":["ThirdEye","Clothesline+1"],"picked":"Creative AI","floor":111.0},{"not_picked":["Poisoned Stab+1","Chrysalis"],"picked":"AT_TearsDenial","floor":114.0},{"not_picked":["Impervious","Core Surge+1"],"picked":"Burst","floor":118},{"not_picked":["Storm+1","AT_RobotInSpace+1"],"picked":"Madness+1","floor":120},{"not_picked":["maniac:UnseenTerror","Eviscerate+1"],"picked":"Core Surge+1","floor":125},{"not_picked":["Ghostly Armor","alterego_mod:Bounce+1"],"picked":"Phantasmal Killer","floor":126},{"not_picked":["alterego_mod:PresenceConcealment","Capacitor","Perfected Strike+1"],"picked":"SKIP","floor":128},{"not_picked":["Rebound+1","Footwork"],"picked":"alterego_mod:Mirror","floor":131},{"not_picked":["Juggernaut","Brilliance+1"],"picked":"DevaForm","floor":135},{"not_picked":["Genetic Algorithm+1","Coolheaded+1","Metallicize+1"],"picked":"SKIP","floor":137},{"not_picked":["Metamorphosis+1","LessonLearned+1"],"picked":"MasterReality","floor":142}],"player_experience":31838,"relics_obtained":[{"floor":4.0,"key":"AT_SpeedBoots"},{"floor":7.0,"key":"MealTicket"},{"floor":9.0,"key":"Vajra"},{"floor":10.0,"key":"maniac:VisionEye"},{"floor":11.0,"key":"The Courier"},{"floor":17.0,"key":"Smiling Mask"},{"floor":17.0,"key":"Matryoshka"},{"floor":17.0,"key":"StoneCalendar"},{"floor":21.0,"key":"Necronomicon"},{"floor":24.0,"key":"AT_MibuBalloonWealth"},{"floor":24.0,"key":"Oddly Smooth Stone"},{"floor":26.0,"key":"AT_ArchangelStaff"},{"floor":26.0,"key":"Gremlin Horn"},{"floor":41.0,"key":"Centennial Puzzle"},{"floor":43.0,"key":"Blood Vial"},{"floor":46.0,"key":"War Paint"},{"floor":53.0,"key":"Odd Mushroom"},{"floor":58.0,"key":"Bag of Preparation"},{"floor":60.0,"key":"TungstenRod"},{"floor":73.0,"key":"Red Mask"},{"floor":89.0,"key":"AT_Kusabimaru"},{"floor":109.0,"key":"Circlet"}],"event_choices":[{"damage_healed":0.0,"max_hp_gain":0.0,"max_hp_loss":0.0,"gold_gain":0.0,"event_name":"Living Wall","player_choice":"Grow","floor":2.0,"gold_loss":0.0,"damage_taken":0.0,"cards_upgraded":["DevaForm"]},{"damage_healed":0.0,"max_hp_gain":0.0,"max_hp_loss":0.0,"gold_gain":0.0,"event_name":"Shining Light","player_choice":"Entered Light","floor":3.0,"gold_loss":0.0,"damage_taken":16.0,"cards_upgraded":["Prostrate","AT_OneInchPunch"]},{"damage_healed":0.0,"max_hp_gain":0.0,"max_hp_loss":0.0,"gold_gain":0.0,"event_name":"Cursed Tome","player_choice":"Obtained Book","floor":21.0,"gold_loss":0.0,"damage_taken":16.0},{"damage_healed":0.0,"max_hp_gain":0.0,"max_hp_loss":0.0,"gold_gain":0.0,"event_name":"°®µÄÉñÊ¥»¨Ô°","player_choice":"Choice 1","floor":22.0,"gold_loss":0.0,"damage_taken":0.0,"relics_obtained":["alterego_mod:FleetingLove"]},{"damage_healed":0.0,"max_hp_gain":0.0,"max_hp_loss":0.0,"gold_gain":0.0,"event_name":"Upgrade Shrine","player_choice":"Upgraded","floor":25.0,"gold_loss":0.0,"damage_taken":0.0,"cards_upgraded":["alterego_mod:Palingenesis"]},{"damage_healed":0.0,"max_hp_gain":0.0,"max_hp_loss":0.0,"gold_gain":0.0,"event_name":"Drug Dealer","player_choice":"Inject Mutagens","floor":30.0,"gold_loss":0.0,"damage_taken":0.0,"relics_obtained":["MutagenicStrength"]},{"damage_healed":0.0,"max_hp_gain":0.0,"max_hp_loss":0.0,"gold_gain":0.0,"event_name":"Ghosts","player_choice":"Ignored","floor":31.0,"gold_loss":0.0,"damage_taken":0.0},{"damage_healed":0.0,"max_hp_gain":0.0,"max_hp_loss":0.0,"gold_gain":0.0,"event_name":"The Woman in Blue","player_choice":"Bought 2 Potions","floor":36.0,"gold_loss":0.0,"damage_taken":0.0},{"damage_healed":0.0,"max_hp_gain":0.0,"max_hp_loss":0.0,"gold_gain":0.0,"event_name":"Winding Halls","player_choice":"Embrace Madness","floor":42.0,"gold_loss":0.0,"damage_taken":10.0,"cards_obtained":["Madness","Madness"]},{"cards_removed":["maniac:Strike"],"damage_healed":0.0,"max_hp_gain":0.0,"max_hp_loss":0.0,"gold_gain":0.0,"event_name":"Falling","player_choice":"Removed Attack","floor":44.0,"gold_loss":0.0,"damage_taken":0.0},{"damage_healed":0.0,"max_hp_gain":0.0,"max_hp_loss":0.0,"gold_gain":0.0,"event_name":"Mushrooms","player_choice":"Fought Mushrooms","floor":53.0,"gold_loss":0.0,"damage_taken":0.0},{"damage_healed":0.0,"max_hp_gain":0.0,"max_hp_loss":0.0,"gold_gain":0.0,"event_name":"Golden Idol","player_choice":"Take Wound","floor":55.0,"gold_loss":0.0,"damage_taken":0.0,"relics_obtained":["Golden Idol"],"cards_obtained":["Injury"]},{"damage_healed":0.0,"max_hp_gain":0.0,"max_hp_loss":0.0,"gold_gain":0.0,"event_name":"Wheel of Change","player_choice":"Relic","floor":58.0,"gold_loss":0.0,"damage_taken":0.0},{"damage_healed":25.0,"max_hp_gain":0.0,"max_hp_loss":0.0,"gold_gain":0.0,"event_name":"The Cleric","player_choice":"Healed","floor":65.0,"gold_loss":35.0,"damage_taken":0.0},{"damage_healed":0.0,"max_hp_gain":0.0,"max_hp_loss":0.0,"gold_gain":0.0,"event_name":"Beggar","player_choice":"Ignored","floor":70.0,"gold_loss":0.0,"damage_taken":0.0},{"damage_healed":0.0,"max_hp_gain":0.0,"max_hp_loss":0.0,"gold_gain":0.0,"event_name":"Addict","player_choice":"Stole Relic","floor":71.0,"gold_loss":0.0,"damage_taken":0.0,"relics_obtained":["Anchor"],"cards_obtained":["Shame"]},{"damage_healed":0.0,"max_hp_gain":0.0,"max_hp_loss":0.0,"gold_gain":0.0,"event_name":"Masked Bandits","player_choice":"Fought Bandits","floor":73.0,"gold_loss":0.0,"damage_taken":0.0},{"damage_healed":0.0,"max_hp_gain":0.0,"max_hp_loss":0.0,"gold_gain":0.0,"event_name":"Drug Dealer","player_choice":"Inject Mutagens","floor":75.0,"gold_loss":0.0,"damage_taken":0.0,"relics_obtained":["Circlet"]},{"damage_healed":0.0,"max_hp_gain":0.0,"max_hp_loss":0.0,"gold_gain":0.0,"event_name":"Forgotten Altar","player_choice":"Gave Idol","floor":76.0,"relics_lost":["Golden Idol"],"gold_loss":0.0,"damage_taken":0.0,"relics_obtained":["Bloody Idol"]},{"damage_healed":0.0,"max_hp_gain":0.0,"max_hp_loss":0.0,"gold_gain":99.0,"event_name":"Nest","player_choice":"Stole From Cult","floor":78.0,"gold_loss":0.0,"damage_taken":0.0},{"damage_healed":0.0,"max_hp_gain":0.0,"max_hp_loss":0.0,"gold_gain":0.0,"event_name":"Back to Basics","player_choice":"Simplicity","floor":79.0,"gold_loss":0.0,"damage_taken":0.0,"cards_upgraded":["maniac:Strike","maniac:Strike","maniac:Strike","maniac:Strike","maniac:Defend","maniac:Defend","maniac:Defend","maniac:Defend"]},{"damage_healed":0.0,"max_hp_gain":0.0,"max_hp_loss":0.0,"gold_gain":0.0,"event_name":"N\u0027loth","player_choice":"Traded Relic","floor":81.0,"relics_lost":["Calling Bell"],"gold_loss":0.0,"damage_taken":0.0,"relics_obtained":["Nloth\u0027s Gift"]},{"damage_healed":0.0,"max_hp_gain":0.0,"max_hp_loss":0.0,"gold_gain":222.0,"event_name":"Tomb of Lord Red Mask","player_choice":"Wore Mask","floor":87.0,"gold_loss":0.0,"damage_taken":0.0},{"damage_healed":0.0,"max_hp_gain":0.0,"max_hp_loss":0.0,"gold_gain":0.0,"event_name":"Mysterious Sphere","player_choice":"Fight","floor":89.0,"gold_loss":0.0,"damage_taken":0.0},{"cards_removed":["maniac:Strike"],"damage_healed":0.0,"max_hp_gain":0.0,"max_hp_loss":0.0,"gold_gain":0.0,"event_name":"Falling","player_choice":"Removed Attack","floor":90.0,"gold_loss":0.0,"damage_taken":0.0},{"damage_healed":0.0,"max_hp_gain":0.0,"max_hp_loss":0.0,"gold_gain":0.0,"event_name":"The Woman in Blue","player_choice":"Bought 0 Potions","floor":97.0,"gold_loss":0.0,"damage_taken":0.0},{"damage_healed":0.0,"max_hp_gain":0.0,"max_hp_loss":0.0,"gold_gain":0.0,"event_name":"Golden Idol","player_choice":"Take Wound","floor":104.0,"gold_loss":0.0,"damage_taken":0.0,"relics_obtained":["Golden Idol"],"cards_obtained":["Injury"]},{"damage_healed":0.0,"max_hp_gain":0.0,"max_hp_loss":0.0,"gold_gain":175.0,"event_name":"Liars Game","player_choice":"AGREE","floor":107.0,"gold_loss":0.0,"damage_taken":0.0,"cards_obtained":["Doubt"]},{"damage_healed":0.0,"max_hp_gain":0.0,"max_hp_loss":0.0,"gold_gain":0.0,"event_name":"Mushrooms","player_choice":"Fought Mushrooms","floor":109.0,"gold_loss":0.0,"damage_taken":0.0},{"damage_healed":0.0,"max_hp_gain":0.0,"max_hp_loss":0.0,"gold_gain":54.0,"event_name":"Golden Wing","player_choice":"Gained Gold","floor":112.0,"gold_loss":0.0,"damage_taken":0.0},{"damage_healed":0,"gold_gain":0,"player_choice":"Grow","damage_taken":0,"max_hp_gain":0,"max_hp_loss":0,"event_name":"Living Wall","floor":116,"gold_loss":0,"cards_upgraded":["alterego_mod:1TonWallop"]},{"damage_healed":0,"gold_gain":0,"player_choice":"Inject Mutagens","damage_taken":0,"relics_obtained":["Circlet"],"max_hp_gain":0,"max_hp_loss":0,"event_name":"Drug Dealer","floor":121,"gold_loss":0},{"cards_removed":["AT_OneInchPunch"],"damage_healed":0,"gold_gain":0,"player_choice":"Elegance","damage_taken":0,"max_hp_gain":0,"max_hp_loss":0,"event_name":"Back to Basics","floor":123,"gold_loss":0},{"damage_healed":0,"gold_gain":0,"player_choice":"Stole Relic","damage_taken":0,"relics_obtained":["AT_SunfireAegis"],"max_hp_gain":0,"max_hp_loss":0,"event_name":"Addict","floor":124,"gold_loss":0,"cards_obtained":["Shame"]},{"damage_healed":0,"gold_gain":0,"player_choice":"Read","damage_taken":0,"max_hp_gain":0,"max_hp_loss":0,"event_name":"The Library","floor":127,"gold_loss":0,"cards_obtained":["alterego_mod:Jiggle"]},{"damage_healed":0,"gold_gain":0,"player_choice":"Bet on Murderer","damage_taken":0,"max_hp_gain":0,"max_hp_loss":0,"event_name":"The Joust","floor":129,"gold_loss":50},{"damage_healed":0,"gold_gain":0,"player_choice":"Gave Idol","damage_taken":0,"relics_obtained":["Circlet"],"max_hp_gain":0,"max_hp_loss":0,"event_name":"Forgotten Altar","floor":130,"relics_lost":["Golden Idol"],"gold_loss":0},{"cards_removed":["alterego_mod:Jiggle"],"damage_healed":0,"gold_gain":0,"player_choice":"Gave Gold","damage_taken":0,"max_hp_gain":0,"max_hp_loss":0,"event_name":"Beggar","floor":132,"gold_loss":75},{"damage_healed":0,"gold_gain":0,"player_choice":"Opened","damage_taken":0,"relics_obtained":["Boot"],"max_hp_gain":0,"max_hp_loss":0,"event_name":"The Mausoleum","floor":133,"gold_loss":0},{"damage_healed":27,"gold_gain":0,"player_choice":"Writhe","damage_taken":0,"max_hp_gain":0,"max_hp_loss":0,"event_name":"Winding Halls","floor":138,"gold_loss":0,"cards_obtained":["Writhe"]},{"damage_healed":0,"gold_gain":999,"player_choice":"Gold","damage_taken":0,"max_hp_gain":0,"max_hp_loss":0,"event_name":"MindBloom","floor":139,"gold_loss":0,"cards_obtained":["Normality","Normality"]},{"damage_healed":0,"gold_gain":0,"player_choice":"Took Portal","damage_taken":0,"max_hp_gain":0,"max_hp_loss":0,"event_name":"SecretPortal","floor":141,"gold_loss":0}],"is_beta":false,"boss_relics":[{"not_picked":["Coffee Dripper","maniac:EnchantedAnvil"],"picked":"Calling Bell"},{"not_picked":["Pandora\u0027s Box","Velvet Choker","Fusion Hammer"]},{"not_picked":["Runic Dome","Runic Pyramid"],"picked":"Black Star"},{"not_picked":["Sozu","Runic Dome","Velvet Choker"]},{"not_picked":["Fusion Hammer","Snecko Eye"],"picked":"SlaversCollar"},{"not_picked":["Busted Crown","Astrolabe"],"picked":"AT_TrinityForce"},{"not_picked":["Coffee Dripper","Astrolabe"],"picked":"Pandora\u0027s Box"},{"not_picked":["Velvet Choker","Runic Dome"],"picked":"AT_MortalBlade"},{"not_picked":["Busted Crown","Philosopher\u0027s Stone"],"picked":"Tiny House"}],"items_purged_floors":[140],"is_endless":true,"potions_floor_spawned":[7,12,16,19,35,39,41,52,57,62,63,77,80,89,101,111,120,135,137,142],"ascension_level":0}}