{"host":"ij6v9c62x5hkpuac","time":1610866225,"event":{"mods":["BaseMod","BetterRewards","Minty Spire (QoL Compilation)","Permanent Neow","Prisma Mod","Shop Mod","StSLib","Td1madao Mod","The Animator","The Servant 0.9.4","Yuri Mod"],"gold_per_floor":[365,540,553,245,263,303,303,347,347,347,9,31,51,85,85,195,195,219,318,318,51,75,75,93,93,93,119,44,44,64,107,107,213,213,232,254,272,272,272,272,272,306,306,306,316,255,273,301,301,301,301],"floor_reached":50,"language":"ENG","playtime":2360,"items_purged":["Regret","Doubt"],"score":1132,"play_id":"71216533-f805-48af-9b6f-617191ca6a54","local_time":"20210117145025","is_ascension_mode":true,"campfire_choices":[{"data":"Barrier","floor":15,"key":"SMITH"},{"data":"SoulSculpture","floor":23,"key":"SMITH"},{"data":"Gouge","floor":25,"key":"SMITH"},{"data":"Manipulate","floor":29,"key":"SMITH"},{"data":"BottledTime","floor":32,"key":"SMITH"},{"data":"MurderousAura","floor":40,"key":"SMITH"},{"data":"Dark Shackles","floor":44,"key":"SMITH"},{"floor":49,"key":"RECALL"}],"circlet_count":0,"master_deck":["AscendersBane","Strike_S","Defend_S","Defend_S","Defend_S+1","Defend_S","KidneyShot","Exchange","Manipulate+1","Gouge+1","Desolation","Defy","Sabotage","Barrier+1","Desolation","SoulSculpture+1","Advance","BottledTime+1","Dark Shackles+1","Gouge+1","TimeWarp","Dilation","MurderousAura+1","BottledTime+1","Gouge","Gouge","Sabotage","Rearm","RealityMarble","Advance"],"relics":["Uniform","Chemical X","CeramicFish","RomanBracelet","Question Card","Pantograph","Anchor","Sozu","Pan","Art of War","Torii","SacredBark","Potion Belt","Juzu Bracelet"],"acts_visited":["Exordium","TheCity","TheBeyond"],"potions_floor_usage":[],"damage_taken":[{"damage":9,"enemies":"Jaw Worm","floor":1,"turns":5},{"damage":2,"enemies":"Small Slimes","floor":3,"turns":6},{"damage":0,"enemies":"Cultist","floor":5,"turns":3},{"damage":6,"enemies":"Gremlin Nob","floor":6,"turns":3},{"damage":0,"enemies":"Lagavulin","floor":8,"turns":4},{"damage":0,"enemies":"Blue Slaver","floor":12,"turns":2},{"damage":0,"enemies":"2 Fungi Beasts","floor":13,"turns":3},{"damage":18,"enemies":"Gremlin Nob","floor":14,"turns":3},{"damage":0,"enemies":"Hexaghost","floor":16,"turns":7},{"damage":0,"enemies":"3 Byrds","floor":18,"turns":4},{"damage":0,"enemies":"Shell Parasite","floor":22,"turns":2},{"damage":0,"enemies":"Slavers","floor":27,"turns":3},{"damage":0,"enemies":"Snake Plant","floor":30,"turns":2},{"damage":0,"enemies":"Book of Stabbing","floor":31,"turns":3},{"damage":14,"enemies":"Champ","floor":33,"turns":12},{"damage":0,"enemies":"Orb Walker","floor":35,"turns":2},{"damage":16,"enemies":"3 Darklings","floor":36,"turns":9},{"damage":0,"enemies":"4 Shapes","floor":37,"turns":4},{"damage":23,"enemies":"Reptomancer","floor":42,"turns":3},{"damage":0,"enemies":"Jaw Worm Horde","floor":45,"turns":4},{"damage":2,"enemies":"Transient","floor":48,"turns":5},{"damage":52,"enemies":"Awakened One","floor":50,"turns":6}],"seed_played":"-4069732076455451428","potions_obtained":[{"floor":5,"key":"LiquidBronze"},{"floor":13,"key":"LiquidBronze"},{"floor":14,"key":"FearPotion"}],"is_trial":false,"path_per_floor":["M","?","M","$","M","E","?","E","T","?","$","M","M","E","R","B",null,"M","?","?","$","M","R","?","R","T","E","?","R","M","E","R","B",null,"M","M","M","?","?","R","?","E","T","R","M","$","?","M","R","B"],"character_chosen":"THE_SERVANT","items_purchased":["Chemical X","Gouge","Pantograph","Pan","BottledTime","Dark Shackles","Sabotage"],"campfire_rested":0,"item_purchase_floors":[4,4,11,21,21,21,46],"current_hp_per_floor":[50,50,48,48,48,42,29,29,29,50,50,50,50,32,32,57,63,63,63,63,63,63,63,63,63,63,63,63,63,63,63,63,51,62,62,46,46,46,46,46,46,23,23,23,23,23,23,21,21,0,0],"gold":301,"neow_bonus":"TWO_FIFTY_GOLD","is_daily":false,"chose_seed":false,"campfire_upgraded":7,"win_rate":0.0,"timestamp":1610866225,"path_taken":["M","?","M","$","M","E","?","E","T","?","$","M","M","E","R","BOSS","M","?","?","$","M","R","?","R","T","E","?","R","?","E","R","BOSS","M","?","M","?","?","R","?","E","T","R","M","$","?","M","R","BOSS"],"items_purchased_type":["Relic","Card","Relic","Relic","Card","Card","Card"],"build_version":"2020-12-22","purchased_purges":2,"victory":false,"max_hp_per_floor":[65,65,65,65,65,65,65,65,65,65,65,65,65,65,65,65,65,65,65,65,65,65,65,65,65,65,65,65,65,65,65,65,65,65,65,65,65,65,65,65,65,65,65,65,65,65,65,65,65,65,65],"card_choices":[{"not_picked":["Rearm","StarChef"],"picked":"Manipulate","floor":1},{"not_picked":["ShatteredReality","Desolation","Revamp"],"picked":"SKIP","floor":3},{"not_picked":["BottledTime","Unruled"],"picked":"Desolation","floor":5},{"not_picked":["Orbit","Potential"],"picked":"Defy","floor":6},{"not_picked":["TimeWarp","Collapse"],"picked":"Sabotage","floor":8},{"not_picked":["Revamp","Unruled","TimeWarp"],"picked":"BottledTime","floor":12},{"not_picked":["FastForward","DancingSilver","PendulumOfEternity"],"picked":"Barrier","floor":13},{"not_picked":["Ricochet","Advance","ShatteredReality"],"picked":"Desolation","floor":14},{"not_picked":["ForgedInTime","PendulumOfEternity","TrueSight"],"picked":"SoulSculpture","floor":16},{"not_picked":["Defy","FastForward","Foresight"],"picked":"Advance","floor":18},{"not_picked":["Starlight","MoonPhase","FanOfKnives"],"picked":"Gouge","floor":22},{"not_picked":["DoubleEdge","InstantArmor","DualDimension","Spin"],"picked":"SKIP","floor":27},{"not_picked":["Spin","SilverMatrix","Unruled","Starlight+1"],"picked":"SKIP","floor":30},{"not_picked":["SpecialFormula","Defy","ShatteredReality+1"],"picked":"Dilation","floor":31},{"not_picked":["KillingDoll","TrueSight","LightFlow"],"picked":"MurderousAura","floor":33},{"not_picked":["Moonlight","Unruled","Potential"],"picked":"BottledTime+1","floor":35},{"not_picked":["BottledTime","Replace+1","Potential"],"picked":"Gouge","floor":36},{"not_picked":["Rearm","Revamp+1","Foresight","ShatteredReality+1"],"picked":"SKIP","floor":37},{"not_picked":["Replace","Sabotage","TimeWarp"],"picked":"Gouge","floor":42},{"not_picked":["Spin","GearUp+1","Shuttle+1","Moonlight+1"],"picked":"SKIP","floor":45},{"not_picked":["Rearm","Ricochet","Advance","Starlight"],"picked":"SKIP","floor":48},{"not_picked":["Rearm","Ricochet","Starlight"],"picked":"Advance","floor":48}],"player_experience":671971,"relics_obtained":[{"floor":6,"key":"CeramicFish"},{"floor":8,"key":"RomanBracelet"},{"floor":9,"key":"Question Card"},{"floor":14,"key":"Anchor"},{"floor":27,"key":"Art of War"},{"floor":31,"key":"Torii"},{"floor":42,"key":"Potion Belt"},{"floor":43,"key":"Juzu Bracelet"}],"event_choices":[{"damage_healed":0,"gold_gain":175,"player_choice":"AGREE","damage_taken":0,"max_hp_gain":0,"max_hp_loss":0,"event_name":"Liars Game","floor":2,"gold_loss":0,"cards_obtained":["Doubt"]},{"damage_healed":0,"gold_gain":0,"player_choice":"Entered Light","damage_taken":13,"max_hp_gain":0,"max_hp_loss":0,"event_name":"Shining Light","floor":7,"gold_loss":0,"cards_upgraded":["Defend_S","Gouge"]},{"damage_healed":21,"gold_gain":0,"player_choice":"Banana","damage_taken":0,"max_hp_gain":0,"max_hp_loss":0,"event_name":"Big Fish","floor":10,"gold_loss":0},{"damage_healed":0,"gold_gain":99,"player_choice":"Stole From Cult","damage_taken":0,"max_hp_gain":0,"max_hp_loss":0,"event_name":"Nest","floor":19,"gold_loss":0},{"cards_removed":["Strike_S"],"damage_healed":0,"gold_gain":0,"player_choice":"Elegance","damage_taken":0,"max_hp_gain":0,"max_hp_loss":0,"event_name":"Back to Basics","floor":20,"gold_loss":0},{"damage_healed":0,"gold_gain":0,"cards_transformed":["Strike_S","Strike_S"],"player_choice":"Became Test Subject","damage_taken":0,"max_hp_gain":0,"max_hp_loss":0,"event_name":"Drug Dealer","floor":24,"gold_loss":0,"cards_obtained":["Collapse","TimeWarp"]},{"cards_removed":["Collapse"],"damage_healed":0,"gold_gain":0,"player_choice":"Gave Gold","damage_taken":0,"max_hp_gain":0,"max_hp_loss":0,"event_name":"Beggar","floor":28,"gold_loss":75},{"cards_removed":["BottledTime"],"damage_healed":0,"gold_gain":0,"player_choice":"Removed Skill","damage_taken":0,"max_hp_gain":0,"max_hp_loss":0,"event_name":"Falling","floor":38,"gold_loss":0},{"damage_healed":0,"gold_gain":0,"player_choice":"Ignored","damage_taken":0,"max_hp_gain":0,"max_hp_loss":0,"event_name":"Tomb of Lord Red Mask","floor":39,"gold_loss":0},{"damage_healed":0,"gold_gain":0,"player_choice":"Memory 1","damage_taken":0,"max_hp_gain":0,"max_hp_loss":0,"event_name":"SensoryStone","floor":41,"gold_loss":0},{"damage_healed":0,"gold_gain":0,"player_choice":"2 cards matched","damage_taken":0,"max_hp_gain":0,"max_hp_loss":0,"event_name":"Match and Keep!","floor":47,"gold_loss":0,"cards_obtained":["Rearm","RealityMarble"]}],"is_beta":false,"boss_relics":[{"not_picked":["Black Star","SplendidAttire"],"picked":"Sozu"},{"not_picked":["Fusion Hammer","MysterySword"],"picked":"SacredBark"}],"items_purged_floors":[4,11],"is_endless":false,"potions_floor_spawned":[5,13,14,16,22,35,37,42,48],"killed_by":"Awakened One","ascension_level":12}}