{"host":"kvxcn6q9iznza62e","time":1610901443,"event":{"mods":["100% Spire Juice","2.2 Compatiblity","Act Like it!","Aspiration","BaseMod","Beaked The Cultist","Better Altar","Better Match","Better Note","Better Sensory Stone","Better Skull","Better Third Choice","BetterRewards","Block Reminder","Colored Map","Colored Powertips","Defective Defect","Dota2Spire","Energized Spire","Fox Events","Friendly Minions","GifTheSpireLib","Gold Saver","Gremlin Mod","GungeonMod","Hallownest","Hubris","Lobotomy","LobotomyExtend","Mimic Mod","Minty Spire (QoL Compilation)","Poor People Problems","Quick Restart","Rare Cards Sparkle","Relic Stats","Reorder Act Four","Replay The Spire","Reworked Bosses","Robot Space Explorer","Shade Mod","Spicy Shops","StSLib","Stuff the Spire","The Animator","The Blue Laboratory","The Bug Knight","The Cursed","The Factory","The Jungle","The Necromancer","The Sage","TheHeartMod","Uncapped","Unceasing Turn Reminder","Useless Jewels Mod","Wandering Minibosses","[GremlinLeader]The Maniac","[IsaacMod]????","egg","vexMod","??????REMEMod"],"gold_per_floor":[915,933,632,632,459,459,459,472,496,507,507,520,394,409,409,421,421,446,446,446,446,446,446,446],"floor_reached":12,"language":"ENG","playtime":1737,"items_purged":["Regret"],"score":109,"play_id":"04f941f8-2a67-4fa3-8339-0701b2101a87","local_time":"20210117163723","is_ascension_mode":false,"campfire_choices":[{"floor":6,"key":"RECALL"},{"data":"REME_FirmDetermination","floor":6,"key":"SMITH"},{"data":"RobotSpaceExplorer:PowerCollector","floor":10,"key":"SMITH"}],"circlet_count":0,"master_deck":["RobotSpaceExplorer:Strike","RobotSpaceExplorer:Strike","RobotSpaceExplorer:Strike","RobotSpaceExplorer:Strike","RobotSpaceExplorer:Defend","RobotSpaceExplorer:Defend","RobotSpaceExplorer:Defend","RobotSpaceExplorer:Defend","RobotSpaceExplorer:Scan","RobotSpaceExplorer:MiniLasers","REME_FirmDetermination+1","LaLuna","RobotSpaceExplorer:Probe","BlackSwan","RobotSpaceExplorer:MiniDrones","RobotSpaceExplorer:PowerCollector+1","hubris:Compulsion","RobotSpaceExplorer:PowerGlove","RobotSpaceExplorer:FreezingShield+1","RobotSpaceExplorer:Counterblock+1","RobotSpaceExplorer:Calculate","Murderer","SingingMachine","RobotSpaceExplorer:MiniBoosters","RobotSpaceExplorer:FreezeRay","Writhe","RobotSpaceExplorer:LuckyStrike","RobotSpaceExplorer:ScrapMissile+1","RobotSpaceExplorer:PowerCollector","Decay","Yin","RobotSpaceExplorer:StarDust"],"relics":["RobotSpaceExplorer:RoboCore","HushsDoor","REME_ComplimentaryCards","SteamSale","CogitoBucket","DemoMod:GlassGuonStoneRelic","Dota2Spire:EtherealBlade","ReplayTheSpireMod:CursedCoin","Replay:Multitool","WingedGreaves","DemoMod:ClearGuonStone","DemoMod:GnawedKey","DemoMod:WhiteGuonStone","LaetitiaHeart","LetterFromLob","Lee\u0027s Waffle","Membership Card","vexMod:FocusSash","RobotSpaceExplorer:ClockworkSextant","sagemod:Singing_Vial","FleshIdol","Replay:Rubber Ducky","Pantograph"],"acts_visited":["Exordium"],"potions_floor_usage":[3,7],"damage_taken":[{"damage":12,"enemies":"Jaw Worm","floor":1,"turns":8},{"damage":0,"enemies":"Small Slimes","floor":2,"turns":3},{"damage":0,"enemies":"Cultist","floor":8,"turns":2},{"damage":3,"enemies":"Looter","floor":10,"turns":4},{"damage":3,"enemies":"2 Fungi Beasts","floor":12,"turns":3},{"damage":2,"enemies":"Jaw Worm","floor":1,"turns":4},{"damage":0,"enemies":"2 Louse","floor":3,"turns":4},{"damage":0,"enemies":"Small Slimes","floor":5,"turns":3},{"damage":0,"enemies":"Gremlin Nob","floor":7,"turns":5},{"damage":0,"enemies":"Lagavulin","floor":12,"turns":4}],"seed_played":"2296102034751547222","potions_obtained":[{"floor":10,"key":"Dota2Spire:HealingSalve"},{"floor":7,"key":"RobotSpaceExplorer:RecyclePotion"}],"is_trial":false,"path_per_floor":["M","M","$","?","$","R","?","M","T","M","R","M","M","$","M","?","M","R","E","PTL","PTL","R","T","E"],"character_chosen":"RobotSpaceExplorer","items_purchased":["RobotSpaceExplorer:PowerCollector","Dota2Spire:EtherealBlade","ReplayTheSpireMod:CursedCoin","Replay:Multitool","WingedGreaves","DemoMod:ClearGuonStone","DemoMod:GnawedKey","RobotSpaceExplorer:PowerGlove","RobotSpaceExplorer:FreezingShield+1","RobotSpaceExplorer:FreezeRay","Lee\u0027s Waffle","Membership Card","vexMod:FocusSash","RobotSpaceExplorer:ClockworkSextant","sagemod:Singing_Vial","RobotSpaceExplorer:LuckyStrike","RobotSpaceExplorer:ScrapMissile+1"],"campfire_rested":0,"item_purchase_floors":[3,3,3,3,3,5,5,5,5,2,2,2,2,2,2,2,2],"current_hp_per_floor":[63,63,63,63,63,63,63,63,63,60,75,73,82,82,82,82,82,82,82,82,82,82,0,0],"gold":446,"neow_bonus":"","is_daily":false,"chose_seed":false,"campfire_upgraded":2,"win_rate":0.0,"timestamp":1610901443,"path_taken":["M","M","$","?","$","R","?","?","T","M","R","M","M","$","M","?","M","R","E","PTL","PTL","R","T","E"],"items_purchased_type":["Card","Relic","Relic","Relic","Relic","Relic","Relic","Card","Card","Card","Relic","Relic","Relic","Relic","Relic","Card","Card"],"build_version":"2020-12-22","purchased_purges":1,"victory":false,"max_hp_per_floor":[75,75,75,75,75,75,75,75,75,75,75,75,82,82,82,82,82,82,82,82,82,82,82,82],"relic_stats":{"Lee\u0027s Waffle":9,"counters":[11,41],"Pantograph":0,"obtain_stats":[{"RobotSpaceExplorer:ClockworkSextant":2,"FleshIdol":3,"DemoMod:GlassGuonStoneRelic":2,"Replay:Multitool":3,"Dota2Spire:EtherealBlade":3,"DemoMod:WhiteGuonStone":7,"Replay:Rubber Ducky":7,"Yang_Lob":7,"CogitoBucket":0,"LaetitiaHeart":12,"Pantograph":11,"WingedGreaves":3,"DemoMod:GnawedKey":5,"DemoMod:ClearGuonStone":5,"KeepersGift":0,"Lee\u0027s Waffle":2,"ReplayTheSpireMod:CursedCoin":3,"RobotSpaceExplorer:RoboCore":0,"vexMod:FocusSash":2,"SteamSale":0,"sagemod:Singing_Vial":2,"LetterFromLob":1,"Membership Card":2,"HushsDoor":0,"REME_ComplimentaryCards":0},{"RobotSpaceExplorer:ClockworkSextant":6,"FleshIdol":8,"DemoMod:GlassGuonStoneRelic":2,"Replay:Multitool":2,"Dota2Spire:EtherealBlade":2,"DemoMod:WhiteGuonStone":2,"Replay:Rubber Ducky":10,"Yang_Lob":10,"CogitoBucket":0,"LaetitiaHeart":4,"Pantograph":10,"WingedGreaves":2,"DemoMod:GnawedKey":2,"DemoMod:ClearGuonStone":2,"KeepersGift":0,"Lee\u0027s Waffle":6,"ReplayTheSpireMod:CursedCoin":2,"RobotSpaceExplorer:RoboCore":0,"vexMod:FocusSash":6,"SteamSale":0,"sagemod:Singing_Vial":6,"LetterFromLob":1,"Membership Card":6,"HushsDoor":0,"REME_ComplimentaryCards":0},{"RobotSpaceExplorer:ClockworkSextant":24,"FleshIdol":29,"DemoMod:GlassGuonStoneRelic":11,"Replay:Multitool":11,"Dota2Spire:EtherealBlade":11,"DemoMod:WhiteGuonStone":11,"Replay:Rubber Ducky":37,"Yang_Lob":37,"CogitoBucket":0,"LaetitiaHeart":17,"Pantograph":37,"WingedGreaves":11,"DemoMod:GnawedKey":11,"DemoMod:ClearGuonStone":11,"KeepersGift":0,"Lee\u0027s Waffle":24,"ReplayTheSpireMod:CursedCoin":11,"RobotSpaceExplorer:RoboCore":0,"vexMod:FocusSash":24,"SteamSale":0,"sagemod:Singing_Vial":24,"LetterFromLob":8,"Membership Card":24,"HushsDoor":0,"REME_ComplimentaryCards":0}]},"card_choices":[{"not_picked":["HeroicMonk","BigBird"],"picked":"LaLuna","floor":1},{"not_picked":["RobotSpaceExplorer:SurgingStrike","RobotSpaceExplorer:MetalStrike"],"picked":"RobotSpaceExplorer:Probe","floor":1},{"not_picked":["Yin","CherryBlossoms"],"picked":"BlackSwan","floor":2},{"not_picked":["RobotSpaceExplorer:Jetpack","RobotSpaceExplorer:Ammunition"],"picked":"RobotSpaceExplorer:MiniDrones","floor":2},{"not_picked":["RobotSpaceExplorer:FranticSearch","Bomb"],"picked":"RobotSpaceExplorer:Counterblock","floor":8},{"not_picked":["RobotSpaceExplorer:IronShell","RobotSpaceExplorer:ShockKick"],"picked":"RobotSpaceExplorer:Calculate","floor":10},{"not_picked":["Wellcheers","CrumblingArmor"],"picked":"Murderer","floor":10},{"not_picked":["VoidDream","FairyFestival"],"picked":"SingingMachine","floor":1},{"not_picked":["RobotSpaceExplorer:Probe","RobotSpaceExplorer:StunGrenade"],"picked":"RobotSpaceExplorer:MiniBoosters","floor":1},{"not_picked":["RobotSpaceExplorer:Calculate","RobotSpaceExplorer:Ammunition"],"picked":"RobotSpaceExplorer:PowerCollector","floor":3},{"not_picked":["CrumblingArmor","SpiderBud","PunishingBird"],"picked":"Singing Bowl","floor":3},{"not_picked":["Scorched","CrumblingArmor"],"picked":"Yin","floor":5},{"not_picked":["RobotSpaceExplorer:JunkDive","RobotSpaceExplorer:SwiftStep"],"picked":"RobotSpaceExplorer:StarDust","floor":5},{"not_picked":["RobotSpaceExplorer:GlueShot","RobotSpaceExplorer:DoubleBlock","RobotSpaceExplorer:GearShield"],"picked":"Singing Bowl","floor":7}],"player_experience":92863,"relics_obtained":[{"floor":1,"key":"LetterFromLob"},{"floor":1,"key":"LetterFromLob"},{"floor":7,"key":"Replay:Rubber Ducky"},{"floor":11,"key":"Pantograph"}],"event_choices":[{"damage_healed":0,"gold_gain":0,"player_choice":"Ignored","damage_taken":632,"max_hp_gain":0,"max_hp_loss":0,"event_name":"betterThird:BetterSerpent","floor":4,"gold_loss":0},{"damage_healed":0,"gold_gain":0,"player_choice":"Box","damage_taken":0,"relics_obtained":["DemoMod:WhiteGuonStone"],"max_hp_gain":0,"max_hp_loss":0,"event_name":"Big Fish","floor":7,"gold_loss":0,"cards_obtained":["Regret"]},{"damage_healed":0,"gold_gain":0,"player_choice":"Cursed","damage_taken":0,"max_hp_gain":0,"max_hp_loss":0,"event_name":"Wheel of Change","floor":4,"gold_loss":0,"cards_obtained":["Decay"]}],"is_beta":false,"boss_relics":[],"items_purged_floors":[2],"is_endless":false,"potions_floor_spawned":[10,12,7],"killed_by":"Lagavulin","ascension_level":0}}