{"host":"gf6ih3azu8xi0kst","time":1610910024,"event":{"mods":["AchievementEnabler","BaseMod","Bestiary","Colored Map","Colored Powertips","Dark Map","Marisa????????","Minty Spire (QoL Compilation)","StSLib","The Cursed","The Senshi","The Servant 0.9.4","??????REMEMod"],"gold_per_floor":[113,133,146,146,159,184,184,210,289,174,174,174,206,3,3,102,102,116,131,131,131,144,171,171,189,213,19,19,19,19,32,32,137,137,157,157,19,36,56,56,66,0,72,97,97,97,114,114,114,114,114],"floor_reached":50,"language":"ENG","playtime":3260,"items_purged":[],"score":558,"play_id":"a662a83c-fc8f-4a26-825e-5612e7482b69","local_time":"20210117170024","is_ascension_mode":false,"campfire_choices":[{"floor":7,"key":"REST"},{"floor":11,"key":"REST"},{"floor":15,"key":"REST"},{"data":"Echo Form","floor":24,"key":"SMITH"},{"floor":32,"key":"REST"},{"floor":40,"key":"REST"},{"floor":45,"key":"REST"},{"data":"Consume","floor":49,"key":"SMITH"}],"circlet_count":0,"master_deck":["Strike_B","Strike_B","Defend_B","Defend_B","Defend_B","Defend_B","Zap","Dualcast","Gash","White Noise","Conserve Battery","Sweeping Beam","Consume+1","Leap","Redo","Go for the Eyes","Echo Form+1","Self Repair","Hologram","Ball Lightning","Melter+1","Hologram+1","Gash","Writhe","Conserve Battery+1","Electrodynamics","Conserve Battery","Glacier","Self Repair","Hologram","Gash","Hologram","Defragment","Defragment"],"relics":["Cracked Core","REME_ComplimentaryCards","NeowsBlessing","Eternal Feather","WingedGreaves","The Courier","Smiling Mask","Mercury Hourglass","REME_ChargedStone","MutagenicStrength","Mummified Hand","REME_PuzzleBoxRelic","Bottled Lightning","PreservedInsect","Sozu","Red Mask","REME_LimitBreaker","Juzu Bracelet"],"acts_visited":["Exordium","TheCity","TheBeyond"],"potions_floor_usage":[8,13,22,22,31,31,44],"damage_taken":[{"damage":0,"enemies":"Cultist","floor":1,"turns":1},{"damage":0,"enemies":"Small Slimes","floor":2,"turns":1},{"damage":0,"enemies":"2 Louse","floor":3,"turns":1},{"damage":9,"enemies":"2 Fungi Beasts","floor":5,"turns":3},{"damage":35,"enemies":"3 Sentries","floor":6,"turns":7},{"damage":44,"enemies":"Lagavulin","floor":8,"turns":7},{"damage":27,"enemies":"Gremlin Nob","floor":13,"turns":4},{"damage":23,"enemies":"The Guardian","floor":16,"turns":11},{"damage":6,"enemies":"Chosen","floor":18,"turns":6},{"damage":18,"enemies":"Spheric Guardian","floor":19,"turns":5},{"damage":26,"enemies":"Cultist and Chosen","floor":22,"turns":8},{"damage":17,"enemies":"Gremlin Leader","floor":23,"turns":7},{"damage":10,"enemies":"Chosen and Byrds","floor":25,"turns":6},{"damage":21,"enemies":"Snake Plant","floor":31,"turns":3},{"damage":46,"enemies":"Champ","floor":33,"turns":11},{"damage":37,"enemies":"3 Darklings","floor":35,"turns":5},{"damage":25,"enemies":"3 Shapes","floor":38,"turns":4},{"damage":10,"enemies":"Jaw Worm Horde","floor":39,"turns":3},{"damage":51,"enemies":"Writhing Mass","floor":41,"turns":6},{"damage":28,"enemies":"Reptomancer","floor":44,"turns":7},{"damage":0,"enemies":"Sphere and 2 Shapes","floor":47,"turns":3},{"damage":95,"enemies":"Donu and Deca","floor":50,"turns":6}],"seed_played":"1447453363995724383","potions_obtained":[{"floor":5,"key":"Swift Potion"},{"floor":8,"key":"SkillPotion"},{"floor":16,"key":"Regen Potion"},{"floor":19,"key":"Swift Potion"},{"floor":22,"key":"SteroidPotion"},{"floor":23,"key":"Energy Potion"},{"floor":25,"key":"Explosive Potion"},{"floor":33,"key":"Dexterity Potion"}],"is_trial":false,"path_per_floor":["M","M","M","?","M","E","R","E","T","$","R","?","E","$","R","B",null,"M","M","?","?","M","E","R","M","T","$","?","?","?","M","R","B",null,"M","?","$","M","M","R","M","?","T","E","R","?","M","?","R","B"],"character_chosen":"DEFECT","items_purchased":["Leap","Redo","Go for the Eyes","Mercury Hourglass","Bottled Lightning","Glacier","Self Repair","Hologram"],"campfire_rested":6,"item_purchase_floors":[10,10,10,14,27,37,37,37],"current_hp_per_floor":[75,75,75,75,66,31,62,18,18,18,49,85,58,58,85,62,85,79,68,68,68,63,53,65,69,69,69,69,69,53,39,81,42,90,60,60,60,49,46,90,46,46,46,37,82,82,89,89,90,0,0],"gold":114,"neow_bonus":"THREE_ENEMY_KILL","is_daily":false,"chose_seed":false,"campfire_upgraded":2,"win_rate":0.0,"timestamp":1610910024,"path_taken":["M","?","M","?","?","E","R","E","T","$","R","?","E","$","R","BOSS","M","M","?","?","M","E","R","M","T","$","?","?","?","M","R","BOSS","M","?","$","M","M","R","M","?","T","E","R","?","M","?","R","BOSS"],"items_purchased_type":["Card","Card","Card","Relic","Relic","Card","Card","Card"],"build_version":"2020-12-22","purchased_purges":0,"victory":false,"max_hp_per_floor":[75,75,75,75,75,75,75,75,75,75,75,85,85,85,85,85,85,85,85,85,85,85,85,85,85,85,85,85,85,90,90,90,90,90,90,90,90,90,90,90,90,90,90,90,90,90,90,90,90,90,90],"card_choices":[{"not_picked":["Redo","Barrage"],"picked":"Gash","floor":1},{"not_picked":["Stack","Double Energy","Ball Lightning"],"picked":"SKIP","floor":2},{"not_picked":["Multi-Cast","Steam"],"picked":"White Noise","floor":3},{"not_picked":["Double Energy","Heatsinks"],"picked":"Conserve Battery","floor":5},{"not_picked":["White Noise","Rip and Tear"],"picked":"Sweeping Beam","floor":6},{"not_picked":["Loop","Compile Driver"],"picked":"Consume","floor":8},{"not_picked":["Rebound","Beam Cell"],"picked":"Conserve Battery","floor":13},{"not_picked":["Meteor Strike","Rainbow","All For One"],"picked":"Echo Form","floor":16},{"not_picked":["REME_SelfUpgrade","Conserve Battery"],"picked":"Self Repair","floor":18},{"not_picked":["Barrage+1","Genetic Algorithm","Storm"],"picked":"Hologram","floor":19},{"not_picked":["REME_SelfUpgrade","BootSequence"],"picked":"Ball Lightning","floor":22},{"not_picked":["Streamline","Barrage"],"picked":"Melter+1","floor":23},{"not_picked":["Reinforced Body","Stack"],"picked":"Hologram+1","floor":25},{"not_picked":["Barrage","Genetic Algorithm"],"picked":"Conserve Battery+1","floor":31},{"not_picked":["Echo Form","REME_ForAll"],"picked":"Electrodynamics","floor":33},{"not_picked":["Compile Driver","Stack+1"],"picked":"Conserve Battery","floor":35},{"not_picked":["Compile Driver+1","Loop","Melter"],"picked":"SKIP","floor":38},{"not_picked":["Redo","Go for the Eyes+1"],"picked":"Gash","floor":39},{"not_picked":["Steam","Recycle"],"picked":"Hologram","floor":41},{"not_picked":["Turbo+1","Sweeping Beam"],"picked":"Defragment","floor":44},{"not_picked":["Auto Shields","Machine Learning"],"picked":"Defragment","floor":47}],"player_experience":233728,"relics_obtained":[{"floor":6,"key":"Eternal Feather"},{"floor":8,"key":"WingedGreaves"},{"floor":9,"key":"The Courier"},{"floor":13,"key":"Smiling Mask"},{"floor":23,"key":"Mummified Hand"},{"floor":26,"key":"REME_PuzzleBoxRelic"},{"floor":43,"key":"REME_LimitBreaker"},{"floor":44,"key":"Juzu Bracelet"}],"event_choices":[{"damage_healed":0,"gold_gain":0,"player_choice":"Ignored","damage_taken":0,"max_hp_gain":0,"max_hp_loss":0,"event_name":"NoteForYourself","floor":4,"gold_loss":0},{"cards_removed":["REME_TheLastStrike"],"damage_healed":26,"gold_gain":0,"player_choice":"Offered Rare","damage_taken":0,"max_hp_gain":10,"max_hp_loss":0,"event_name":"Bonfire Elementals","floor":12,"gold_loss":0},{"damage_healed":0,"gold_gain":0,"player_choice":"Inject Mutagens","damage_taken":0,"relics_obtained":["MutagenicStrength"],"max_hp_gain":0,"max_hp_loss":0,"event_name":"Drug Dealer","floor":20,"gold_loss":0},{"cards_removed":["Strike_B"],"damage_healed":0,"gold_gain":0,"player_choice":"Elegance","damage_taken":0,"max_hp_gain":0,"max_hp_loss":0,"event_name":"Back to Basics","floor":21,"gold_loss":0},{"damage_healed":0,"gold_gain":0,"player_choice":"Read","damage_taken":0,"max_hp_gain":0,"max_hp_loss":0,"event_name":"The Library","floor":28,"gold_loss":0,"cards_obtained":["Gash"]},{"damage_healed":0,"gold_gain":0,"player_choice":"Opened","damage_taken":0,"relics_obtained":["PreservedInsect"],"max_hp_gain":0,"max_hp_loss":0,"event_name":"The Mausoleum","floor":29,"gold_loss":0,"cards_obtained":["Writhe"]},{"damage_healed":0,"gold_gain":0,"player_choice":"Shed Blood","damage_taken":21,"max_hp_gain":5,"max_hp_loss":0,"event_name":"Forgotten Altar","floor":30,"gold_loss":0},{"cards_removed":["Conserve Battery"],"damage_healed":0,"gold_gain":0,"player_choice":"Removed Skill","damage_taken":0,"max_hp_gain":0,"max_hp_loss":0,"event_name":"Falling","floor":36,"gold_loss":0},{"damage_healed":0,"gold_gain":0,"player_choice":"Paid","damage_taken":0,"relics_obtained":["Red Mask"],"max_hp_gain":0,"max_hp_loss":0,"event_name":"Tomb of Lord Red Mask","floor":42,"gold_loss":66},{"damage_healed":0,"gold_gain":0,"player_choice":"Got Potions","damage_taken":0,"max_hp_gain":0,"max_hp_loss":0,"event_name":"Lab","floor":46,"gold_loss":0},{"cards_removed":["Strike_B"],"damage_healed":0,"gold_gain":0,"player_choice":"Purged","damage_taken":0,"max_hp_gain":0,"max_hp_loss":0,"event_name":"Purifier","floor":48,"gold_loss":0}],"is_beta":false,"boss_relics":[{"not_picked":["Runic Dome","Coffee Dripper"],"picked":"REME_ChargedStone"},{"not_picked":["Black Star","SlaversCollar"],"picked":"Sozu"}],"items_purged_floors":[],"is_endless":false,"potions_floor_spawned":[5,8,16,19,22,23,25,33,38,39,47],"killed_by":"Donu and Deca","ascension_level":0}}