{"host":"3zhcrllo23fhqv4x","time":1610907752,"event":{"mods":["AchievementEnabler","BaseMod","Downfall","Hermit","Jorbs\u0027s Wanderer Trilogy","Marisa????????","Minty Spire (QoL Compilation)","Remilia??????","StSLib","The Cursed","The Disciple","The Hierophant","The Runesmith","The Servant 0.9.4"],"gold_per_floor":[99,113,288,298,184,84,84,98,98,129,14,14,14,88,101,198,198,98,108,125,125,144,175,175,206,206,219,237,23,23,41,54,158,158,58,58,58,58,78,78,78,132,132,132,151,11,37,50,63,63,63,63],"floor_reached":50,"language":"ENG","playtime":2978,"items_purged":["Doubt","Doubt","Wraith"],"score":610,"play_id":"39d5b939-9eb1-4e89-bb3f-642bf6511447","local_time":"20210117132232","is_ascension_mode":false,"campfire_choices":[{"floor":1.0,"key":"RECALL"},{"data":"Slimebound:Split","floor":6.0,"key":"SMITH"},{"data":"Slimebound:FirmFortitude","floor":18.0,"key":"SMITH"},{"floor":30.0,"key":"REST"},{"data":"Slimebound:LevelUp","floor":35.0,"key":"SMITH"},{"floor":43.0,"key":"REST"}],"circlet_count":0,"master_deck":["Slimebound:Strike_Slimebound+1","Slimebound:Strike_Slimebound+1","Slimebound:Strike_Slimebound+1","Slimebound:Tackle+1","Slimebound:Defend_Slimebound+1","Slimebound:Defend_Slimebound+1","Slimebound:Defend_Slimebound+1","Slimebound:Defend_Slimebound+1","Slimebound:Split+1","Slimebound:CorrosiveSpit+1","Slimebound:SamplingLick+1","Slimebound:GrowthPunch+1","Slimebound:Recollect+1","Slimebound:Schlurp+1","Slimebound:SlimeSpikes+1","Slimebound:LivingWall+1","Slimebound:SlimeBarrage+1","Slimebound:LevelUp+1","Slimebound:FirmFortitude+1","CurseOfTheBell","Slimebound:SplitBruiser+1","Slimebound:LevelUp+1","Slimebound:SplitLeeching+1","Slimebound:SamplingLick+1","Slimebound:MegaLick+1","Slimebound:SplitAcid+1","Slimebound:SpikyOuterGoop+1","Slimebound:LevelUp+1","Slimebound:SplitBruiser+1","Slimebound:SlimeSpikes+1","Slimebound:MassRepurpose+1","Slimebound:SlimeSpikes+1","Slimebound:SamplingLick+1","Slimebound:SlimeBarrage+1","Slimebound:GoopSpray+1","Slimebound:SplitLeeching+1","Slimebound:LevelUp","Slimebound:SplitSpecialist+1"],"relics":["Slimebound:AbsorbEndCombatUpgraded","Bird Faced Urn","Calipers","Juzu Bracelet","downfall:ShatteredFragment","Calling Bell","Nunchaku","Pear","Dead Branch","Mango","Toxic Egg 2","Happy Flower","Red Mask","downfall:RedIOUUpgrade","Toy Ornithopter","Pocketwatch","Pen Nib"],"acts_visited":["Exordium","TheCity","TheBeyond"],"potions_floor_usage":[50,50],"damage_taken":[{"damage":5.0,"enemies":"Small Slimes","floor":2.0,"turns":4.0},{"damage":4.0,"enemies":"Cultist","floor":4.0,"turns":4.0},{"damage":0.0,"enemies":"downfall:FleeingMerchant","floor":5.0,"turns":4.0},{"damage":0.0,"enemies":"Jaw Worm","floor":8.0,"turns":3.0},{"damage":0.0,"enemies":"3 Sentries","floor":10.0,"turns":7.0},{"damage":0.0,"enemies":"downfall:FleeingMerchant","floor":11.0,"turns":4.0},{"damage":0.0,"enemies":"Exordium Wildlife","floor":15.0,"turns":3.0},{"damage":30.0,"enemies":"DF_ARCHETYPE_STREAMLINE","floor":16.0,"turns":9.0},{"damage":0.0,"enemies":"Chosen","floor":19.0,"turns":3.0},{"damage":13.0,"enemies":"3 Byrds","floor":20.0,"turns":4.0},{"damage":20.0,"enemies":"Centurion and Healer","floor":22.0,"turns":4.0},{"damage":42.0,"enemies":"Gremlin Leader","floor":23.0,"turns":5.0},{"damage":42.0,"enemies":"Slavers","floor":25.0,"turns":4.0},{"damage":15.0,"enemies":"Shelled Parasite and Fungi","floor":27.0,"turns":6.0},{"damage":5.0,"enemies":"Snake Plant","floor":28.0,"turns":3.0},{"damage":1.0,"enemies":"downfall:FleeingMerchant","floor":29.0,"turns":4.0},{"damage":6.0,"enemies":"3 Cultists","floor":31.0,"turns":4.0},{"damage":0.0,"enemies":"Cultist and Chosen","floor":32.0,"turns":3.0},{"damage":25.0,"enemies":"IC_MUSHROOM_ARCHETYPE","floor":33.0,"turns":5.0},{"damage":8.0,"enemies":"3 Shapes","floor":39.0,"turns":4.0},{"damage":27.0,"enemies":"2 Orb Walkers","floor":42.0,"turns":6.0},{"damage":10.0,"enemies":"Orb Walker","floor":45.0,"turns":3.0},{"damage":31,"enemies":"downfall:FleeingMerchant","floor":46,"turns":4},{"damage":25,"enemies":"Nemesis","floor":47,"turns":5},{"damage":13,"enemies":"Maw","floor":48,"turns":5},{"damage":5,"enemies":"Sphere and 2 Shapes","floor":49,"turns":4},{"damage":126,"enemies":"SI_POISON_ARCHETYPE","floor":50,"turns":6}],"seed_played":"-764210000747424639","potions_obtained":[{"floor":4.0,"key":"Slimebound:ThreeZeroPotion"},{"floor":15.0,"key":"LiquidBronze"},{"floor":16.0,"key":"SkillPotion"},{"floor":19.0,"key":"Slimebound:SlimyTonguePotion"},{"floor":22.0,"key":"champ:CounterPotion"},{"floor":31.0,"key":"PowerPotion"},{"floor":33.0,"key":"BlessingOfTheForge"},{"floor":45.0,"key":"SpeedPotion"},{"floor":48,"key":"DuplicationPotion"}],"is_trial":false,"path_per_floor":["R","M","?","M","$","R","T","M","?","E","$","?","?","T","M","B",null,"R","M","M","?","M","E","T","E","?","M","M","$","R","M","M","B",null,"R","?","?","?","M","?","T","?","R","?","M","$","E","M","M","B"],"character_chosen":"SLIMEBOUND","items_purchased":["Slimebound:Schlurp","Happy Flower","PowerPotion"],"campfire_rested":2,"item_purchase_floors":[5,29,29],"current_hp_per_floor":[65,61,61,60,62,62,62,64,64,65,65,47,52,52,55,35,80,90,90,77,77,68,50,50,15,15,12,8,15,46,44,47,51,104,104,104,104,94,87,87,87,72,94,94,86,88,73,74,81,0,0,0],"gold":63,"neow_bonus":"ONE_RARE_RELIC","is_daily":false,"chose_seed":false,"campfire_upgraded":3,"win_rate":0.0,"timestamp":1610907752,"path_taken":["R","M","?","M","$","R","T","M","?","E","$","?","?","?","M","BOSS","R","M","M","?","M","E","T","E","?","M","M","?","R","M","M","BOSS","R","?","?","?","M","?","T","?","R","?","M","$","E","M","M","BOSS"],"items_purchased_type":["Card","Relic","Potion"],"build_version":"2020-12-22","purchased_purges":3,"victory":false,"max_hp_per_floor":[65,65,65,65,65,65,65,65,65,65,65,65,70,70,70,70,80,90,90,90,90,90,104,104,104,104,104,104,104,104,104,104,104,104,104,104,104,94,94,94,94,94,94,94,94,94,94,94,94,94,94,94],"card_choices":[{"not_picked":["Slimebound:SlimeTap","Slimebound:Chomp"],"picked":"Slimebound:SamplingLick","floor":2.0},{"not_picked":["Slimebound:LeechingTouch","Slimebound:SpikyOuterGoop"],"picked":"Slimebound:GrowthPunch","floor":4.0},{"not_picked":["Slimebound:AcidTongue","Slimebound:FlameTackle"],"picked":"Slimebound:Recollect","floor":5.0},{"not_picked":["Slimebound:Gluttony","Slimebound:SlimeBarrage"],"picked":"Slimebound:SlimeSpikes","floor":8.0},{"not_picked":["Slimebound:ViciousTackle","Slimebound:SlimeSpikes"],"picked":"Slimebound:LivingWall","floor":10.0},{"not_picked":["Slimebound:ViciousTackle","Slimebound:ItLooksTasty"],"picked":"Slimebound:SlimeBarrage","floor":11.0},{"not_picked":["Slimebound:Chomp","Slimebound:ServeAndProtect"],"picked":"Slimebound:LevelUp","floor":15.0},{"not_picked":["Slimebound:MinionMaster","Slimebound:SelfFormingGoo"],"picked":"Slimebound:FirmFortitude","floor":16.0},{"not_picked":["Slimebound:MegaLick+1","Slimebound:SlimeSpikes+1"],"picked":"Slimebound:SplitBruiser+1","floor":19.0},{"not_picked":["Slimebound:LivingWall+1","Slimebound:FlameTackle"],"picked":"Slimebound:LevelUp","floor":20.0},{"not_picked":["Slimebound:DuplicatedForm","Slimebound:Gluttony"],"picked":"Slimebound:DivideAndConquer","floor":22.0},{"not_picked":["Slimebound:Replication","Slimebound:RejuvenatingLick"],"picked":"Slimebound:SamplingLick","floor":23.0},{"not_picked":["Slimebound:GoopSpray+1","Slimebound:Replication+1"],"picked":"Slimebound:MegaLick+1","floor":25.0},{"not_picked":["Slimebound:GrowthPunch","Slimebound:SamplingLick+1"],"picked":"Slimebound:SplitAcid+1","floor":27.0},{"not_picked":["Slimebound:DisruptingSlam","Slimebound:RainOfGoop+1"],"picked":"Slimebound:SpikyOuterGoop","floor":28.0},{"not_picked":["Slimebound:RainOfGoop+1","Slimebound:Recollect+1"],"picked":"Slimebound:LevelUp","floor":29.0},{"not_picked":["Slimebound:LivingWall+1","Slimebound:FinishingTackle"],"picked":"Slimebound:SplitBruiser+1","floor":31.0},{"not_picked":["Slimebound:SlimeBrawl+1","Slimebound:Schlurp+1"],"picked":"Slimebound:SlimeSpikes+1","floor":32.0},{"not_picked":["Slimebound:WasteNot+1","Slimebound:OneTwoCombo"],"picked":"Slimebound:MassRepurpose+1","floor":33.0},{"not_picked":["Slimebound:PressTheAttack","Slimebound:AcidTongue+1"],"picked":"Slimebound:SlimeSpikes+1","floor":39.0},{"not_picked":["Slimebound:LeechingTouch","Slimebound:Chomp"],"picked":"Slimebound:SamplingLick+1","floor":42.0},{"not_picked":["Slimebound:ForwardTackle","Slimebound:GoopSpray+1"],"picked":"Slimebound:SlimeBarrage+1","floor":45.0},{"not_picked":["Slimebound:ForwardTackle","Slimebound:SlimeBarrage+1"],"picked":"Slimebound:GoopSpray+1","floor":46},{"not_picked":["Slimebound:LivingWall+1","Slimebound:MegaLick+1"],"picked":"Slimebound:SplitLeeching+1","floor":47},{"not_picked":["Slimebound:Dissolve+1","Slimebound:PressTheAttack"],"picked":"Slimebound:LevelUp","floor":48},{"not_picked":["Slimebound:Teamwork+1","Slimebound:Recollect+1"],"picked":"Slimebound:SplitSpecialist+1","floor":49}],"player_experience":301097,"relics_obtained":[{"floor":7.0,"key":"Calipers"},{"floor":10.0,"key":"Juzu Bracelet"},{"floor":17.0,"key":"Nunchaku"},{"floor":17.0,"key":"Pear"},{"floor":17.0,"key":"Dead Branch"},{"floor":23.0,"key":"Mango"},{"floor":24.0,"key":"Toxic Egg 2"},{"floor":25.0,"key":"Whetstone"},{"floor":41.0,"key":"Toy Ornithopter"},{"floor":42.0,"key":"Pocketwatch"},{"floor":47,"key":"Pen Nib"}],"event_choices":[{"damage_healed":0.0,"max_hp_gain":5.0,"max_hp_loss":0.0,"gold_gain":0.0,"event_name":"Big Fish","player_choice":"Donut","floor":13.0,"gold_loss":0.0,"damage_taken":0.0},{"damage_healed":0.0,"max_hp_gain":0.0,"max_hp_loss":0.0,"gold_gain":0.0,"event_name":"The Library","player_choice":"Read","floor":21.0,"gold_loss":0.0,"damage_taken":0.0,"cards_obtained":["Slimebound:SplitLeeching"]},{"damage_healed":0.0,"max_hp_gain":0.0,"max_hp_loss":0.0,"gold_gain":0.0,"event_name":"OrinTheCat","player_choice":"Ignored","floor":37.0,"gold_loss":0.0,"damage_taken":0.0},{"damage_healed":0.0,"max_hp_gain":0.0,"max_hp_loss":0.0,"gold_gain":0.0,"event_name":"Mysterious Sphere","player_choice":"Fight","floor":42.0,"gold_loss":0.0,"damage_taken":0.0}],"is_beta":false,"boss_relics":[{"not_picked":["Slimebound:TarBlob","Pandora\u0027s Box"],"picked":"Calling Bell"},{"not_picked":["Coffee Dripper","Runic Pyramid"],"picked":"Slimebound:AbsorbEndCombatUpgraded"}],"items_purged_floors":[5,11,46],"is_endless":false,"potions_floor_spawned":[4,15,16,19,22,31,33,45,48],"killed_by":"SI_POISON_ARCHETYPE","ascension_level":0}}