{"host":"3xvd0gn8l5wh7cc5","time":1610925839,"event":{"mods":["AchievementEnabler","BaseMod","Better Note","Better Third Choice","Block Reminder","Colored Map","Downfall","Hermit","Highlight Path","Hubris","Jorbs\u0027s Wanderer Trilogy","Mimic Mod","Minty Spire (QoL Compilation)","Permanent Neow","Practice Mode","Quick Restart","Relic Sorter","StSLib","The Blue Laboratory","The Cursed","The Jungle","The Runesmith","Wandering Minibosses"],"gold_per_floor":[114,114,126,75,75,75,150,150,182,211,224,252,252,252,252,356,356,368,368,368,368,385,418,434,177,231,231,231,263,226,240,240,336,336,352,652,671,671,671,671,671,671],"floor_reached":41,"language":"ENG","playtime":2879,"items_purged":[],"score":473,"play_id":"7a659710-7f00-4287-a697-7c0be557931f","local_time":"20210117172359","is_ascension_mode":false,"campfire_choices":[{"data":"Perfected Strike","floor":6,"key":"SMITH"},{"floor":13,"key":"REST"},{"data":"Anger","floor":15,"key":"SMITH"},{"floor":28,"key":"REST"},{"floor":32,"key":"REST"},{"data":"Inflame","floor":40,"key":"SMITH"}],"circlet_count":0,"master_deck":["Strike_R","Strike_R","Strike_R","Strike_R","Strike_R","Defend_R","Defend_R","Defend_R","Defend_R","Bash","Iron Wave","Shrug It Off","Perfected Strike+1","Apotheosis+1","Cleave","Perfected Strike","Flex+1","Anger+1","Reaper","Seeing Red+1","Pommel Strike","Disarm","Rage","Anger","Inflame+1","Disarm+1","Reaper","Ghostly Armor+1","Inflame"],"relics":["Burning Blood","Self Forming Clay","Odd Mushroom","Ornamental Fan","hubris:ScarierMask","Blood Vial","hubris:MedicalManual","Pear","Bronze Scales","Toxic Egg 2","hubris:Backtick","Kunai","hubris:NiceRug","TungstenRod","hubris:TenFootPole","Cauldron"],"acts_visited":["Exordium","theJungle:Jungle","TheBeyond"],"potions_floor_usage":[33],"damage_taken":[{"damage":3,"enemies":"Small Slimes","floor":1,"turns":3},{"damage":0,"enemies":"2 Louse","floor":3,"turns":3},{"damage":2,"enemies":"Jaw Worm","floor":9,"turns":7},{"damage":18,"enemies":"The Mushroom Lair","floor":10,"turns":4},{"damage":11,"enemies":"Jaw Worm","floor":11,"turns":2},{"damage":12,"enemies":"3 Sentries","floor":12,"turns":5},{"damage":25,"enemies":"The Guardian","floor":16,"turns":10},{"damage":14,"enemies":"theJungle:GiantWrat","floor":18,"turns":5},{"damage":17,"enemies":"theJungle:Flameango_and_Byrd","floor":22,"turns":4},{"damage":48,"enemies":"theJungle:MamaSnecko","floor":23,"turns":6},{"damage":0,"enemies":"theJungle:JungleHuntersEncounter","floor":24,"turns":2},{"damage":71,"enemies":"theJungle:Cassacara","floor":29,"turns":9},{"damage":27,"enemies":"Snake Plant","floor":31,"turns":4},{"damage":11,"enemies":"theJungle:QueenSpyder","floor":33,"turns":13},{"damage":24,"enemies":"3 Darklings","floor":35,"turns":4},{"damage":126,"enemies":"hubris:Merchant","floor":36,"turns":10},{"damage":0,"enemies":"Orb Walker","floor":37,"turns":5},{"damage":58,"enemies":"Giant Head","floor":41,"turns":8}],"seed_played":"2435847426968164847","potions_obtained":[{"floor":3,"key":"blueLaboratory:Moonshine"},{"floor":10,"key":"SmokeBomb"},{"floor":16,"key":"blueLaboratory:RecallPotion"},{"floor":20,"key":"FairyPotion"},{"floor":20,"key":"Regen Potion"},{"floor":29,"key":"FairyPotion"},{"floor":36,"key":"Energy Potion"},{"floor":36,"key":"blueLaboratory:FruitPunch"},{"floor":36,"key":"CultistPotion"}],"is_trial":false,"path_per_floor":["M","?","M","$","?","R","?","?","MIM","?","M","E","R","?","R","B",null,"M","?","?","?","M","E","M","$","T","?","R","E","$","M","R","B",null,"M","$","M","?","?","R","E"],"character_chosen":"IRONCLAD","items_purchased":["Perfected Strike","Pear","Inflame"],"campfire_rested":3,"item_purchase_floors":[4,25,30],"current_hp_per_floor":[80,77,80,80,80,80,69,69,73,61,56,50,74,74,74,55,80,72,72,72,72,68,38,46,56,56,56,83,47,47,32,59,85,90,79,18,30,30,30,30,0,0],"gold":671,"neow_bonus":"","is_daily":false,"chose_seed":false,"campfire_upgraded":3,"win_rate":0.0,"timestamp":1610925839,"path_taken":["M","?","M","$","?","R","?","?","MIM","?","?","E","R","?","R","BOSS","M","?","?","?","M","E","?","$","T","?","R","E","?","M","R","BOSS","M","$","M","?","?","R","E"],"items_purchased_type":["Card","Relic","Card"],"build_version":"2020-12-22","purchased_purges":0,"victory":false,"max_hp_per_floor":[80,80,80,80,80,80,80,80,80,80,80,80,80,80,80,80,80,80,80,80,80,80,80,80,90,90,90,90,90,90,90,90,90,90,90,90,90,90,90,90,90,90],"card_choices":[{"not_picked":["Pummel","Clothesline"],"picked":"Iron Wave","floor":1},{"not_picked":["Combust","Sword Boomerang"],"picked":"Shrug It Off","floor":3},{"not_picked":["Pommel Strike","Rage"],"picked":"Cleave","floor":9},{"not_picked":["Pummel","Dual Wield"],"picked":"Perfected Strike","floor":10},{"not_picked":["hubris:CleavingFinish","Twin Strike"],"picked":"Flex","floor":11},{"not_picked":["Sever Soul","hubris:StunningStrike"],"picked":"Anger","floor":12},{"not_picked":["Brutality","Impervious"],"picked":"Reaper","floor":16},{"not_picked":["hubris:ReadiedAction+1","Metallicize"],"picked":"Seeing Red+1","floor":18},{"not_picked":["Battle Trance","Perfected Strike"],"picked":"Pommel Strike","floor":22},{"not_picked":["Fiend Fire","Shrug It Off"],"picked":"Disarm","floor":23},{"not_picked":["Shockwave+1","Power Through+1"],"picked":"Rage","floor":24},{"not_picked":["Combust+1","Warcry+1"],"picked":"Anger","floor":29},{"not_picked":["Armaments+1","Shrug It Off+1"],"picked":"Disarm+1","floor":31},{"not_picked":["Juggernaut","hubris:StunningStrike"],"picked":"Reaper","floor":33},{"not_picked":["Combust","Perfected Strike+1"],"picked":"Ghostly Armor+1","floor":35},{"not_picked":[],"picked":"Inflame","floor":36},{"not_picked":["Thunderclap"],"picked":"SKIP","floor":36},{"not_picked":["Sword Boomerang"],"picked":"SKIP","floor":36},{"not_picked":["Warcry+1"],"picked":"SKIP","floor":36},{"not_picked":["True Grit+1"],"picked":"SKIP","floor":36},{"not_picked":["Discovery+1"],"picked":"SKIP","floor":36},{"not_picked":["Thinking Ahead+1"],"picked":"SKIP","floor":36},{"not_picked":["Armaments+1","hubris:ReadiedAction+1","Berserk"],"picked":"SKIP","floor":37}],"player_experience":28265,"relics_obtained":[{"floor":10,"key":"Odd Mushroom"},{"floor":12,"key":"Ornamental Fan"},{"floor":19,"key":"Blood Vial"},{"floor":23,"key":"hubris:MedicalManual"},{"floor":26,"key":"Bronze Scales"},{"floor":29,"key":"Toxic Egg 2"},{"floor":36,"key":"TungstenRod"},{"floor":36,"key":"hubris:TenFootPole"},{"floor":36,"key":"Cauldron"}],"event_choices":[{"damage_healed":0,"gold_gain":0,"player_choice":"Relic ","damage_taken":3,"max_hp_gain":0,"max_hp_loss":0,"event_name":"betterThird:BetterScrap","floor":2,"gold_loss":0,"cards_obtained":["Machine Learning"]},{"damage_healed":0,"gold_gain":0,"player_choice":"Ignored","damage_taken":0,"max_hp_gain":0,"max_hp_loss":0,"event_name":"Golden Wing","floor":5,"gold_loss":0},{"damage_healed":0,"gold_gain":75,"player_choice":"Gold","damage_taken":11,"max_hp_gain":0,"max_hp_loss":0,"event_name":"betterThird:BetterGoop","floor":7,"gold_loss":0},{"damage_healed":69,"gold_gain":0,"player_choice":"Embrace","damage_taken":0,"max_hp_gain":0,"max_hp_loss":80,"event_name":"betterThird:BetterShining","floor":8,"gold_loss":0},{"damage_healed":0,"gold_gain":0,"player_choice":"Fought Mushrooms","damage_taken":0,"max_hp_gain":0,"max_hp_loss":0,"event_name":"Mushrooms","floor":10,"gold_loss":0},{"damage_healed":0,"gold_gain":0,"player_choice":"Relic","damage_taken":0,"max_hp_gain":0,"max_hp_loss":0,"event_name":"Wheel of Change","floor":19,"gold_loss":0},{"damage_healed":0,"gold_gain":0,"player_choice":"Got Potions","damage_taken":0,"max_hp_gain":0,"max_hp_loss":0,"event_name":"Lab","floor":20,"gold_loss":0},{"damage_healed":0,"gold_gain":0,"player_choice":"Ignored","damage_taken":0,"max_hp_gain":0,"max_hp_loss":0,"event_name":"Transmorgrifier","floor":21,"gold_loss":0},{"cards_removed":["Apotheosis"],"damage_healed":0,"gold_gain":0,"player_choice":"Give","damage_taken":0,"max_hp_gain":0,"max_hp_loss":0,"event_name":"betterNote:BetterNote","floor":27,"gold_loss":0,"cards_obtained":["None"]},{"damage_healed":0,"gold_gain":0,"player_choice":"Ignored","damage_taken":0,"max_hp_gain":0,"max_hp_loss":0,"event_name":"The Moai Head","floor":39,"gold_loss":0}],"is_beta":false,"boss_relics":[{"not_picked":["Astrolabe","Snecko Eye"],"picked":"hubris:ScarierMask"},{"not_picked":["Tiny House","SlaversCollar"],"picked":"hubris:Backtick"}],"items_purged_floors":[],"is_endless":false,"potions_floor_spawned":[3,10,16,18,23,29,33],"killed_by":"Giant Head","ascension_level":0}}