{"host":"xz7n3qy1zq36rzpg","time":1610884076,"event":{"mods":["BaseMod","Colored Map","Colored Powertips","Highlight Path","Minty Spire (QoL Compilation)","Quick Restart","Shop Mod"],"gold_per_floor":[118,9,20,20,20,48,67,97,179,179,204,204,171,0,0,105,105,120,120,120,8,24,53,53,66,66,82,27,27,27,38,38,136,136,156,156,106,116,116,116],"floor_reached":39,"language":"ENG","playtime":2133,"items_purged":["Defend_G","Strike_G","Defend_G"],"score":531,"play_id":"5c2cf8f5-89ae-4b4f-90cc-73a112744496","local_time":"20210117124756","is_ascension_mode":true,"campfire_choices":[{"data":"Heel Hook","floor":10,"key":"SMITH"},{"floor":12,"key":"REST"},{"floor":15,"key":"REST"},{"data":"Neutralize","floor":24,"key":"SMITH"},{"data":"Well Laid Plans","floor":29,"key":"SMITH"},{"floor":32,"key":"REST"}],"circlet_count":0,"master_deck":["Strike_G","Strike_G","Defend_G","Defend_G","Survivor","Neutralize+1","Leg Sweep","Heel Hook+1","Footwork","Predator","Bouncing Flask","Poisoned Stab","Noxious Fumes","CurseOfTheBell","Acrobatics","Poisoned Stab","Masterful Stab","Caltrops","Deflect+1","Flying Knee+1","Blur+1","Well Laid Plans+1","Venomology","After Image"],"relics":["Ring of the Snake","NeowsBlessing","Thread and Needle","Bag of Preparation","Singing Bowl","Darkstone Periapt","Calling Bell","Smiling Mask","The Courier","Tough Bandages","Pocketwatch","Meat on the Bone","Sozu"],"acts_visited":["Exordium","TheCity","TheBeyond"],"potions_floor_usage":[8,11,11,16,16,23,31,31,33,33],"damage_taken":[{"damage":0,"enemies":"Cultist","floor":1,"turns":1},{"damage":0,"enemies":"2 Louse","floor":3,"turns":1},{"damage":0,"enemies":"Gremlin Nob","floor":6,"turns":1},{"damage":1,"enemies":"Jaw Worm","floor":7,"turns":4},{"damage":17,"enemies":"3 Sentries","floor":8,"turns":8},{"damage":50,"enemies":"Gremlin Nob","floor":11,"turns":6},{"damage":38,"enemies":"Slime Boss","floor":16,"turns":10},{"damage":7,"enemies":"Spheric Guardian","floor":18,"turns":4},{"damage":3,"enemies":"Chosen","floor":22,"turns":4},{"damage":31,"enemies":"Book of Stabbing","floor":23,"turns":7},{"damage":5,"enemies":"Snake Plant","floor":25,"turns":4},{"damage":0,"enemies":"Centurion and Healer","floor":27,"turns":8},{"damage":26,"enemies":"3 Cultists","floor":31,"turns":6},{"damage":24,"enemies":"Automaton","floor":33,"turns":12},{"damage":22,"enemies":"3 Darklings","floor":35,"turns":7},{"damage":3,"enemies":"Orb Walker","floor":38,"turns":5},{"damage":91,"enemies":"2 Orb Walkers","floor":39,"turns":5}],"seed_played":"-7262572353207985834","potions_obtained":[{"floor":1,"key":"PowerPotion"},{"floor":8,"key":"ColorlessPotion"},{"floor":11,"key":"Fruit Juice"},{"floor":16,"key":"Dexterity Potion"},{"floor":23,"key":"BlessingOfTheForge"}],"is_trial":false,"path_per_floor":["M","$","M","$","$","E","M","E","T","R","E","R","?","$","R","B",null,"M","?","?","$","M","E","R","M","T","M","$","R","?","M","R","B",null,"M","?","$","M","?"],"character_chosen":"THE_SILENT","items_purchased":["Heel Hook","Footwork","EntropicBrew","Caltrops","Venomology"],"campfire_rested":3,"item_purchase_floors":[2,2,14,21,28],"current_hp_per_floor":[70,70,70,70,70,70,69,52,52,52,7,29,29,29,51,15,83,76,76,76,76,73,42,42,37,37,49,49,49,49,37,62,50,85,65,65,65,64,0,0],"gold":116,"neow_bonus":"THREE_ENEMY_KILL","is_daily":false,"chose_seed":false,"campfire_upgraded":3,"win_rate":0.0,"timestamp":1610884076,"path_taken":["M","?","M","?","$","E","M","E","T","R","E","R","?","$","R","BOSS","M","?","?","$","?","E","R","M","T","M","?","R","?","?","R","BOSS","M","?","?","M","?"],"items_purchased_type":["Card","Card","Potion","Card","Card"],"build_version":"2020-12-22","purchased_purges":3,"victory":false,"max_hp_per_floor":[70,70,70,70,70,70,70,70,70,70,75,75,75,75,75,77,83,83,83,83,83,83,83,83,83,83,83,83,83,83,85,85,85,85,87,87,87,89,89,89],"card_choices":[{"not_picked":["Reflex","Flying Knee"],"picked":"Leg Sweep","floor":1},{"not_picked":["Dodge and Roll","Deadly Poison"],"picked":"Predator","floor":3},{"not_picked":["Dagger Spray","Choke"],"picked":"Bouncing Flask","floor":6},{"not_picked":["Masterful Stab","Choke","Underhanded Strike"],"picked":"SKIP","floor":7},{"not_picked":["Catalyst","Crippling Poison"],"picked":"Poisoned Stab","floor":8},{"not_picked":["Venomology","Reflex"],"picked":"Noxious Fumes","floor":11},{"not_picked":["Burst","Night Terror","Doppelganger"],"picked":"Singing Bowl","floor":16},{"not_picked":["Cloak And Dagger","Sucker Punch"],"picked":"Acrobatics","floor":18},{"not_picked":["Slice","PiercingWail"],"picked":"Deflect+1","floor":22},{"not_picked":["Cloak And Dagger+1","Underhanded Strike"],"picked":"Flying Knee+1","floor":23},{"not_picked":["Poisoned Stab","Heel Hook"],"picked":"Blur+1","floor":25},{"not_picked":["Dagger Throw","Dagger Spray"],"picked":"Well Laid Plans","floor":27},{"not_picked":["Predator+1","PiercingWail","Dodge and Roll"],"picked":"Singing Bowl","floor":31},{"not_picked":["Wraith Form v2","Storm of Steel"],"picked":"After Image","floor":33},{"not_picked":["Dagger Spray+1","Eviscerate","Infinite Blades"],"picked":"Singing Bowl","floor":35},{"not_picked":["Riddle With Holes+1","Blur","Outmaneuver+1"],"picked":"Singing Bowl","floor":38}],"player_experience":326573,"relics_obtained":[{"floor":6,"key":"Thread and Needle"},{"floor":8,"key":"Bag of Preparation"},{"floor":9,"key":"Singing Bowl"},{"floor":11,"key":"Darkstone Periapt"},{"floor":17,"key":"Smiling Mask"},{"floor":17,"key":"The Courier"},{"floor":17,"key":"Tough Bandages"},{"floor":23,"key":"Pocketwatch"},{"floor":26,"key":"Meat on the Bone"}],"event_choices":[{"damage_healed":0,"gold_gain":0,"player_choice":"Left Gold","damage_taken":0,"max_hp_gain":0,"max_hp_loss":0,"event_name":"World of Goop","floor":13,"gold_loss":33},{"damage_healed":0,"gold_gain":0,"cards_transformed":["Strike_G","Defend_G"],"player_choice":"Became Test Subject","damage_taken":0,"max_hp_gain":0,"max_hp_loss":0,"event_name":"Drug Dealer","floor":19,"gold_loss":0,"cards_obtained":["Poisoned Stab","Tactician"]},{"damage_healed":0,"gold_gain":0,"cards_transformed":["Tactician"],"player_choice":"Transformed","damage_taken":0,"max_hp_gain":0,"max_hp_loss":0,"event_name":"Transmorgrifier","floor":20,"gold_loss":0,"cards_obtained":["Masterful Stab"]},{"cards_removed":["Strike_G"],"damage_healed":0,"gold_gain":0,"player_choice":"Purged","damage_taken":0,"max_hp_gain":0,"max_hp_loss":0,"event_name":"Purifier","floor":30,"gold_loss":0},{"damage_healed":0,"gold_gain":0,"player_choice":"Got Potions","damage_taken":0,"max_hp_gain":0,"max_hp_loss":0,"event_name":"Lab","floor":36,"gold_loss":0},{"damage_healed":0,"gold_gain":0,"player_choice":"Fight","damage_taken":0,"max_hp_gain":0,"max_hp_loss":0,"event_name":"Mysterious Sphere","floor":39,"gold_loss":0}],"is_beta":false,"boss_relics":[{"not_picked":["Velvet Choker","Tiny House"],"picked":"Calling Bell"},{"not_picked":["Fusion Hammer","SacredBark"],"picked":"Sozu"}],"items_purged_floors":[14,21,37],"is_endless":false,"potions_floor_spawned":[1,8,11,16,22,23],"killed_by":"2 Orb Walkers","ascension_level":3}}