{"host":"nyoujqdnxu3hxf6v","time":1610868336,"event":{"mods":["BaseMod","MarisaÅiñ∂âJÅ@ñÇóùçπÅj","Minty Spire (QoL Compilation)","StSLib","The Servant 0.9.4"],"gold_per_floor":[115,15,29,79,124,185,215,215,239,298,354,383,422,434,446,578,590,631,658,658],"floor_reached":19,"language":"ENG","playtime":1276,"items_purged":["Strike_MRS"],"score":185,"play_id":"7850a6d5-2817-495d-928c-4fec3db8c93c","local_time":"20210117022536","is_ascension_mode":false,"campfire_choices":[{"data":"CasketOfStar","floor":8,"key":"SMITH"},{"floor":15,"key":"REST"}],"circlet_count":0,"master_deck":["Strike_MRS","Strike_MRS","Strike_MRS","Defend_MRS","Defend_MRS","Defend_MRS","Defend_MRS","MasterSpark","UpSweep","ShootingEcho","WitchOfGreed","DoubleSpark","ShootTheMoon","Orbital","CasketOfStar+1","DragonMeteor","IllusionStar","MysteriousBeam","GalacticHalo","TreasureHunter","IllusionStar","DarkMatter+1"],"relics":["MiniHakkero","NeowsBlessing","Bag of Preparation","MawBank","MealTicket","SlaversCollar"],"acts_visited":["Exordium","TheCity"],"potions_floor_usage":[5,5,6,6,6,10,12,13,16,16],"damage_taken":[{"damage":0,"enemies":"Cultist","floor":1,"turns":1},{"damage":0,"enemies":"Small Slimes","floor":3,"turns":1},{"damage":0,"enemies":"Jaw Worm","floor":4,"turns":1},{"damage":0,"enemies":"Large Slime","floor":5,"turns":5},{"damage":40,"enemies":"3 Sentries","floor":6,"turns":7},{"damage":9,"enemies":"Blue Slaver","floor":7,"turns":3},{"damage":20,"enemies":"Gremlin Nob","floor":10,"turns":5},{"damage":7,"enemies":"3 Louse","floor":11,"turns":4},{"damage":11,"enemies":"Exordium Wildlife","floor":12,"turns":4},{"damage":2,"enemies":"Blue Slaver","floor":13,"turns":2},{"damage":19,"enemies":"Slime Boss","floor":16,"turns":8},{"damage":25,"enemies":"3 Byrds","floor":18,"turns":7},{"damage":16,"enemies":"Shell Parasite","floor":19,"turns":5}],"seed_played":"889791826717087604","potions_obtained":[{"floor":1,"key":"Regen Potion"},{"floor":4,"key":"SkillPotion"},{"floor":5,"key":"ColorlessPotion"},{"floor":5,"key":"Fruit Juice"},{"floor":5,"key":"AttackPotion"},{"floor":6,"key":"EssenceOfSteel"},{"floor":10,"key":"BlessingOfTheForge"},{"floor":10,"key":"Weak Potion"},{"floor":11,"key":"SneckoOil"},{"floor":13,"key":"DistilledChaos"},{"floor":13,"key":"Fire Potion"},{"floor":16,"key":"BlessingOfTheForge"},{"floor":19,"key":"Dexterity Potion"}],"is_trial":false,"path_per_floor":["M","$","M","M","M","E","M","R","T","E","M","M","M","?","R","B",null,"M","M"],"character_chosen":"MARISA","items_purchased":["WitchOfGreed"],"campfire_rested":1,"item_purchase_floors":[2],"current_hp_per_floor":[75,75,75,75,80,54,45,45,45,25,18,7,5,5,29,10,80,55,39,39],"gold":658,"neow_bonus":"THREE_ENEMY_KILL","is_daily":false,"chose_seed":false,"campfire_upgraded":1,"win_rate":0.0,"timestamp":1610868336,"path_taken":["M","$","M","M","M","E","M","R","T","E","?","M","M","?","R","BOSS","M","M"],"items_purchased_type":["Card"],"build_version":"2020-12-22","purchased_purges":1,"victory":false,"max_hp_per_floor":[75,75,75,75,80,80,80,80,80,80,80,80,80,80,80,80,80,80,80,80],"card_choices":[{"not_picked":["SuperPerseids","GalacticHalo"],"picked":"ShootingEcho","floor":1},{"not_picked":["GrandCross","DC"],"picked":"WitchOfGreed","floor":3},{"not_picked":["Acceleration","UnstableBomb"],"picked":"DoubleSpark","floor":4},{"not_picked":["SporeBomb","6A"],"picked":"ShootTheMoon","floor":5},{"not_picked":["GalacticHalo","LuminesStrike"],"picked":"Orbital","floor":6},{"not_picked":["6A","MilkyWay"],"picked":"CasketOfStar","floor":7},{"not_picked":["WitchLeyline","AsteroidBelt"],"picked":"DragonMeteor","floor":10},{"not_picked":["SporeBomb","OneTimeOff"],"picked":"IllusionStar","floor":11},{"not_picked":["UnstableBomb","DeepEcoloBomb"],"picked":"MysteriousBeam","floor":12},{"not_picked":["ChargingUp","MeteoricShower"],"picked":"GalacticHalo","floor":13},{"not_picked":["MaximisePower","ManaRampage"],"picked":"TreasureHunter","floor":16},{"not_picked":["GalacticHalo","PowerUp"],"picked":"IllusionStar","floor":18},{"not_picked":["ChargeUpSpray","MagicAbsorber"],"picked":"DarkMatter+1","floor":19}],"player_experience":43522,"relics_obtained":[{"floor":6,"key":"Bag of Preparation"},{"floor":9,"key":"MawBank"},{"floor":10,"key":"MealTicket"}],"event_choices":[{"cards_removed":["WitchOfGreed"],"damage_healed":0,"gold_gain":0,"player_choice":"Purged","damage_taken":0,"max_hp_gain":0,"max_hp_loss":0,"event_name":"Purifier","floor":14,"gold_loss":0}],"is_beta":false,"boss_relics":[{"not_picked":["Runic Dome","Sozu"],"picked":"SlaversCollar"}],"items_purged_floors":[2],"is_endless":false,"potions_floor_spawned":[1,5,10,13,19],"killed_by":"Shell Parasite","ascension_level":0}}