{"host":"t46sy6wgovfoj8ok","time":1610863199,"event":{"mods":["BaseMod","Better Note","BetterRewards","Hermit","JesterMod","Minty Spire (QoL Compilation)","Rare Cards Sparkle","Relic Stats","Replay The Spire","StSLib","The Animator","The Jungle"],"gold_per_floor":[118,144,144,155,155,193,218,230,242,274,286,321,363,389,401,516,528,551,563,64,64,81,81,81,97,97,108,125,125,125],"floor_reached":29,"language":"ENG","playtime":2956,"items_purged":["animator:Defend"],"score":239,"play_id":"79fdc187-933f-430a-9150-556b40aa1f8a","local_time":"20210117005959","is_ascension_mode":false,"campfire_choices":[{"floor":8,"key":"REST"},{"data":"animator:EmiyaShirou","floor":11,"key":"SMITH"},{"floor":15,"key":"RECALL"},{"data":"animator:Millim","floor":23,"key":"SMITH"}],"circlet_count":0,"master_deck":["animator:Strike_Konosuba","animator:Defend_Konosuba","animator:Strike","animator:Defend","animator:Defend","animator:Kazuma","animator:Aqua","animator:EmiyaShirou+1","animator:Millim+1","animator:Archer","animator:YunYun","animator:Souei","animator:Envy","animator:GazelDwargon","animator:Rimuru","animator:LizardPriest","animator:Shiro","animator:Megumin+5","animator:Saitama","animator:DolaStephanie+1","animator:EmiyaShirou+1","animator:Souei","animator:Pride+1"],"relics":["animator:LivingPicture","animator:TheMissingPiece","animator:PurgingStone","NeowsBlessing","MawBank","animator:WornHelmet","animator:Hoodie","Replay:Bronze Core","Bag of Marbles","Art of War","Chemical X","Toxic Egg 2"],"acts_visited":["Exordium","TheCity"],"potions_floor_usage":[14,16],"damage_taken":[{"damage":0,"enemies":"Jaw Worm","floor":1,"turns":2},{"damage":0,"enemies":"2 Louse","floor":2,"turns":1},{"damage":0,"enemies":"Small Slimes","floor":4,"turns":1},{"damage":30,"enemies":"3 Sentries","floor":6,"turns":12},{"damage":8,"enemies":"Exordium Wildlife","floor":7,"turns":5},{"damage":5,"enemies":"2 Fungi Beasts","floor":10,"turns":3},{"damage":1,"enemies":"Looter","floor":12,"turns":3},{"damage":2,"enemies":"Lagavulin","floor":13,"turns":6},{"damage":2,"enemies":"Exordium Thugs","floor":14,"turns":5},{"damage":18,"enemies":"Hexaghost","floor":16,"turns":9},{"damage":0,"enemies":"Chosen","floor":18,"turns":6},{"damage":0,"enemies":"Spheric Guardian","floor":22,"turns":4},{"damage":10,"enemies":"Chosen and Byrds","floor":25,"turns":4},{"damage":5,"enemies":"Snecko","floor":27,"turns":5},{"damage":14,"enemies":"Centurion and Healer","floor":28,"turns":5},{"damage":52,"enemies":"Book of Stabbing","floor":29,"turns":6}],"seed_played":"-5865886145316223631","potions_obtained":[{"floor":2,"key":"DuplicationPotion"},{"floor":4,"key":"SteroidPotion"},{"floor":6,"key":"ColorlessPotion"},{"floor":14,"key":"DistilledChaos"},{"floor":22,"key":"Dexterity Potion"}],"is_trial":false,"path_per_floor":["M","M","?","M","?","E","M","R","T","M","R","M","E","M","R","B",null,"M","?","$","?","M","R","?","M","T","M","M","E"],"character_chosen":"THE_ANIMATOR","items_purchased":["Bag of Marbles","Art of War","Chemical X"],"campfire_rested":1,"item_purchase_floors":[20,20,20],"current_hp_per_floor":[66,66,66,66,59,31,26,46,46,43,43,44,45,45,45,29,68,72,72,72,72,75,75,75,65,65,62,50,0,0],"gold":125,"neow_bonus":"THREE_ENEMY_KILL","is_daily":false,"chose_seed":false,"campfire_upgraded":2,"win_rate":0.0,"timestamp":1610863199,"path_taken":["M","M","?","M","?","E","M","R","T","M","R","M","E","M","R","BOSS","M","?","$","?","M","R","?","M","T","M","?","E"],"items_purchased_type":["Relic","Relic","Relic"],"build_version":"2020-12-22","purchased_purges":1,"victory":false,"max_hp_per_floor":[66,66,66,66,66,66,67,67,67,67,67,67,68,68,68,68,68,72,72,72,72,75,75,75,75,75,75,75,75,75],"relic_stats":{"counters":[16,77],"Art of War":[5],"Chemical X":[3],"MawBank":168,"obtain_stats":[{"animator:Hoodie":13,"animator:PurgingStone":0,"NeowsBlessing":0,"animator:TheMissingPiece":0,"Replay:Bronze Core":17,"animator:LivingPicture":0,"Bag of Marbles":20,"Art of War":20,"Chemical X":20,"animator:WornHelmet":9,"Toxic Egg 2":26,"MawBank":6},{"animator:Hoodie":8,"animator:PurgingStone":0,"NeowsBlessing":0,"animator:TheMissingPiece":0,"Replay:Bronze Core":10,"animator:LivingPicture":0,"Bag of Marbles":11,"Art of War":11,"Chemical X":11,"animator:WornHelmet":5,"Toxic Egg 2":13,"MawBank":4},{"animator:Hoodie":33,"animator:PurgingStone":0,"NeowsBlessing":0,"animator:TheMissingPiece":0,"Replay:Bronze Core":47,"animator:LivingPicture":0,"Bag of Marbles":53,"Art of War":53,"Chemical X":53,"animator:WornHelmet":21,"Toxic Egg 2":61,"MawBank":16}]},"card_choices":[{"not_picked":["animator:Genos","animator:MaesHughes"],"picked":"animator:EmiyaShirou","floor":1},{"not_picked":["animator:RoyMustang","animator:ShinjiMatou"],"picked":"animator:Millim","floor":2},{"not_picked":["animator:Kuribayashi","animator:WinryRockbell"],"picked":"animator:Archer","floor":4},{"not_picked":["animator:Aqua","animator:Mitsurugi"],"picked":"animator:YunYun","floor":6},{"not_picked":["animator:IrohaTamaki","animator:Benimaru"],"picked":"animator:Souei","floor":7},{"not_picked":["animator:DolaRiku","animator:Priestess"],"picked":"animator:Envy","floor":10},{"not_picked":["animator:Scar","animator:Melzalgald"],"picked":"animator:GazelDwargon","floor":12},{"not_picked":["animator:Shion","animator:Vesta"],"picked":"animator:Rimuru","floor":13},{"not_picked":["animator:SayakaMiki","animator:Mitsurugi"],"picked":"animator:LizardPriest","floor":14},{"not_picked":["animator:GoblinSlayer","animator:Envy"],"picked":"animator:Shiro","floor":16},{"not_picked":["animator:Tet","animator:Darkness"],"picked":"animator:Megumin+1","floor":18},{"not_picked":["animator:Illya","animator:Chris+1"],"picked":"animator:DolaStephanie+1","floor":22},{"not_picked":["animator:Shion","animator:Millim"],"picked":"animator:Souei","floor":25},{"not_picked":["animator:WinryRockbell","animator:LeleiLaLalena+1","animator:YaoHaDucy"],"picked":"SKIP","floor":27},{"not_picked":["animator:Tet+1","animator:Tatsumaki+1"],"picked":"animator:Pride+1","floor":28}],"player_experience":697754,"relics_obtained":[{"floor":6,"key":"MawBank"},{"floor":9,"key":"animator:WornHelmet"},{"floor":13,"key":"animator:Hoodie"},{"floor":26,"key":"Toxic Egg 2"}],"event_choices":[{"cards_removed":["animator:Strike"],"damage_healed":0,"gold_gain":0,"player_choice":"Card Removal","damage_taken":7,"max_hp_gain":0,"max_hp_loss":0,"event_name":"Golden Wing","floor":5,"gold_loss":0},{"damage_healed":0,"gold_gain":0,"player_choice":"1 cards matched","damage_taken":0,"max_hp_gain":0,"max_hp_loss":0,"event_name":"Match and Keep!","floor":19,"gold_loss":0,"cards_obtained":["animator:Saitama"]},{"cards_removed":["animator:Strike"],"damage_healed":0,"gold_gain":0,"player_choice":"Purged","damage_taken":0,"max_hp_gain":0,"max_hp_loss":0,"event_name":"Purifier","floor":21,"gold_loss":0},{"damage_healed":0,"gold_gain":0,"player_choice":"Copied","damage_taken":0,"max_hp_gain":0,"max_hp_loss":0,"event_name":"Duplicator","floor":24,"gold_loss":0,"cards_obtained":["animator:EmiyaShirou"]}],"is_beta":false,"boss_relics":[{"not_picked":["Empty Cage","Velvet Choker"],"picked":"Replay:Bronze Core"}],"items_purged_floors":[20],"is_endless":false,"potions_floor_spawned":[2,4,6,14,22,28],"killed_by":"Book of Stabbing","ascension_level":0}}