{"host":"rl5ku05escnl5kxo","time":1610924129,"event":{"mods":["Act Like it!","BaseMod","Minty Spire (QoL Compilation)","StSLib","The Bug Knight"],"gold_per_floor":[109,109,109,69,69,104,104,119,119,119,119,129,146,24,24,128,128,140,140,155,21,21,21],"floor_reached":22,"language":"ENG","playtime":1127,"items_purged":[],"score":207,"play_id":"f9acdc96-ae74-4353-a3b3-1a75ba9e3537","local_time":"20210117145529","is_ascension_mode":false,"campfire_choices":[{"data":"HollowMod:SharpenedNail","floor":7,"key":"SMITH"},{"data":"HollowMod:CycloneSlash","floor":11,"key":"SMITH"},{"data":"HollowMod:GreatSlash","floor":15,"key":"SMITH"}],"circlet_count":0,"master_deck":["HollowMod:NailStrikeStart","HollowMod:NailStrikeStart","HollowMod:NailStrikeStart","HollowMod:NailStrikeStart","HollowMod:QuickDashStart","HollowMod:QuickDashStart","HollowMod:QuickDashStart","HollowMod:QuickDashStart","HollowMod:FocusHealStart","HollowMod:PogoStrike","HollowMod:SharpenedNail+1","HollowMod:CycloneSlash+1","HollowMod:CycloneSlash","HollowMod:HuntersJournal","HollowMod:GreatSlash+1","HollowMod:CornifersMapStart+1","HollowMod:RecoilStrike+1","HollowMod:Hiveblood","HollowMod:SiblingsSouls+1","HollowMod:DescendingDark","HollowMod:SharpenedNail+1","Swift Strike+1"],"relics":["HollowMod:KingsSoulRelic","NeowsBlessing","Ginger","HollowMod:StagPassRelic"],"acts_visited":["Exordium","TheCity"],"potions_floor_usage":[],"damage_taken":[{"damage":0,"enemies":"Small Slimes","floor":1,"turns":1},{"damage":0,"enemies":"3 Sentries","floor":6,"turns":1},{"damage":0,"enemies":"2 Louse","floor":8,"turns":1},{"damage":0,"enemies":"Cultist","floor":12,"turns":2},{"damage":13,"enemies":"Red Slaver","floor":13,"turns":2},{"damage":17,"enemies":"Slime Boss","floor":16,"turns":7},{"damage":44,"enemies":"Shell Parasite","floor":18,"turns":7},{"damage":28,"enemies":"Spheric Guardian","floor":20,"turns":5}],"seed_played":"1279025004744159503","potions_obtained":[{"floor":1,"key":"LiquidMemories"},{"floor":12,"key":"Ancient Potion"},{"floor":13,"key":"Regen Potion"}],"is_trial":false,"path_per_floor":["M","?","?","?","$","E","R","M","T","?","R","M","M","$","R","B",null,"M","$","M","$","?"],"character_chosen":"THE_BUGKNIGHT","items_purchased":["HollowMod:CornifersMapStart","HollowMod:RecoilStrike","HollowMod:SharpenedNail","Swift Strike"],"campfire_rested":0,"item_purchase_floors":[14,14,21,21],"current_hp_per_floor":[75,75,75,75,75,75,75,75,75,75,75,75,62,62,62,45,75,36,36,8,8,0,0],"gold":21,"neow_bonus":"THREE_ENEMY_KILL","is_daily":false,"chose_seed":false,"campfire_upgraded":3,"win_rate":0.0,"timestamp":1610924129,"path_taken":["M","?","?","?","$","E","R","M","T","?","R","M","M","$","R","BOSS","M","$","M","$","?"],"items_purchased_type":["Card","Card","Card","Card"],"build_version":"2020-12-22","purchased_purges":0,"victory":false,"max_hp_per_floor":[75,75,75,75,75,75,75,75,75,75,75,75,75,75,75,75,75,75,75,75,75,75,75],"card_choices":[{"not_picked":["HollowMod:FallenFury","HollowMod:CycloneSlash"],"picked":"HollowMod:SharpenedNail","floor":1},{"not_picked":["HollowMod:CrystalDash","HollowMod:MantisMark"],"picked":"HollowMod:CycloneSlash","floor":6},{"not_picked":["HollowMod:MantisMark","HollowMod:WraithStrike"],"picked":"HollowMod:CycloneSlash","floor":8},{"not_picked":["HollowMod:SiblingsSouls","HollowMod:VengefulVoid"],"picked":"HollowMod:HuntersJournal","floor":12},{"not_picked":["HollowMod:CycloneSlash","HollowMod:HeavyBlow"],"picked":"HollowMod:GreatSlash","floor":13},{"not_picked":["HollowMod:RadiancesLament","HollowMod:NewInfectedGuardian"],"picked":"HollowMod:Hiveblood","floor":16},{"not_picked":["HollowMod:CrystalDash+1","HollowMod:LifebloodCocoon+1"],"picked":"HollowMod:SiblingsSouls+1","floor":18},{"not_picked":["HollowMod:DoubleDash","HollowMod:VengefulVoid"],"picked":"HollowMod:DescendingDark","floor":20}],"player_experience":445129,"relics_obtained":[{"floor":6,"key":"Ginger"},{"floor":9,"key":"HollowMod:StagPassRelic"}],"event_choices":[{"damage_healed":0,"gold_gain":0,"player_choice":"Ignored","damage_taken":0,"max_hp_gain":0,"max_hp_loss":0,"event_name":"Liars Game","floor":2,"gold_loss":0},{"damage_healed":0,"gold_gain":0,"player_choice":"Ignored","damage_taken":0,"max_hp_gain":0,"max_hp_loss":0,"event_name":"Shining Light","floor":3,"gold_loss":0},{"damage_healed":0,"gold_gain":0,"player_choice":"Left Gold","damage_taken":0,"max_hp_gain":0,"max_hp_loss":0,"event_name":"World of Goop","floor":4,"gold_loss":40},{"damage_healed":0,"gold_gain":0,"player_choice":"Ignored","damage_taken":0,"max_hp_gain":0,"max_hp_loss":0,"event_name":"Golden Idol","floor":10,"gold_loss":0}],"is_beta":false,"boss_relics":[{"not_picked":["SacredBark","Busted Crown"],"picked":"HollowMod:KingsSoulRelic"}],"items_purged_floors":[],"is_endless":false,"potions_floor_spawned":[1,12,13,18,20],"ascension_level":0}}