{"host":"rq107ve574byxhfs","time":1610891310,"event":{"mods":["AchievementEnabler","BaseMod","Colored Map","Minty Spire (QoL Compilation)","StSLib","SuperFastMode","everything is the same but u backflip on backflip"],"gold_per_floor":[119,138,138,152,172,172,172,172,195,195,223,243,83,83,83,157,157,169,169,184,184,203,233,233,261,285,312,312,35,35,135,135,212,212,226,126,142,196,210,210,244,259,259,134,147,147,147,173,173,173,173,173],"floor_reached":51,"language":"KOR","playtime":1443,"items_purged":["Strike_P","Strike_P+1","Strike_P+1"],"score":2122,"play_id":"353f9cec-48aa-409d-97b1-07d98786859d","local_time":"20210117224830","is_ascension_mode":true,"campfire_choices":[{"data":"Eruption","floor":6.0,"key":"SMITH"},{"floor":8.0,"key":"REST"},{"data":"CrushJoints","floor":10.0,"key":"SMITH"},{"data":"Adaptation","floor":15.0,"key":"SMITH"},{"data":"Vault","floor":24.0,"key":"SMITH"},{"data":"Vault","floor":30.0,"key":"SMITH"},{"floor":32.0,"key":"REST"},{"data":"Adaptation","floor":40.0,"key":"SMITH"},{"floor":49.0,"key":"RECALL"}],"circlet_count":0,"master_deck":["AscendersBane","Defend_P+1","Eruption+1","Vigilance","CarveReality","CrushJoints+1","Crescendo+1","Adaptation+1","Vault+1","Vault+1","Adaptation+1","FearNoEvil"],"relics":["PureWater","Anchor","Akabeko","Art of War","Empty Cage","Gremlin Horn","MealTicket","War Paint","Happy Flower","Damaru","Sundial","Unceasing Top","Kunai","Black Star","GoldenEye","Singing Bowl","Oddly Smooth Stone","Meat on the Bone","Smiling Mask"],"acts_visited":["Exordium","TheCity","TheBeyond"],"potions_floor_usage":[],"damage_taken":[{"damage":9.0,"enemies":"Jaw Worm","floor":1.0,"turns":2.0},{"damage":0.0,"enemies":"Small Slimes","floor":2.0,"turns":2.0},{"damage":0.0,"enemies":"2 Louse","floor":4.0,"turns":2.0},{"damage":14.0,"enemies":"Large Slime","floor":5.0,"turns":5.0},{"damage":12.0,"enemies":"3 Sentries","floor":11.0,"turns":5.0},{"damage":10.0,"enemies":"Exordium Thugs","floor":12.0,"turns":3.0},{"damage":0.0,"enemies":"Slime Boss","floor":16.0,"turns":3.0},{"damage":0.0,"enemies":"Chosen","floor":18.0,"turns":2.0},{"damage":20.0,"enemies":"3 Byrds","floor":20.0,"turns":5.0},{"damage":0.0,"enemies":"Cultist and Chosen","floor":22.0,"turns":3.0},{"damage":0.0,"enemies":"Gremlin Leader","floor":23.0,"turns":3.0},{"damage":0.0,"enemies":"Book of Stabbing","floor":25.0,"turns":3.0},{"damage":22.0,"enemies":"Slavers","floor":27.0,"turns":4.0},{"damage":0.0,"enemies":"Colosseum Slavers","floor":31.0,"turns":2.0},{"damage":0.0,"enemies":"Colosseum Nobs","floor":31.0,"turns":3.0},{"damage":0.0,"enemies":"Collector","floor":33.0,"turns":5.0},{"damage":0.0,"enemies":"Orb Walker","floor":35.0,"turns":1.0},{"damage":0.0,"enemies":"3 Shapes","floor":37.0,"turns":3.0},{"damage":0.0,"enemies":"2 Orb Walkers","floor":38.0,"turns":3.0},{"damage":1.0,"enemies":"Sphere and 2 Shapes","floor":39.0,"turns":3.0},{"damage":0.0,"enemies":"Giant Head","floor":41.0,"turns":3.0},{"damage":0.0,"enemies":"Spire Growth","floor":42.0,"turns":3.0},{"damage":0.0,"enemies":"Jaw Worm Horde","floor":45.0,"turns":2.0},{"damage":0.0,"enemies":"Reptomancer","floor":48.0,"turns":3.0},{"damage":0.0,"enemies":"Awakened One","floor":50.0,"turns":5.0},{"damage":74,"enemies":"Time Eater","floor":51,"turns":8}],"seed_played":"5332699700533049233","potions_obtained":[{"floor":1.0,"key":"EntropicBrew"},{"floor":4.0,"key":"PowerPotion"},{"floor":25.0,"key":"Regen Potion"},{"floor":27.0,"key":"Fire Potion"},{"floor":33.0,"key":"Explosive Potion"},{"floor":35.0,"key":"AttackPotion"}],"is_trial":false,"path_per_floor":["M","M","?","M","M","R","?","R","T","R","E","M","$","?","R","B",null,"M","?","M","T","M","E","R","E","T","E","?","$","R","?","R","B",null,"M","$","M","?","M","R","E","M","T","$","M","?","?","E","R","B","B"],"character_chosen":"WATCHER","items_purchased":["Adaptation","Sundial"],"campfire_rested":2,"item_purchase_floors":[13,29],"current_hp_per_floor":[52,52,52,52,38,38,18,38,38,38,26,16,16,16,16,16,55,55,55,35,35,35,35,35,35,35,22,22,37,37,37,57,57,65,65,68,68,68,67,67,69,71,71,72,72,72,68,70,70,70,0,0],"gold":173,"neow_bonus":"RANDOM_COMMON_RELIC","is_daily":false,"chose_seed":false,"campfire_upgraded":6,"win_rate":0.0,"timestamp":1610891310,"path_taken":["M","M","?","M","M","R","?","R","T","R","E","M","?","?","R","BOSS","M","?","M","?","?","E","R","E","T","E","?","$","R","?","R","BOSS","M","$","M","?","M","R","E","M","T","$","M","?","?","E","R","BOSS","BOSS"],"items_purchased_type":["Card","Relic"],"build_version":"2020-12-22","purchased_purges":3,"victory":false,"max_hp_per_floor":[68,68,68,68,68,68,68,68,68,68,68,68,68,68,68,68,68,68,68,68,68,68,68,68,68,68,68,68,68,68,68,68,68,68,68,68,68,68,68,68,70,72,72,72,72,72,78,80,80,80,80,80],"card_choices":[{"not_picked":["ReachHeaven","Conclude"],"picked":"CarveReality","floor":1.0},{"not_picked":["Protect","SashWhip","CrushJoints"],"picked":"SKIP","floor":2.0},{"not_picked":["Protect","SashWhip"],"picked":"CrushJoints","floor":2.0},{"not_picked":["Consecrate","EmptyFist","Protect"],"picked":"SKIP","floor":4.0},{"not_picked":["WaveOfTheHand","Sanctity","Consecrate"],"picked":"SKIP","floor":5.0},{"not_picked":["PathToVictory","CarveReality","Meditate"],"picked":"SKIP","floor":12.0},{"not_picked":["Wish","Judgement"],"picked":"Vault","floor":16.0},{"not_picked":["FlurryOfBlows","Study","BowlingBash"],"picked":"SKIP","floor":18.0},{"not_picked":["FlurryOfBlows","FollowUp","Tantrum+1"],"picked":"SKIP","floor":20.0},{"not_picked":["JustLucky","Tantrum","Indignation"],"picked":"SKIP","floor":22.0},{"not_picked":["JustLucky","Weave+1","EmptyFist"],"picked":"SKIP","floor":23.0},{"not_picked":["Evaluate","FlyingSleeves","SashWhip"],"picked":"SKIP","floor":25.0},{"not_picked":["FlyingSleeves","ClearTheMind+1"],"picked":"Vault","floor":27.0},{"not_picked":["Evaluate","BowlingBash"],"picked":"Adaptation","floor":35.0},{"not_picked":["ReachHeaven","Protect+1","FollowUp"],"picked":"SKIP","floor":37.0},{"not_picked":["WaveOfTheHand","Prostrate+1","PathToVictory"],"picked":"SKIP","floor":39.0},{"not_picked":["FlurryOfBlows","EmptyBody","WindmillStrike+1"],"picked":"Singing Bowl","floor":41.0},{"not_picked":["Evaluate","CutThroughFate+1","PathToVictory"],"picked":"Singing Bowl","floor":42.0},{"not_picked":["Evaluate+1","SashWhip"],"picked":"FearNoEvil","floor":45.0},{"not_picked":["Impatience","Magnetism","Deep Breath"],"picked":"Singing Bowl","floor":47.0},{"not_picked":["Transmutation","Jack Of All Trades","Purity"],"picked":"Singing Bowl","floor":47.0},{"not_picked":["Thinking Ahead","Dark Shackles","Purity"],"picked":"Singing Bowl","floor":47.0},{"not_picked":["LikeWater","Vengeance","Consecrate"],"picked":"Singing Bowl","floor":48.0}],"player_experience":1332542,"relics_obtained":[{"floor":9.0,"key":"Akabeko"},{"floor":11.0,"key":"Art of War"},{"floor":21.0,"key":"Gremlin Horn"},{"floor":23.0,"key":"MealTicket"},{"floor":25.0,"key":"War Paint"},{"floor":26.0,"key":"Happy Flower"},{"floor":27.0,"key":"Damaru"},{"floor":31.0,"key":"Unceasing Top"},{"floor":31.0,"key":"Kunai"},{"floor":38.0,"key":"GoldenEye"},{"floor":41.0,"key":"Singing Bowl"},{"floor":41.0,"key":"Oddly Smooth Stone"},{"floor":48.0,"key":"Meat on the Bone"},{"floor":48.0,"key":"Smiling Mask"}],"event_choices":[{"damage_healed":0.0,"max_hp_gain":0.0,"max_hp_loss":0.0,"gold_gain":0.0,"cards_transformed":["Strike_P"],"event_name":"Living Wall","player_choice":"Change","floor":3.0,"gold_loss":0.0,"damage_taken":0.0,"cards_obtained":["Crescendo"]},{"damage_healed":0.0,"max_hp_gain":0.0,"max_hp_loss":0.0,"gold_gain":0.0,"event_name":"Shining Light","player_choice":"Entered Light","floor":7.0,"gold_loss":0.0,"damage_taken":20.0,"cards_upgraded":["Strike_P","Strike_P"]},{"damage_healed":0.0,"max_hp_gain":0.0,"max_hp_loss":0.0,"gold_gain":0.0,"event_name":"Scrap Ooze","player_choice":"Fled","floor":14.0,"gold_loss":0.0,"damage_taken":0.0},{"cards_removed":["Defend_P"],"damage_healed":0.0,"max_hp_gain":0.0,"max_hp_loss":0.0,"gold_gain":0.0,"event_name":"Back to Basics","player_choice":"Elegance","floor":19.0,"gold_loss":0.0,"damage_taken":0.0},{"damage_healed":0.0,"max_hp_gain":0.0,"max_hp_loss":0.0,"gold_gain":0.0,"event_name":"Cursed Tome","player_choice":"Ignored","floor":28.0,"gold_loss":0.0,"damage_taken":0.0},{"damage_healed":0.0,"max_hp_gain":0.0,"max_hp_loss":0.0,"gold_gain":0.0,"event_name":"Colosseum","player_choice":"Fight","floor":31.0,"gold_loss":0.0,"damage_taken":0.0},{"damage_healed":0.0,"max_hp_gain":0.0,"max_hp_loss":0.0,"gold_gain":0.0,"event_name":"Colosseum","player_choice":"Fought Nobs","floor":31.0,"gold_loss":0.0,"damage_taken":0.0},{"damage_healed":0.0,"max_hp_gain":0.0,"max_hp_loss":0.0,"gold_gain":0.0,"event_name":"Mysterious Sphere","player_choice":"Fight","floor":38.0,"gold_loss":0.0,"damage_taken":0.0},{"damage_healed":0.0,"max_hp_gain":0.0,"max_hp_loss":0.0,"gold_gain":0.0,"event_name":"Tomb of Lord Red Mask","player_choice":"Ignored","floor":46.0,"gold_loss":0.0,"damage_taken":0.0},{"damage_healed":0.0,"max_hp_gain":0.0,"max_hp_loss":0.0,"gold_gain":0.0,"event_name":"SensoryStone","player_choice":"Memory 3","floor":47.0,"gold_loss":0.0,"damage_taken":10.0}],"is_beta":false,"boss_relics":[{"not_picked":["Cursed Key","VioletLotus"],"picked":"Empty Cage"},{"not_picked":["SacredBark","Velvet Choker"],"picked":"Black Star"}],"items_purged_floors":[13,36,44],"is_endless":false,"potions_floor_spawned":[1,4,12,18,22,25,27,33,35,41,48],"killed_by":"Time Eater","ascension_level":20}}