{"host":"mmxi1hjn5usmb1ga","time":1610893368,"event":{"mods":["BaseMod","BetterRewards","Downfall","Minty Spire (QoL Compilation)","Quick Restart","READ ME - Guardian Mod","READ ME - Snecko Mod","RumiaBox-露米娅的神秘盒子","Shop Mod","StSLib","Td1madao Mod","The Bug Knight","Yuri Mod","[IsaacMod]以撒尖塔"],"gold_per_floor":[118,418,262,362,362,395,20,20,20,20,45,45,60,91,91,188,188,193,193],"floor_reached":18,"language":"ZHS","playtime":539,"items_purged":["Pain"],"score":324,"play_id":"b9bf3b9a-61c4-4587-adcd-606748763e24","local_time":"20210117222248","is_ascension_mode":false,"campfire_choices":[{"data":"HollowMod:LordofShades","floor":8,"key":"SMITH"},{"data":"HollowMod:GreatSlash","floor":12,"key":"SMITH"},{"data":"HollowMod:CycloneSlash","floor":15,"key":"SMITH"}],"circlet_count":0,"master_deck":["HollowMod:NailStrikeStart","HollowMod:NailStrikeStart","HollowMod:NailStrikeStart","HollowMod:NailStrikeStart","HollowMod:QuickDashStart","HollowMod:QuickDashStart","HollowMod:QuickDashStart","HollowMod:QuickDashStart","HollowMod:FocusHealStart","HollowMod:PogoStrike","downfall:Haunted","Shame","Doubt","Clumsy","downfall:Aged","Normality","HollowMod:LordofShades+1","Shame","HollowMod:GreatSlash+1","downfall:Icky","HollowMod:DoubleDash+1","HollowMod:PerfectDash+1","HollowMod:CycloneSlash+1","HollowMod:PureVessel"],"relics":["HollowMod:VesselMask","HushsDoor","BlankCard","NeowsBlessing","DoctorsRemote","BelialBook","Cursed Key","InkBottle","White Beast Statue","Pen Nib","HowToJump","Ancient Tea Set","Blood Vial","Toxic Egg 2","StoneCalendar","HollowMod:KingsBrand","GnawedLeaf","BloodDonationMachine","Coffee Dripper"],"acts_visited":["Exordium","TheCity"],"potions_floor_usage":[],"damage_taken":[{"damage":0,"enemies":"2 Louse","floor":1,"turns":1},{"damage":0,"enemies":"Lagavulin","floor":6,"turns":2},{"damage":0,"enemies":"Gremlin Nob","floor":11,"turns":1},{"damage":0,"enemies":"Cultist","floor":13,"turns":3},{"damage":37,"enemies":"Lagavulin","floor":14,"turns":6},{"damage":11,"enemies":"The Guardian","floor":16,"turns":13},{"damage":1,"enemies":"3 Byrds","floor":18,"turns":1}],"seed_played":"2189760326735755189","potions_obtained":[{"floor":11,"key":"Slimebound:ThreeZeroPotion"},{"floor":13,"key":"Explosive Potion"},{"floor":14,"key":"DistilledChaos"}],"is_trial":false,"path_per_floor":["M","?","$","?","T","E","$","R","T","$","E","R","M","E","R","B",null,"M"],"character_chosen":"THE_BUGKNIGHT","items_purchased":["BelialBook","HowToJump","Ancient Tea Set"],"campfire_rested":0,"item_purchase_floors":[3,7,7],"current_hp_per_floor":[75,75,75,80,80,80,80,80,80,80,80,80,80,43,43,46,80,0,0],"gold":193,"neow_bonus":"THREE_ENEMY_KILL","is_daily":false,"chose_seed":false,"campfire_upgraded":3,"win_rate":0.0,"timestamp":1610893368,"path_taken":["M","?","$","?","?","E","$","R","T","$","E","R","?","E","R","BOSS","M"],"items_purchased_type":["Relic","Relic","Relic"],"build_version":"2020-12-22","purchased_purges":1,"victory":false,"max_hp_per_floor":[75,75,75,80,80,80,80,80,80,80,80,80,80,80,80,80,80,80,80],"card_choices":[{"not_picked":[],"picked":"Bomb","floor":0},{"not_picked":["HollowMod:DoubleDash","HollowMod:InfectedCysts"],"picked":"Bomb","floor":1},{"not_picked":["HollowMod:BaldurShell","HollowMod:LifebloodCocoon"],"picked":"HollowMod:GreatSlash","floor":6},{"not_picked":["HollowMod:NewInfectedGuardian+1","HollowMod:SoulVessel"],"picked":"HollowMod:DoubleDash+1","floor":11},{"not_picked":["HollowMod:SharpenedNail","HollowMod:WraithStrike"],"picked":"HollowMod:PerfectDash+1","floor":13},{"not_picked":["HollowMod:LifebloodCocoon+1","HollowMod:ElderbugsWisdom"],"picked":"HollowMod:CycloneSlash","floor":14},{"not_picked":["HollowMod:Weaversong","HollowMod:ZotesMagnificence"],"picked":"HollowMod:PureVessel","floor":16}],"player_experience":692826,"relics_obtained":[{"floor":1,"key":"DoctorsRemote"},{"floor":5,"key":"InkBottle"},{"floor":6,"key":"White Beast Statue"},{"floor":6,"key":"Pen Nib"},{"floor":9,"key":"Blood Vial"},{"floor":11,"key":"Toxic Egg 2"},{"floor":11,"key":"StoneCalendar"},{"floor":13,"key":"HollowMod:KingsBrand"},{"floor":14,"key":"GnawedLeaf"},{"floor":14,"key":"BloodDonationMachine"}],"event_choices":[],"is_beta":false,"boss_relics":[{"not_picked":["SlaversCollar","bronze:MakeshiftBattery"],"picked":"Coffee Dripper"},{"not_picked":[]}],"items_purged_floors":[7],"is_endless":false,"potions_floor_spawned":[11,13,14,16],"killed_by":"3 Byrds","ascension_level":0}}