{"host":"sav7uxregyirlf69","time":1610898110,"event":{"mods":["AchievementEnabler","BaseMod","Colored Map","DeckTracker","Keyboard Shortcuts","Minty Spire (QoL Compilation)","READ ME - Guardian Mod","StSLib","SuperFastMode"],"gold_per_floor":[117,133,149,74,86,118,132,132,132,151,151,168,196,208,208,208,208],"floor_reached":16,"language":"KOR","playtime":301,"items_purged":[],"score":247,"play_id":"0fd9892a-096c-45a9-8a82-8c937d8b4a6a","local_time":"20210118004150","is_ascension_mode":true,"campfire_choices":[{"data":"Adaptation","floor":11.0,"key":"SMITH"},{"floor":15.0,"key":"REST"}],"circlet_count":0,"master_deck":["AscendersBane","Strike_P","Strike_P","Strike_P","Defend_P","Defend_P","Defend_P","Defend_P","Eruption+1","Vigilance","CrushJoints","Crescendo","Adaptation+1","Tantrum","BowlingBash+1","TalkToTheHand+1","MentalFortress"],"relics":["PureWater","Molten Egg 2","Sundial","TeardropLocket"],"acts_visited":["Exordium"],"potions_floor_usage":[16,16],"damage_taken":[{"damage":1.0,"enemies":"Small Slimes","floor":1.0,"turns":4.0},{"damage":0.0,"enemies":"Cultist","floor":2.0,"turns":3.0},{"damage":0.0,"enemies":"Jaw Worm","floor":3.0,"turns":3.0},{"damage":20.0,"enemies":"Lots of Slimes","floor":5.0,"turns":3.0},{"damage":0.0,"enemies":"Gremlin Nob","floor":6.0,"turns":2.0},{"damage":9.0,"enemies":"Looter","floor":7.0,"turns":3.0},{"damage":10.0,"enemies":"Exordium Thugs","floor":10.0,"turns":3.0},{"damage":5.0,"enemies":"Blue Slaver","floor":12.0,"turns":3.0},{"damage":12.0,"enemies":"3 Sentries","floor":13.0,"turns":8.0},{"damage":0.0,"enemies":"2 Fungi Beasts","floor":14.0,"turns":1.0},{"damage":30,"enemies":"The Guardian","floor":16,"turns":4}],"seed_played":"635145463983243293","potions_obtained":[{"floor":1.0,"key":"DuplicationPotion"},{"floor":5.0,"key":"Fire Potion"},{"floor":10.0,"key":"Fire Potion"},{"floor":12.0,"key":"DistilledChaos"}],"is_trial":false,"path_per_floor":["M","M","M","$","M","E","M","?","T","M","R","M","E","M","R","B"],"character_chosen":"WATCHER","items_purchased":["Adaptation"],"campfire_rested":1,"item_purchase_floors":[4],"current_hp_per_floor":[60,60,60,60,40,40,31,31,31,21,21,16,4,4,24,0,0],"gold":208,"neow_bonus":"UPGRADE_CARD","is_daily":false,"chose_seed":false,"campfire_upgraded":1,"win_rate":0.0,"timestamp":1610898110,"path_taken":["M","M","M","$","M","E","M","?","T","M","R","M","E","M","R","BOSS"],"items_purchased_type":["Card"],"build_version":"2020-12-22","purchased_purges":0,"victory":false,"max_hp_per_floor":[68,68,68,68,68,68,68,68,68,68,68,68,68,68,68,68,68],"card_choices":[{"not_picked":["DeceiveReality","Protect","JustLucky"],"picked":"SKIP","floor":1.0},{"not_picked":["EmptyBody","WindmillStrike"],"picked":"CrushJoints","floor":2.0},{"not_picked":["PathToVictory","Fasting2"],"picked":"Crescendo","floor":3.0},{"not_picked":["FlurryOfBlows","WaveOfTheHand"],"picked":"Tantrum","floor":5.0},{"not_picked":["Vault","PathToVictory"],"picked":"BowlingBash+1","floor":6.0},{"not_picked":["EmptyFist+1","Meditate"],"picked":"TalkToTheHand+1","floor":7.0},{"not_picked":["BowlingBash+1","Sanctity","Collect"],"picked":"SKIP","floor":10.0},{"not_picked":["JustLucky+1","ReachHeaven+1","Collect"],"picked":"SKIP","floor":12.0},{"not_picked":["Judgement","Vengeance"],"picked":"MentalFortress","floor":13.0},{"not_picked":["CrushJoints+1","ClearTheMind","Evaluate"],"picked":"SKIP","floor":14.0}],"player_experience":1304719,"relics_obtained":[{"floor":6.0,"key":"Molten Egg 2"},{"floor":9.0,"key":"Sundial"},{"floor":13.0,"key":"TeardropLocket"}],"event_choices":[{"cards_removed":["Strike_P"],"damage_healed":0.0,"max_hp_gain":0.0,"max_hp_loss":0.0,"gold_gain":0.0,"event_name":"Bonfire Elementals","player_choice":"Offered Basic","floor":8.0,"gold_loss":0.0,"damage_taken":0.0}],"is_beta":false,"boss_relics":[],"items_purged_floors":[],"is_endless":false,"potions_floor_spawned":[1,5,10,12,13],"killed_by":"The Guardian","ascension_level":15}}