{"host":"c5slkkw8hp42e20v","time":1610874338,"event":{"mods":["AchievementEnabler","BaseMod","Better Note","BetterRewards","Colored Powertips","DeckTracker","Friendly Minions","GifTheSpireLib","Hermit","Highlight Path","Minty Spire (QoL Compilation)","Quick Restart","Rare Cards Sparkle","Replay The Spire","Spicy Shops","StSLib","The Animator","The Hierophant","The Poker Player","????"],"gold_per_floor":[131,158,128,160,203,255,255,294,320,387,387,387,387,418,418,448,448],"floor_reached":16,"language":"ENG","playtime":616,"items_purged":[],"score":162,"play_id":"2058d226-e1ae-45eb-91a4-44b16adffcf3","local_time":"20210117030538","is_ascension_mode":false,"campfire_choices":[{"floor":7,"key":"REST"},{"floor":13,"key":"REST"}],"circlet_count":0,"master_deck":["Strike_G","Strike_G","Strike_G","Strike_G","Strike_G","Defend_G","Defend_G","Defend_G","Survivor","Neutralize","Infinite Blades","Replay:Bootleg Shield Generator","Reflex","Blade Dance","Blade Dance","Accuracy","Dagger Throw","Hidden Blade","Heel Hook","Toxin Wave","Burst"],"relics":["Ring of the Snake","Replay:Bandana","ReplayTheSpireMod:Ninjato","ReplayTheSpireMod:TigerMarble","Snake Skull","Bottled Lightning"],"acts_visited":["Exordium"],"potions_floor_usage":[],"damage_taken":[{"damage":4,"enemies":"Small Slimes","floor":1,"turns":4},{"damage":0,"enemies":"Cultist","floor":2,"turns":5},{"damage":9,"enemies":"2 Louse","floor":4,"turns":3},{"damage":12,"enemies":"Exordium Thugs","floor":5,"turns":5},{"damage":13,"enemies":"Lagavulin","floor":6,"turns":6},{"damage":10,"enemies":"Exordium Wildlife","floor":8,"turns":3},{"damage":21,"enemies":"Gremlin Nob","floor":10,"turns":4},{"damage":0,"enemies":"2 Fungi Beasts","floor":14,"turns":2},{"damage":36,"enemies":"The Guardian","floor":16,"turns":3}],"seed_played":"-4014285276087241806","potions_obtained":[{"floor":2,"key":"LiquidMemories"},{"floor":3,"key":"Venom Potion"},{"floor":3,"key":"AttackPotion"}],"is_trial":false,"path_per_floor":["M","M","?","M","M","E","R","M","T","E","T","?","R","M","R","B"],"character_chosen":"THE_SILENT","items_purchased":["Replay:Bandana","Infinite Blades"],"campfire_rested":2,"item_purchase_floors":[0,0],"current_hp_per_floor":[66,66,66,57,45,32,53,43,43,22,22,15,36,36,36,0,0],"gold":448,"neow_bonus":"","is_daily":false,"chose_seed":false,"campfire_upgraded":0,"win_rate":0.0,"timestamp":1610874338,"path_taken":["M","M","?","M","?","E","R","M","T","E","?","?","R","M","R","BOSS"],"items_purchased_type":["Relic","Card"],"build_version":"2020-12-22","purchased_purges":0,"victory":false,"max_hp_per_floor":[70,70,70,70,70,70,70,70,70,70,70,70,70,70,70,70,70],"card_choices":[{"not_picked":["Heel Hook","Dagger Spray"],"picked":"Reflex","floor":1},{"not_picked":["ReplayTheSpireMod:Tripwire","Riddle With Holes"],"picked":"Blade Dance","floor":2},{"not_picked":["Acrobatics","Accuracy"],"picked":"Blade Dance","floor":4},{"not_picked":["Masterful Stab","Draining Mist"],"picked":"Accuracy","floor":5},{"not_picked":["Escape Plan","ReplayTheSpireMod:Scrap Shanks"],"picked":"Dagger Throw","floor":6},{"not_picked":["Distraction","Prepared"],"picked":"Hidden Blade","floor":8},{"not_picked":["Terror","Fluid Movement"],"picked":"Heel Hook","floor":10},{"not_picked":["Deflect","Slice"],"picked":"Toxin Wave","floor":14}],"player_experience":55326,"relics_obtained":[{"floor":6,"key":"ReplayTheSpireMod:Ninjato"},{"floor":9,"key":"ReplayTheSpireMod:TigerMarble"},{"floor":10,"key":"Snake Skull"},{"floor":11,"key":"Bottled Lightning"}],"event_choices":[{"damage_healed":0,"gold_gain":0,"player_choice":"Bought 2 Potions","damage_taken":0,"max_hp_gain":0,"max_hp_loss":0,"event_name":"The Woman in Blue","floor":3,"gold_loss":0},{"cards_removed":["Defend_G"],"damage_healed":0,"gold_gain":0,"player_choice":"Card Removal","damage_taken":7,"max_hp_gain":0,"max_hp_loss":0,"event_name":"Golden Wing","floor":12,"gold_loss":0}],"is_beta":false,"boss_relics":[],"items_purged_floors":[],"is_endless":false,"potions_floor_spawned":[2,4,6,14],"killed_by":"The Guardian","ascension_level":0}}