{"host":"h3vysik1bw5w0dm6","time":1610924241,"event":{"mods":["AchievementEnabler","Aspiration","BaseMod","Better Note","Better Sensory Stone","Better Vampires","BetterRewards","Colored Powertips","Conspire","Downfall","Friendly Minions","Googly Eyes","Gremlin Skip","Halation","Infinite Spire","Minty Spire (QoL Compilation)","Quick Restart","Shop Mod","StSLib"],"gold_per_floor":[199,210,221,221,221,238,238,12,37,37,54,54,54,70,90,192,192,192,209,225,67,67,67,67,67,83,113,113,128,142,142,152,253,253,253,270,370,167,183,42,42,56,56,68,81,81,96,119,134,134],"floor_reached":51,"language":"ENG","playtime":4392,"items_purged":["bronze:Mutator+1","bronze:Defend"],"score":648,"play_id":"67f3e0a4-9749-4e5c-9dea-158fc5c416ec","local_time":"20210117235721","is_ascension_mode":false,"campfire_choices":[{"data":"bronze:Replicate","floor":1,"key":"SMITH"},{"data":"bronze:Goto","floor":10,"key":"SMITH"},{"data":"bronze:Overload","floor":13,"key":"SMITH"},{"data":"bronze:FineTuning","floor":18,"key":"SMITH"},{"data":"bronze:ChildClass","floor":28,"key":"SMITH"},{"data":"infinitespire:Collect","floor":35,"key":"SMITH"}],"circlet_count":0,"master_deck":["bronze:Strike","bronze:Strike","bronze:Strike","bronze:Strike","bronze:Defend","bronze:Defend","bronze:Defend","bronze:Replicate+1","bronze:Goto+1","bronze:Repair","bronze:Overload+1","bronze:FineTuning+1","bronze:Optimize+1","bronze:ChildClass+1","bronze:ItsAFeature+1","bronze:MaxOutput+1","bronze:Verify+1","bronze:CutThrough","bronze:Frontload","bronze:OilSpill+1","bronze:Boost+1","bronze:FineTuning","bronze:BuggyMess","infinitespire:Collect+1","bronze:Format","bronze:ForLoop+1","bronze:OilSpill+1","Hello World+1","bronze:Flail+1","bronze:Repulsor+1","bronze:Overload+1","bronze:Fortify","bronze:Branch+1"],"relics":["bronze:BronzeCore","downfall:ShatteredFragment","Happy Flower","Frozen Egg 2","Bottled Lightning","halation:EternalFortune","Busted Crown","Omamori","infinitespire:ShieldingShard","infinitespire:BottledMercury","bronze:SilverBullet","Lizard Tail","aspiration:DefectSkillbook","Gremlin Horn","PreservedInsect","conspire:InfiniteJournal","bronze:BottledCode","Pear","halation:PromiseList"],"acts_visited":["Exordium","TheCity","TheBeyond"],"potions_floor_usage":[9,19,30,32,42,44,50,50,50],"damage_taken":[{"damage":1,"enemies":"Cultist","floor":2,"turns":4},{"damage":0,"enemies":"conspire:RoseBush","floor":3,"turns":4},{"damage":2,"enemies":"Jaw Worm","floor":6,"turns":3},{"damage":0,"enemies":"downfall:FleeingMerchant","floor":8,"turns":4},{"damage":3,"enemies":"Gremlin Nob","floor":9,"turns":3},{"damage":0,"enemies":"Blue Slaver","floor":11,"turns":3},{"damage":0,"enemies":"conspire:2 RoseBushes","floor":14,"turns":4},{"damage":4,"enemies":"Blue Slaver","floor":15,"turns":4},{"damage":32,"enemies":"DF_ARCHETYPE_STREAMLINE","floor":16,"turns":9},{"damage":0,"enemies":"Chosen","floor":19,"turns":5},{"damage":20,"enemies":"Spheric Guardian","floor":20,"turns":4},{"damage":0,"enemies":"downfall:FleeingMerchant","floor":21,"turns":4},{"damage":0,"enemies":"Snake Plant","floor":26,"turns":5},{"damage":29,"enemies":"Gremlin Leader","floor":27,"turns":7},{"damage":9,"enemies":"conspire:HollyBat","floor":29,"turns":6},{"damage":19,"enemies":"Snecko","floor":30,"turns":4},{"damage":0,"enemies":"Centurion and Healer","floor":32,"turns":4},{"damage":12,"enemies":"IC_MUSHROOM_ARCHETYPE","floor":33,"turns":10},{"damage":0,"enemies":"Orb Walker","floor":36,"turns":2},{"damage":0,"enemies":"downfall:FleeingMerchant","floor":38,"turns":4},{"damage":8,"enemies":"3 Darklings","floor":39,"turns":4},{"damage":0,"enemies":"4 Shapes","floor":42,"turns":3},{"damage":0,"enemies":"Transient","floor":44,"turns":5},{"damage":21,"enemies":"Jaw Worm Horde","floor":45,"turns":3},{"damage":0,"enemies":"Spire Growth","floor":47,"turns":4},{"damage":4,"enemies":"4 Shapes","floor":49,"turns":3},{"damage":3,"enemies":"WA_ARCHETYPE_DIVINITY","floor":50,"turns":7}],"seed_played":"7615571913976446434","potions_obtained":[{"floor":11,"key":"Block Potion"},{"floor":14,"key":"ColorlessPotion"},{"floor":16,"key":"Block Potion"},{"floor":19,"key":"LiquidMemories"},{"floor":25,"key":"CultistPotion"},{"floor":36,"key":"hexamod:SoulburnPotion"},{"floor":42,"key":"FearPotion"},{"floor":49,"key":"Energy Potion"}],"is_trial":false,"path_per_floor":["R","M","M","?","?","M","T","$","E","R","M","?","R","M","M","B",null,"R","M","M","$","?","?","T","?","M","E","R","M","M","AVR","M","B",null,"R","M","?","$","M","$","T","M","?","M","M","T","M","?","M","B",null],"character_chosen":"THE_AUTOMATON","items_purchased":["bronze:Optimize+1","bronze:ChildClass","AttackPotion","SteroidPotion","Omamori","Gremlin Horn","PreservedInsect","Hello World+1","bronze:Repulsor+1","DistilledChaos"],"campfire_rested":0,"item_purchase_floors":[8,8,8,8,21,38,38,38,40,40],"current_hp_per_floor":[70,69,70,49,49,54,54,62,67,67,67,70,70,73,73,41,73,73,76,66,76,76,76,76,76,76,60,60,61,49,49,59,56,79,79,79,79,79,75,75,75,79,69,69,48,58,68,68,64,71],"gold":134,"neow_bonus":"HUNDRED_GOLD","is_daily":false,"chose_seed":false,"campfire_upgraded":6,"win_rate":0.0,"timestamp":1610924241,"path_taken":["R","M","M","?","?","M","T","$","E","R","M","?","R","M","M","BOSS","R","M","M","$","?","?","T","?","?","E","R","M","M","AVR","M","BOSS","R","M","?","$","M","?","T","M","?","M","?","?","M","?","M","BOSS"],"items_purchased_type":["Card","Card","Potion","Potion","Relic","Relic","Relic","Card","Card","Potion"],"build_version":"2020-12-22","purchased_purges":2,"victory":true,"max_hp_per_floor":[70,70,70,70,70,70,70,70,70,70,70,73,73,73,73,73,73,73,76,76,76,76,76,76,76,76,79,79,79,79,79,79,79,79,79,79,79,79,79,79,79,79,69,69,69,79,82,82,82,82],"card_choices":[{"not_picked":["bronze:Branch","bronze:FollowUp"],"picked":"bronze:Repair","floor":2},{"not_picked":["bronze:WhirlingStrike","bronze:Overheat"],"picked":"bronze:Overload","floor":3},{"not_picked":["bronze:Overheat","bronze:BugBarrage"],"picked":"bronze:FineTuning","floor":6},{"not_picked":["bronze:Backtrace","bronze:WildBeam"],"picked":"bronze:Mutator+1","floor":8},{"not_picked":["bronze:Break","bronze:WhirlingStrike","bronze:WildBeam"],"picked":"SKIP","floor":9},{"not_picked":["bronze:BugBarrage","bronze:WildBeam"],"picked":"bronze:ItsAFeature+1","floor":11},{"not_picked":["bronze:OilSpill","bronze:Overload"],"picked":"bronze:MaxOutput+1","floor":14},{"not_picked":["bronze:Invalidate","bronze:DarkDash","bronze:BugBarrage"],"picked":"SKIP","floor":15},{"not_picked":["bronze:HyperBeam","bronze:FindAndReplace"],"picked":"bronze:Verify+1","floor":16},{"not_picked":[],"picked":"bronze:CutThrough","floor":19},{"not_picked":[],"picked":"bronze:Frontload","floor":20},{"not_picked":["bronze:GetLatest"],"picked":"SKIP","floor":21},{"not_picked":[],"picked":"bronze:OilSpill+1","floor":26},{"not_picked":[],"picked":"bronze:Boost+1","floor":27},{"not_picked":[],"picked":"bronze:FineTuning","floor":29},{"not_picked":[],"picked":"bronze:BuggyMess","floor":30},{"not_picked":["bronze:CloningBeam"],"picked":"SKIP","floor":32},{"not_picked":[],"picked":"bronze:Format","floor":33},{"not_picked":["Stack+1"],"picked":"bronze:ForLoop+1","floor":36},{"not_picked":["bronze:CloningBeam+1"],"picked":"bronze:OilSpill+1","floor":38},{"not_picked":["Rip and Tear+1"],"picked":"bronze:Flail+1","floor":39},{"not_picked":["bronze:Philosophize"],"picked":"bronze:Overload+1","floor":42},{"not_picked":["Hello World+1"],"picked":"bronze:Fortify","floor":44},{"not_picked":["Undo","Barrage"],"picked":"SKIP","floor":45},{"not_picked":["Redo+1","conspire:SharedLibrary+1"],"picked":"SKIP","floor":47},{"not_picked":["bronze:BitShift"],"picked":"bronze:Branch+1","floor":49}],"player_experience":380934,"relics_obtained":[{"floor":7,"key":"Frozen Egg 2"},{"floor":9,"key":"Bottled Lightning"},{"floor":19,"key":"halation:EternalFortune"},{"floor":24,"key":"infinitespire:BottledMercury"},{"floor":27,"key":"halation:EternalFortune"},{"floor":27,"key":"bronze:SilverBullet"},{"floor":41,"key":"conspire:InfiniteJournal"},{"floor":46,"key":"Pear"},{"floor":47,"key":"halation:EternalFortune"},{"floor":48,"key":"halation:PromiseList"}],"event_choices":[{"damage_healed":0,"gold_gain":0,"player_choice":"Ignored","damage_taken":0,"max_hp_gain":0,"max_hp_loss":0,"event_name":"betterNote:BetterNote","floor":22,"gold_loss":0,"cards_obtained":["bronze:SpaghettiCode"]}],"is_beta":false,"boss_relics":[{"not_picked":["Velvet Choker","Cursed Key"],"picked":"Busted Crown"},{"not_picked":["Coffee Dripper","halation:PinkAlligatorPlush"],"picked":"aspiration:DefectSkillbook"}],"items_purged_floors":[31,38],"is_endless":false,"potions_floor_spawned":[11,14,15,16,19,26,27,29,36,42,49],"ascension_level":0}}