{"host":"b995t17pt6d05w8c","time":1610916925,"event":{"mods":["AchievementEnabler","BaseMod","Colored Map","DeckTracker","Keyboard Shortcuts","Minty Spire (QoL Compilation)","Permanent Neow","SuperFastMode"],"gold_per_floor":[116,131,149,165,165,165,182,232,232,246,256,256,12,12,12,86,86,96,107,287,29,45,78,78,78,78,91,91,124,138,138,138,213,213,225,250,268,268,143,143,170,170,196,196,196,196,208,58,58,58],"floor_reached":51,"language":"KOR","playtime":1496,"items_purged":["Strike_P","Strike_P","Defend_P","DeusExMachina"],"score":1434,"play_id":"ecd4430a-f9cd-481a-b5ea-44b724e9d03a","local_time":"20210118055525","is_ascension_mode":true,"campfire_choices":[{"data":"Eruption","floor":6.0,"key":"SMITH"},{"floor":12.0,"key":"REST"},{"floor":15.0,"key":"REST"},{"data":"MentalFortress","floor":24.0,"key":"SMITH"},{"data":"SandsOfTime","floor":28.0,"key":"SMITH"},{"data":"Fasting2","floor":32,"key":"SMITH"},{"data":"Madness","floor":40,"key":"SMITH"},{"data":"Madness","floor":42,"key":"SMITH"},{"floor":44,"key":"REST"},{"data":"Halt","floor":49,"key":"SMITH"}],"circlet_count":0,"master_deck":["AscendersBane","Strike_P","Defend_P","Eruption+1","Vigilance","Adaptation+1","Vault+1","MentalFortress+1","Halt+1","SandsOfTime+1","Fasting2+1","Adaptation+1","Madness+1","Madness+1"],"relics":["PureWater","Incense Burner","Singing Bowl","OrangePellets","Runic Pyramid","Medical Kit","Shuriken","Meat on the Bone","Red Mask","Empty Cage","Unceasing Top","Mummified Hand","Vajra"],"acts_visited":["Exordium","TheCity","TheBeyond"],"potions_floor_usage":[46,50],"damage_taken":[{"damage":4.0,"enemies":"Jaw Worm","floor":1.0,"turns":4.0},{"damage":1.0,"enemies":"2 Louse","floor":2.0,"turns":3.0},{"damage":0.0,"enemies":"Cultist","floor":3.0,"turns":2.0},{"damage":3.0,"enemies":"2 Fungi Beasts","floor":4.0,"turns":4.0},{"damage":9.0,"enemies":"Exordium Wildlife","floor":7.0,"turns":3.0},{"damage":10.0,"enemies":"Exordium Thugs","floor":10.0,"turns":9.0},{"damage":2.0,"enemies":"3 Louse","floor":11.0,"turns":5.0},{"damage":6.0,"enemies":"The Guardian","floor":16.0,"turns":11.0},{"damage":5.0,"enemies":"2 Thieves","floor":18.0,"turns":4.0},{"damage":0.0,"enemies":"3 Byrds","floor":19.0,"turns":6.0},{"damage":0.0,"enemies":"3 Cultists","floor":22.0,"turns":5.0},{"damage":10.0,"enemies":"Book of Stabbing","floor":23.0,"turns":5.0},{"damage":0.0,"enemies":"Cultist and Chosen","floor":27.0,"turns":6.0},{"damage":7,"enemies":"Masked Bandits","floor":29,"turns":8},{"damage":0,"enemies":"Snecko","floor":30,"turns":6},{"damage":18,"enemies":"Collector","floor":33,"turns":9},{"damage":7,"enemies":"3 Shapes","floor":35,"turns":4},{"damage":0,"enemies":"Mind Bloom Boss Battle","floor":36,"turns":6},{"damage":7,"enemies":"Orb Walker","floor":37,"turns":4},{"damage":0,"enemies":"Giant Head","floor":41,"turns":4},{"damage":1,"enemies":"Reptomancer","floor":46,"turns":3},{"damage":0,"enemies":"Maw","floor":47,"turns":8},{"damage":25,"enemies":"Time Eater","floor":50,"turns":5}],"seed_played":"-1140631272834457747","potions_obtained":[{"floor":3.0,"key":"FearPotion"},{"floor":10.0,"key":"StancePotion"},{"floor":18.0,"key":"Weak Potion"},{"floor":27.0,"key":"SpeedPotion"},{"floor":45,"key":"ColorlessPotion"},{"floor":45,"key":"SmokeBomb"}],"is_trial":false,"path_per_floor":["M","M","M","M","?","R","M","?","T","M","M","R","$","?","R","B",null,"M","M","?","$","M","E","R","?","T","M","R","?","M","?","R","B",null,"M","?","M","?","$","R","E","R","T","R","?","E","M","$","R","B",null],"character_chosen":"WATCHER","items_purchased":["OrangePellets","Medical Kit"],"campfire_rested":3,"item_purchase_floors":[13,21],"current_hp_per_floor":[39,38,38,35,35,35,26,26,26,16,14,34,34,14,34,30,60,57,57,38,38,40,32,32,32,32,44,44,51,53,53,53,49,74,69,71,64,49,49,49,51,51,51,77,77,76,78,78,78,53],"gold":58,"neow_bonus":"ONE_RARE_RELIC","is_daily":false,"chose_seed":false,"campfire_upgraded":7,"win_rate":0.0,"timestamp":1610916925,"path_taken":["M","M","M","M","?","R","M","?","T","M","?","R","$","?","R","BOSS","M","M","?","?","?","E","R","?","T","M","R","?","M","?","R","BOSS","M","?","M","?","$","R","E","R","T","R","?","E","M","$","R","BOSS"],"items_purchased_type":["Relic","Relic"],"build_version":"2020-12-22","purchased_purges":4,"victory":true,"max_hp_per_floor":[68,68,68,68,68,68,68,68,68,68,68,68,68,68,68,70,70,72,72,72,72,74,76,76,76,76,76,76,78,80,80,80,82,82,84,86,86,86,86,86,88,88,88,88,88,88,90,90,90,90],"card_choices":[{"not_picked":["Evaluate","Study"],"picked":"Adaptation","floor":1.0},{"not_picked":["EmptyBody","Study","Fasting2"],"picked":"SKIP","floor":2.0},{"not_picked":["FlurryOfBlows","Prostrate","EmptyBody"],"picked":"SKIP","floor":3.0},{"not_picked":["Worship","Indignation"],"picked":"Vault","floor":4.0},{"not_picked":["EmptyBody","CrushJoints"],"picked":"MentalFortress","floor":7.0},{"not_picked":["FlurryOfBlows","BattleHymn"],"picked":"Halt","floor":10.0},{"not_picked":["FollowUp","Prostrate"],"picked":"SandsOfTime","floor":11.0},{"not_picked":["ConjureBlade","Judgement","Brilliance"],"picked":"Singing Bowl","floor":16.0},{"not_picked":["EmptyFist","FollowUp","Protect"],"picked":"Singing Bowl","floor":18.0},{"not_picked":["Vengeance","SashWhip"],"picked":"DeusExMachina","floor":19.0},{"not_picked":["WindmillStrike","WaveOfTheHand","ReachHeaven"],"picked":"Singing Bowl","floor":22.0},{"not_picked":["ThirdEye","Collect","Consecrate+1"],"picked":"Singing Bowl","floor":23.0},{"not_picked":["Prostrate","BowlingBash"],"picked":"Fasting2","floor":27.0},{"not_picked":["EmptyBody","EmptyFist","Crescendo"],"picked":"Singing Bowl","floor":29},{"not_picked":["Meditate","SashWhip","Collect"],"picked":"Singing Bowl","floor":30},{"not_picked":["Blasphemy","DevaForm","SpiritShield"],"picked":"Singing Bowl","floor":33},{"not_picked":["FlyingSleeves+1","PathToVictory","JustLucky"],"picked":"Singing Bowl","floor":35},{"not_picked":["ReachHeaven+1","LikeWater","Prostrate+1"],"picked":"Singing Bowl","floor":36},{"not_picked":["Evaluate","ClearTheMind"],"picked":"Adaptation+1","floor":37},{"not_picked":["WheelKick","Omniscience","Evaluate+1"],"picked":"Singing Bowl","floor":41},{"not_picked":["ClearTheMind+1","FlurryOfBlows+1","Protect"],"picked":"Singing Bowl","floor":47}],"player_experience":144629,"relics_obtained":[{"floor":9.0,"key":"Singing Bowl"},{"floor":23.0,"key":"Shuriken"},{"floor":26.0,"key":"Meat on the Bone"},{"floor":29,"key":"Red Mask"},{"floor":36,"key":"Unceasing Top"},{"floor":41,"key":"Mummified Hand"},{"floor":43,"key":"Vajra"}],"event_choices":[{"cards_removed":["Defend_P"],"damage_healed":0.0,"max_hp_gain":0.0,"max_hp_loss":0.0,"gold_gain":0.0,"event_name":"Living Wall","player_choice":"Forget","floor":5.0,"gold_loss":0.0,"damage_taken":0.0},{"damage_healed":0.0,"max_hp_gain":0.0,"max_hp_loss":0.0,"gold_gain":50.0,"event_name":"Golden Shrine","player_choice":"Pray","floor":8.0,"gold_loss":0.0,"damage_taken":0.0},{"damage_healed":0.0,"max_hp_gain":0.0,"max_hp_loss":0.0,"gold_gain":0.0,"event_name":"Shining Light","player_choice":"Entered Light","floor":14.0,"gold_loss":0.0,"damage_taken":20.0,"cards_upgraded":["Adaptation","Vault"]},{"damage_healed":0.0,"max_hp_gain":0.0,"max_hp_loss":0.0,"gold_gain":180.0,"event_name":"Knowing Skull","player_choice":"GOLD GOLD ","floor":20.0,"potions_obtained":[],"gold_loss":0.0,"damage_taken":19.0,"cards_obtained":[]},{"damage_healed":0.0,"max_hp_gain":0.0,"max_hp_loss":0.0,"gold_gain":0.0,"event_name":"Cursed Tome","player_choice":"Ignored","floor":25.0,"gold_loss":0.0,"damage_taken":0.0},{"damage_healed":0,"gold_gain":0,"player_choice":"Fought Bandits","damage_taken":0,"max_hp_gain":0,"max_hp_loss":0,"event_name":"Masked Bandits","floor":29,"gold_loss":0},{"damage_healed":0,"gold_gain":0,"player_choice":"Ignored","damage_taken":0,"max_hp_gain":0,"max_hp_loss":0,"event_name":"Ghosts","floor":31,"gold_loss":0},{"damage_healed":0,"gold_gain":0,"player_choice":"Fight","damage_taken":0,"max_hp_gain":0,"max_hp_loss":0,"event_name":"MindBloom","floor":36,"gold_loss":0},{"damage_healed":0,"gold_gain":0,"player_choice":"Embrace Madness","damage_taken":15,"max_hp_gain":0,"max_hp_loss":0,"event_name":"Winding Halls","floor":38,"gold_loss":0,"cards_obtained":["Madness","Madness"]},{"damage_healed":0,"gold_gain":0,"player_choice":"Got Potions","damage_taken":0,"max_hp_gain":0,"max_hp_loss":0,"event_name":"Lab","floor":45,"gold_loss":0}],"is_beta":false,"boss_relics":[{"not_picked":["Ectoplasm","Fusion Hammer"],"picked":"Runic Pyramid"},{"not_picked":["Runic Dome","Black Star"],"picked":"Empty Cage"}],"items_purged_floors":[13,21,39,48],"is_endless":false,"potions_floor_spawned":[3,10,11,18,22,27,37,41],"ascension_level":18}}