{"host":"gk9qdtkqd8dwfeg2","time":1610892017,"event":{"mods":["Act Like it!","Aspiration","BaseMod","Colored Powertips","KomeijiMod","Minty Spire (QoL Compilation)","Quick Restart","Replay The Spire","Shop Mod","StSLib","TestMod","The Gatherer","The Servant 0.9.4","Waifu the Spire","WarShipGirlsR/战舰少女R mod","Yuri Mod"],"gold_per_floor":[119,119,119,39,54,79,79,109,109,109,139,159,84,84,84,160,160,171,171,187,187,201,99,130,130,153,553,572,597,697,697,697,770,770,787,811,825,457,476,476,508,508,535,560,913,929,64,81,81,81,81,81,81,81,114,114],"floor_reached":57,"language":"ZHS","playtime":1371,"items_purged":["Injury","Overencumbered","yuri:MarkovCurse"],"score":2553,"play_id":"620d0834-85b4-442f-b4f3-99bbb2ccaf26","local_time":"20210117220017","is_ascension_mode":true,"campfire_choices":[{"data":"Eruption","floor":7.0,"key":"SMITH"},{"data":"Adaptation","floor":10,"key":"SMITH"},{"floor":15,"key":"RECALL"},{"data":"Vigilance","floor":25,"key":"SMITH"},{"data":"DevaForm","floor":32,"key":"SMITH"},{"data":"Defend_P","floor":40,"key":"SMITH"},{"floor":42,"key":"REST"},{"floor":49,"key":"REST"},{"floor":53,"key":"REST"}],"circlet_count":0,"master_deck":["AscendersBane","Defend_P+1","Eruption+1","Vigilance+1","WheelKick+1","SignatureMove+1","Adaptation+1","FearNoEvil+1","DevaForm+1","MentalFortress+1","Adaptation+1","Parasite","Wallop+1"],"relics":["PureWater","testmod-Fanaticism","Molten Egg 2","Juzu Bracelet","MealTicket","Pantograph","Singing Bowl","WarpedTongs","Nloth\u0027s Gift","MerchantsRug","Blue Candle","Boot","testmod-EqualTreatment","Kunai","Replay:Ancient Bell","Bag of Preparation","testmod-ArcanaOfDestiny","testmod-CrystalShield","Pen Nib","Replay:Ringing Soul","Yang","Onion Ring","aspiration:Nostalgia","rmod:firstchargereward","testmod-Register","Whetstone"],"acts_visited":["Exordium","TheCity","TheBeyond","TheEnding"],"potions_floor_usage":[16,20,30,44,47,51],"damage_taken":[{"damage":0.0,"enemies":"Small Slimes","floor":1.0,"turns":2.0},{"damage":0.0,"enemies":"Jaw Worm","floor":5.0,"turns":1.0},{"damage":0.0,"enemies":"Gremlin Nob","floor":6.0,"turns":1.0},{"damage":15,"enemies":"Lagavulin","floor":8,"turns":3},{"damage":16,"enemies":"Gremlin Nob","floor":11,"turns":3},{"damage":0,"enemies":"Cultist","floor":12,"turns":2},{"damage":66,"enemies":"The Guardian","floor":16,"turns":6},{"damage":0,"enemies":"Chosen","floor":18,"turns":3},{"damage":16,"enemies":"3 Byrds","floor":20,"turns":3},{"damage":4,"enemies":"3 Cultists","floor":22,"turns":3},{"damage":42,"enemies":"Gremlin Leader","floor":24,"turns":3},{"damage":0,"enemies":"Sentry and Sphere","floor":28,"turns":2},{"damage":30,"enemies":"Book of Stabbing","floor":29,"turns":3},{"damage":17,"enemies":"Colosseum Slavers","floor":30,"turns":2},{"damage":2,"enemies":"Colosseum Nobs","floor":30,"turns":2},{"damage":0,"enemies":"Champ","floor":33,"turns":4},{"damage":40,"enemies":"3 Shapes","floor":35,"turns":3},{"damage":17,"enemies":"Orb Walker","floor":37,"turns":2},{"damage":35,"enemies":"Writhing Mass","floor":39,"turns":4},{"damage":24,"enemies":"Giant Head","floor":41,"turns":4},{"damage":1,"enemies":"Reptomancer","floor":44,"turns":3},{"damage":2,"enemies":"2 Orb Walkers","floor":45,"turns":3},{"damage":10,"enemies":"Sphere and 2 Shapes","floor":46,"turns":3},{"damage":70,"enemies":"Jaw Worm Horde","floor":48,"turns":2},{"damage":17,"enemies":"Replay:Hell Engine","floor":50,"turns":5},{"damage":152,"enemies":"Awakened One","floor":51,"turns":6},{"damage":129,"enemies":"Shield and Spear","floor":55,"turns":5},{"damage":115,"enemies":"The Heart","floor":56,"turns":5}],"seed_played":"-8474077711065011326","potions_obtained":[{"floor":5.0,"key":"SteroidPotion"},{"floor":6.0,"key":"Milkshake"},{"floor":18,"key":"Toxic Potion"},{"floor":22,"key":"Strength Potion"},{"floor":30,"key":"DistilledChaos"},{"floor":45,"key":"GamblersBrew"},{"floor":48,"key":"SpeedPotion"}],"is_trial":false,"path_per_floor":["M","?","?","$","M","E","R","E","T","R","E","M","$","?","R","B",null,"M","?","M","?","M","$","E","R","T","?","M","E","?","?","R","B",null,"M","T","M","$","M","R","E","R","T","E","?","M","$","M","R","B","B",null,"R","$","E","B",null],"character_chosen":"WATCHER","items_purchased":["WheelKick+1","MerchantsRug","MentalFortress+1","Replay:Ringing Soul","Onion Ring","aspiration:Nostalgia","testmod-Register","testmod-SpacePotion","testmod-TestPotion"],"campfire_rested":3,"item_purchase_floors":[4,23,23,38,47,47,47,47,47],"current_hp_per_floor":[61,61,61,61,61,61,61,51,51,51,41,41,56,56,56,70,70,72,72,65,65,67,76,76,76,76,76,78,57,58,58,58,84,90,72,72,64,79,86,86,99,99,106,107,107,101,112,114,114,114,114,114,114,114,116,116],"gold":114,"neow_bonus":"THREE_ENEMY_KILL","is_daily":false,"chose_seed":false,"campfire_upgraded":5,"win_rate":0.0,"timestamp":1610892017,"path_taken":["M","?","?","$","M","E","R","E","T","R","E","M","$","?","R","BOSS","M","?","M","?","M","$","E","R","T","?","M","E","?","?","R","BOSS","M","?","M","$","M","R","E","R","T","E","?","M","$","M","R","BOSS","BOSS","R","$","E","BOSS"],"items_purchased_type":["Card","Relic","Card","Relic","Relic","Relic","Relic","Potion","Potion"],"build_version":"2020-12-22","purchased_purges":3,"victory":true,"max_hp_per_floor":[68,68,68,68,68,68,68,68,68,68,70,70,70,70,70,70,70,72,72,74,74,76,76,76,76,76,76,78,80,82,82,82,84,90,92,92,94,94,97,97,99,99,106,108,110,112,112,114,114,114,114,114,114,114,116,116],"card_choices":[{"not_picked":["JustLucky","EmptyFist","PathToVictory"],"picked":"SKIP","floor":1.0},{"not_picked":["Sanctity","Crescendo","EmptyBody"],"picked":"SKIP","floor":5.0},{"not_picked":["Weave+1","ForeignInfluence"],"picked":"SignatureMove+1","floor":6.0},{"not_picked":["Wallop+1","SashWhip+1"],"picked":"Adaptation","floor":8},{"not_picked":["Replay:AtTheReady","Wireheading","MentalFortress"],"picked":"Singing Bowl","floor":11},{"not_picked":["Halt","EmptyFist+1"],"picked":"FearNoEvil+1","floor":12},{"not_picked":["DeusExMachina","Replay:LoomingThreat"],"picked":"DevaForm","floor":16},{"not_picked":["EmptyBody+1","CrushJoints+1","SashWhip+1"],"picked":"Singing Bowl","floor":18},{"not_picked":["FlyingSleeves+1","Replay:AtTheReady","Replay:BluntJabs+1"],"picked":"Singing Bowl","floor":20},{"not_picked":["EmptyMind","Meditate","WreathOfFlame"],"picked":"Singing Bowl","floor":22},{"not_picked":["Swivel","Ragnarok+1"],"picked":"Adaptation+1","floor":24},{"not_picked":["JustLucky+1","Evaluate","ThirdEye"],"picked":"Singing Bowl","floor":28},{"not_picked":["FollowUp+1","SignatureMove+1","Sanctity"],"picked":"Singing Bowl","floor":29},{"not_picked":["Crescendo","Protect","Study"],"picked":"Singing Bowl","floor":30},{"not_picked":["DevaForm","Blasphemy","Establishment"],"picked":"Singing Bowl","floor":33},{"not_picked":["Exhaustion","ReplayTheSpireMod:Doomed","Overencumbered"],"picked":"Singing Bowl","floor":34},{"not_picked":["yuri:MarkovCurse","ReplayTheSpireMod:Splinters","Writhe"],"picked":"Singing Bowl","floor":34},{"not_picked":["Injury","Parasite","Doubt"],"picked":"Singing Bowl","floor":34},{"not_picked":["SignatureMove+1","JustLucky+1","Evaluate"],"picked":"Singing Bowl","floor":35},{"not_picked":["Replay:AtTheReady+1","FlyingSleeves+1","Sanctity"],"picked":"Singing Bowl","floor":37},{"not_picked":["WaveOfTheHand","Replay:AllIn"],"picked":"Wallop+1","floor":39},{"not_picked":["LikeWater+1","ClearTheMind+1","Wish"],"picked":"Singing Bowl","floor":41},{"not_picked":["Halt","Wireheading","Crescendo+1"],"picked":"Singing Bowl","floor":44},{"not_picked":["FlyingSleeves+1","Crescendo+1","ThirdEye"],"picked":"Singing Bowl","floor":45},{"not_picked":["Protect+1","Meditate","ConjureBlade"],"picked":"Singing Bowl","floor":46},{"not_picked":["Replay:AllIn","Judgement","CarveReality+1"],"picked":"Singing Bowl","floor":48},{"not_picked":["BattleHymn","SpiritShield","FollowUp+1"],"picked":"Singing Bowl","floor":55}],"player_experience":647928,"relics_obtained":[{"floor":6.0,"key":"Juzu Bracelet"},{"floor":8,"key":"MealTicket"},{"floor":9,"key":"Pantograph"},{"floor":11,"key":"Singing Bowl"},{"floor":24,"key":"Blue Candle"},{"floor":29,"key":"Boot"},{"floor":30,"key":"testmod-EqualTreatment"},{"floor":30,"key":"Kunai"},{"floor":36,"key":"Pen Nib"},{"floor":41,"key":"Yang"},{"floor":43,"key":"Strawberry"},{"floor":44,"key":"CeramicFish"},{"floor":45,"key":"Old Coin"},{"floor":55,"key":"Whetstone"}],"event_choices":[{"damage_healed":0,"gold_gain":0,"player_choice":"Rummage","damage_taken":0,"relics_obtained":["WarpedTongs"],"max_hp_gain":0,"max_hp_loss":0,"event_name":"Accursed Blacksmith","floor":14,"gold_loss":0,"cards_obtained":["Pain"]},{"cards_removed":["Strike_P"],"damage_healed":0,"gold_gain":0,"player_choice":"Purged","damage_taken":0,"max_hp_gain":0,"max_hp_loss":0,"event_name":"Purifier","floor":19,"gold_loss":0},{"damage_healed":0,"gold_gain":0,"player_choice":"Traded Relic","damage_taken":0,"relics_obtained":["Nloth\u0027s Gift"],"max_hp_gain":0,"max_hp_loss":0,"event_name":"N\u0027loth","floor":21,"relics_lost":["NeowsBlessing"],"gold_loss":0},{"damage_healed":0,"gold_gain":400,"player_choice":"Sell","damage_taken":0,"max_hp_gain":0,"max_hp_loss":0,"event_name":"恩洛斯的盘子","floor":27,"relics_lost":["testmod-TestBox"],"gold_loss":0},{"damage_healed":0,"gold_gain":0,"player_choice":"Fight","damage_taken":0,"max_hp_gain":0,"max_hp_loss":0,"event_name":"Colosseum","floor":30,"gold_loss":0},{"damage_healed":0,"gold_gain":0,"player_choice":"Fought Nobs","damage_taken":0,"max_hp_gain":0,"max_hp_loss":0,"event_name":"Colosseum","floor":30,"gold_loss":0},{"damage_healed":0,"gold_gain":0,"player_choice":"0 cards matched","damage_taken":0,"max_hp_gain":0,"max_hp_loss":0,"event_name":"Match and Keep!","floor":31,"gold_loss":0,"cards_obtained":[]},{"damage_healed":0,"gold_gain":0,"player_choice":"Fight","damage_taken":0,"max_hp_gain":0,"max_hp_loss":0,"event_name":"Mysterious Sphere","floor":45,"gold_loss":0}],"is_beta":false,"boss_relics":[{"not_picked":["testmod-HarvestTotem","Coffee Dripper"],"picked":"testmod-KeyOfTheVoid"},{"not_picked":["Replay:Wanted Poster","testmod-IncinerationGenerator"],"picked":"Replay:Ancient Bell"},{"not_picked":["Ancient Tea Set","Gremlin Food"],"picked":"Bag of Preparation"},{"not_picked":["testmod-Justice","Replay:WaspNest"],"picked":"testmod-ArcanaOfDestiny"},{"not_picked":["testmod-ConstraintPeriapt","Prayer Wheel"],"picked":"testmod-CrystalShield"}],"items_purged_floors":[13,38,47],"is_endless":false,"potions_floor_spawned":[5,6,12,18,22,29,30,37,45,46,48],"ascension_level":20}}