{"host":"d5i1qeb9dejicw1z","time":1610869761,"event":{"mods":["AchievementEnabler","BaseMod","Better Note","BetterRewards","Downfall","Gold Saver","Hermit","Minty Spire (QoL Compilation)","StSLib"],"gold_per_floor":[247,247,247,261,69,103,124,124,178,209,209,233,253,253,253,253,253],"floor_reached":16,"language":"ENG","playtime":840,"items_purged":[],"score":127,"play_id":"6dfe2093-876f-40e4-99bf-2ad4650bc3c4","local_time":"20210116234921","is_ascension_mode":false,"campfire_choices":[{"data":"hermit:Combo","floor":11,"key":"SMITH"},{"floor":15,"key":"REST"}],"circlet_count":0,"master_deck":["hermit:Strike_Hermit","hermit:Strike_Hermit","hermit:Strike_Hermit","hermit:Strike_Hermit+1","hermit:Defend_Hermit","hermit:Defend_Hermit","hermit:Defend_Hermit","hermit:Defend_Hermit","hermit:Snapshot","hermit:Covet+1","hermit:FlashPowder+1","hermit:LuckOfTheDraw+1","hermit:Combo+1","hermit:BigShot","hermit:CursedWeapon","hermit:Dive"],"relics":["hermit:Momento","NeowsBlessing","Golden Idol","War Paint","Ancient Tea Set","Bag of Marbles"],"acts_visited":["Exordium"],"potions_floor_usage":[10,10,16],"damage_taken":[{"damage":0,"enemies":"Small Slimes","floor":1,"turns":1},{"damage":0,"enemies":"Jaw Worm","floor":4,"turns":1},{"damage":0,"enemies":"Gremlin Nob","floor":6,"turns":1},{"damage":5,"enemies":"Cultist","floor":7,"turns":4},{"damage":8,"enemies":"Lots of Slimes","floor":10,"turns":4},{"damage":2,"enemies":"Looter","floor":12,"turns":3},{"damage":2,"enemies":"2 Fungi Beasts","floor":13,"turns":3},{"damage":73,"enemies":"Slime Boss","floor":16,"turns":11}],"seed_played":"-7025617093854724619","potions_obtained":[{"floor":6,"key":"AttackPotion"},{"floor":7,"key":"hermit:BlackBile"},{"floor":12,"key":"Regen Potion"}],"is_trial":false,"path_per_floor":["M","?","?","M","$","E","M","?","T","M","R","M","M","?","R","B"],"character_chosen":"HERMIT","items_purchased":["hermit:Combo","War Paint"],"campfire_rested":1,"item_purchase_floors":[5,5],"current_hp_per_floor":[75,57,57,57,57,57,52,37,37,29,29,27,25,25,47,0,0],"gold":253,"neow_bonus":"THREE_ENEMY_KILL","is_daily":false,"chose_seed":false,"campfire_upgraded":1,"win_rate":0.0,"timestamp":1610869761,"path_taken":["M","?","?","?","$","E","?","?","T","M","R","M","M","?","R","BOSS"],"items_purchased_type":["Card","Relic"],"build_version":"2020-12-22","purchased_purges":0,"victory":false,"max_hp_per_floor":[75,75,75,75,75,75,75,75,75,75,75,75,75,75,75,75,75],"card_choices":[{"not_picked":["hermit:LowProfile","hermit:Coalescence"],"picked":"hermit:FlashPowder","floor":1},{"not_picked":["hermit:Desperado","hermit:TrackingShot"],"picked":"hermit:LuckOfTheDraw","floor":4},{"not_picked":["hermit:ItchyTrigger","hermit:Malice"],"picked":"hermit:BigShot","floor":6},{"not_picked":["hermit:FullyLoaded","hermit:Adapt"],"picked":"hermit:CursedWeapon","floor":7},{"not_picked":["hermit:Snipe","hermit:Roulette"],"picked":"hermit:Dive","floor":10},{"not_picked":["hermit:Snipe","hermit:Manifest","hermit:WideOpen"],"picked":"SKIP","floor":12},{"not_picked":["hermit:Desperado","hermit:FromBeyond","hermit:BodyArmor"],"picked":"SKIP","floor":13}],"player_experience":1217332,"relics_obtained":[{"floor":6,"key":"Ancient Tea Set"},{"floor":9,"key":"Bag of Marbles"}],"event_choices":[{"damage_healed":0,"gold_gain":0,"player_choice":"Take Damage","damage_taken":18,"relics_obtained":["Golden Idol"],"max_hp_gain":0,"max_hp_loss":0,"event_name":"Golden Idol","floor":2,"gold_loss":0},{"damage_healed":0,"gold_gain":0,"player_choice":"Ignored","damage_taken":0,"max_hp_gain":0,"max_hp_loss":0,"event_name":"Transmorgrifier","floor":3,"gold_loss":0},{"damage_healed":0,"gold_gain":0,"player_choice":"Entered Light","damage_taken":15,"max_hp_gain":0,"max_hp_loss":0,"event_name":"Shining Light","floor":8,"gold_loss":0,"cards_upgraded":["hermit:Covet","hermit:Strike_Hermit"]}],"is_beta":false,"boss_relics":[],"items_purged_floors":[],"is_endless":false,"potions_floor_spawned":[6,7,12],"killed_by":"Slime Boss","ascension_level":0}}