{"host":"87fdiiwflhrwsj8a","time":1610910562,"event":{"mods":["Aspiration","BaseMod","Better Match","Better Third Choice","BetterRewards","Colored Map","Conspire","GifTheSpireLib","Infinite Spire","Minty Spire (QoL Compilation)","Quick Restart","Relic Sorter","Replay The Spire","Robot Space Explorer","StSLib","Stuff the Spire","The Cursed","The Jungle","The Marked"],"gold_per_floor":[118,129,57,57,72,72,91,91,91,91,91,101,129,143,143,240,240,258,258,258,87,106,139,149,149,203,233,233,266,266,17,17,121,121,136,150,150,165,179,179,207,207,207],"floor_reached":42,"language":"ENG","playtime":2548,"items_purged":[],"score":799,"play_id":"7f3ba5c5-1a31-4f49-8cfc-5f1ebdaedacb","local_time":"20210117140922","is_ascension_mode":true,"campfire_choices":[{"floor":30.0,"key":"REST"},{"data":"theMarked:Challenge","floor":32.0,"key":"SMITH"},{"floor":40,"key":"REST"}],"circlet_count":0,"master_deck":["theMarked:Strike","theMarked:Strike","theMarked:Strike","theMarked:Strike","theMarked:Strike","theMarked:Defend","theMarked:Defend","theMarked:Defend","theMarked:Defend","theMarked:SoldierOfQuellstein","Madness","theMarked:MaelstromOfLightning","theMarked:MysticalArsenal+1","Gash","Reboot","Consecrate","Apotheosis+1","theMarked:RogueSparks","Crow Ritual","TalkToTheHand","Intimidate","theMarked:Challenge+1","theMarked:Abjuration+1","TheCursedMod:OutForBlood","Consecrate+1","Rage+1","Gash","Cloak And Dagger+1"],"relics":["theMarked:ArtifactOfAir","Iron Hammer","aspiration:ArtOfWarUpgrade","Membership Card","PrismaticShard","FossilizedHelix","Garlic","StuffTheSpire:Barrel","conspire:RunicOctahedron","infinitespire:BottledMercury","aspiration:HiddenCompartment","infinitespire:Lucky Rock","StuffTheSpire:EmeraldSignet","aspiration:StickyExplosives_weak","StuffTheSpire:Gunfinga","Kunai","SlaversCollar","Peace Pipe"],"acts_visited":["Exordium","TheCity","TheBeyond"],"potions_floor_usage":[],"damage_taken":[{"damage":0.0,"enemies":"conspire:RoseBush","floor":1.0,"turns":2.0},{"damage":0.0,"enemies":"Cultist","floor":2.0,"turns":3.0},{"damage":0.0,"enemies":"Small Slimes","floor":5.0,"turns":4.0},{"damage":6.0,"enemies":"conspire:2 RoseBushes","floor":7.0,"turns":5.0},{"damage":0.0,"enemies":"Blue Slaver","floor":12.0,"turns":4.0},{"damage":0.0,"enemies":"Replay:BlueRogue","floor":13.0,"turns":5.0},{"damage":5.0,"enemies":"Large Slime","floor":14.0,"turns":7.0},{"damage":17.0,"enemies":"The Guardian","floor":16.0,"turns":7.0},{"damage":0.0,"enemies":"Shell Parasite","floor":18.0,"turns":3.0},{"damage":0.0,"enemies":"Spheric Guardian","floor":22.0,"turns":3.0},{"damage":0.0,"enemies":"Book of Stabbing","floor":23.0,"turns":4.0},{"damage":0.0,"enemies":"Snecko","floor":24.0,"turns":4.0},{"damage":0.0,"enemies":"Gremlin Leader","floor":27.0,"turns":4.0},{"damage":16.0,"enemies":"Slavers","floor":29.0,"turns":5.0},{"damage":38.0,"enemies":"conspire:MysteriousRune","floor":33.0,"turns":8.0},{"damage":0.0,"enemies":"3 Shapes","floor":35.0,"turns":2.0},{"damage":0.0,"enemies":"3 Darklings","floor":36.0,"turns":4.0},{"damage":0,"enemies":"Spire Growth","floor":38,"turns":4},{"damage":23,"enemies":"Transient","floor":39,"turns":5},{"damage":0,"enemies":"Giant Head","floor":41,"turns":6},{"damage":3,"enemies":"infinitespire:Three Voidlings","floor":42,"turns":4},{"damage":74,"enemies":"Nightmare_Alpha","floor":42,"turns":6}],"seed_played":"-4230621261451384847","potions_obtained":[{"floor":5.0,"key":"Energy Potion"},{"floor":14.0,"key":"Weak Potion"},{"floor":16.0,"key":"Strength Potion"},{"floor":22.0,"key":"BlessingOfTheForge"},{"floor":39,"key":"PowerPotion"}],"is_trial":false,"path_per_floor":["M","M","$","?","M","R","M","$","T","T","?","M","E","M","R_BF","B",null,"M","?","?","$","M","E","M","$","T","E","T","E","R","$","R","B",null,"M","M","?","M","M","R","E","?"],"character_chosen":"THE_DEFAULT","items_purchased":["Iron Hammer","Art of War","Membership Card","Madness","Explosive Potion","PrismaticShard","theMarked:RogueSparks","infinitespire:BottledMercury","Kunai","theMarked:Challenge","theMarked:Abjuration+1"],"campfire_rested":2,"item_purchase_floors":[0,0,0,0,0,3,21,21,31,31,31],"current_hp_per_floor":[33,33,33,33,33,33,27,27,27,27,48,48,48,43,43,26,70,70,70,70,70,70,70,70,70,70,70,70,56,70,70,70,40,70,70,70,70,70,47,68,70,0,0],"gold":207,"neow_bonus":"","is_daily":false,"chose_seed":false,"campfire_upgraded":1,"win_rate":0.0,"timestamp":1610910562,"path_taken":["M","M","$","?","M","R","?","$","T","?","?","M","E","M","R_BF","BOSS","M","?","?","$","M","E","M","?","T","E","?","E","R","$","R","BOSS","M","M","?","?","M","R","E","?"],"items_purchased_type":["Relic","Relic","Relic","Card","Potion","Relic","Card","Relic","Relic","Card","Card"],"build_version":"2020-12-22","purchased_purges":0,"victory":false,"max_hp_per_floor":[70,70,70,70,70,70,70,70,70,70,70,70,70,70,70,70,70,70,70,70,70,70,70,70,70,70,70,70,70,70,70,70,70,70,70,70,70,70,70,70,70,70,70],"card_choices":[{"not_picked":["theMarked:HeightenedSenses","theMarked:Frustration"],"picked":"theMarked:MaelstromOfLightning","floor":1.0},{"not_picked":["theMarked:HeightenedSenses","theMarked:EnhanceMovement"],"picked":"theMarked:MysticalArsenal","floor":2.0},{"not_picked":["TheCursedMod:Mangle","RobotSpaceExplorer:FrostMissile","FlurryOfBlows"],"picked":"SKIP","floor":5.0},{"not_picked":["Redo","StuffTheSpire:Incantation"],"picked":"Gash","floor":7.0},{"not_picked":["Iron Wave","theMarked:ResourceFulStrike","infinitespire:OneForAll"],"picked":"SKIP","floor":12.0},{"not_picked":["TheCursedMod:SoulReap","Bloodletting","Skewer"],"picked":"SKIP","floor":13.0},{"not_picked":["Good Instincts","theMarked:HeightenedSenses"],"picked":"Reboot","floor":14.0},{"not_picked":["Judgement","TheCursedMod:ParallelWorld"],"picked":"RobotSpaceExplorer:Exploration","floor":16.0},{"not_picked":["RobotSpaceExplorer:SlimeMissile+1","TheCursedMod:SpitefulStrike"],"picked":"Consecrate","floor":18.0},{"not_picked":["Bane","StuffTheSpire:Incineration"],"picked":"Crow Ritual","floor":22.0},{"not_picked":["EmptyFist","Reinforced Body","StuffTheSpire:Pyroclast"],"picked":"SKIP","floor":23.0},{"not_picked":["FlyingSleeves+1","Twin Strike"],"picked":"TalkToTheHand","floor":24.0},{"not_picked":["StuffTheSpire:Incineration+1","RobotSpaceExplorer:Calculate","RobotSpaceExplorer:Blitz+1"],"picked":"SKIP","floor":27.0},{"not_picked":["Stack","TheCursedMod:CursedBlade"],"picked":"Intimidate","floor":29.0},{"not_picked":["StuffTheSpire:TitanForm","TheCursedMod:VoidForm"],"picked":"TheCursedMod:OutForBlood","floor":33.0},{"not_picked":["Go for the Eyes+1","Flex+1"],"picked":"Consecrate+1","floor":35.0},{"not_picked":["Barrage+1","Cloak And Dagger+1"],"picked":"Rage+1","floor":36.0},{"not_picked":["RobotSpaceExplorer:GlueSpray+1","ReplaySort","Cold Snap"],"picked":"SKIP","floor":38},{"not_picked":["TheCursedMod:PrepareRite","theMarked:RepellingDischarge+1"],"picked":"Cloak And Dagger+1","floor":39},{"not_picked":["Protect+1","theMarked:Opportunist+1","ReplaySort"],"picked":"SKIP","floor":41}],"player_experience":2719133,"relics_obtained":[{"floor":9.0,"key":"FossilizedHelix"},{"floor":10.0,"key":"Garlic"},{"floor":13.0,"key":"StuffTheSpire:Barrel"},{"floor":22.0,"key":"aspiration:HiddenCompartment"},{"floor":23.0,"key":"infinitespire:Lucky Rock"},{"floor":27.0,"key":"StuffTheSpire:EmeraldSignet"},{"floor":28.0,"key":"aspiration:StickyExplosives_weak"},{"floor":29.0,"key":"StuffTheSpire:Gunfinga"},{"floor":41,"key":"Peace Pipe"}],"event_choices":[{"damage_healed":0.0,"max_hp_gain":0.0,"max_hp_loss":0.0,"gold_gain":0.0,"event_name":"Accursed Blacksmith","player_choice":"Forge","floor":4.0,"gold_loss":0.0,"damage_taken":0.0,"cards_upgraded":["theMarked:MysticalArsenal"]},{"damage_healed":0,"gold_gain":0,"player_choice":"Copied","damage_taken":0,"max_hp_gain":0,"max_hp_loss":0,"event_name":"Duplicator","floor":37,"gold_loss":0,"cards_obtained":["Gash"]}],"is_beta":false,"boss_relics":[{"not_picked":["Sozu","Painkiller Herb"],"picked":"conspire:RunicOctahedron"},{"not_picked":["Snecko Eye","ReplayTheSpireMod:SealedPack"],"picked":"SlaversCollar"}],"items_purged_floors":[],"is_endless":false,"potions_floor_spawned":[5,14,16,22,24,29,39,41,42],"killed_by":"Nightmare_Alpha","ascension_level":1}}