{"host":"gc0hqzwg2gd3zszy","time":1610890827,"event":{"mods":["BaseMod","DeckTracker","Minty Spire (QoL Compilation)","Relic Stats","SuperFastMode"],"gold_per_floor":[364,439,8,8,8,38,38,38,61,89,89,104,120,20,20,97,97,112,112,112,162,162,162,204,119,119,132,132,132,132,46,46,117,117,135,190,190,200,246,273,273,291,318,331,331,375,375,419,419,419,419],"floor_reached":50,"language":"KOR","playtime":2075,"items_purged":["Writhe","Defend_P"],"score":1046,"play_id":"31240234-5215-40a1-93e7-63ea2ce6ac13","local_time":"20210117224027","is_ascension_mode":true,"campfire_choices":[{"floor":7.0,"key":"REST"},{"floor":11.0,"key":"REST"},{"data":"Tantrum","floor":15.0,"key":"SMITH"},{"data":"Ghostly","floor":23.0,"key":"SMITH"},{"data":"Ghostly","floor":30.0,"key":"SMITH"},{"data":"Ghostly","floor":32.0,"key":"SMITH"},{"floor":45.0,"key":"REST"},{"floor":47.0,"key":"RECALL"},{"floor":49.0,"key":"REST"}],"circlet_count":0,"master_deck":["AscendersBane","Eruption+1","Vigilance","Protect","FollowUp","Halt","Tantrum+1","DeusExMachina","SpiritShield+1","Wish+1","WheelKick+1","FlyingSleeves","SashWhip","Ghostly+1","Ghostly+1","Ghostly+1","EmptyMind+1","FearNoEvil","Vault+1","MentalFortress","Vault"],"relics":["PureWater","Ginger","White Beast Statue","Akabeko","MealTicket","Astrolabe","Boot","Fusion Hammer","Prayer Wheel","Bag of Marbles","Nunchaku"],"acts_visited":["TheCity","TheBeyond"],"potions_floor_usage":[50,50],"damage_taken":[{"damage":11.0,"enemies":"Jaw Worm","floor":1.0,"turns":5.0},{"damage":45.0,"enemies":"3 Sentries","floor":6.0,"turns":12.0},{"damage":17.0,"enemies":"Lagavulin","floor":10.0,"turns":7.0},{"damage":0.0,"enemies":"Small Slimes","floor":12.0,"turns":1.0},{"damage":0.0,"enemies":"Cultist","floor":13.0,"turns":3.0},{"damage":8.0,"enemies":"Slime Boss","floor":16.0,"turns":6.0},{"damage":0.0,"enemies":"3 Byrds","floor":18.0,"turns":3.0},{"damage":0.0,"enemies":"Spheric Guardian","floor":21.0,"turns":3.0},{"damage":3.0,"enemies":"Shelled Parasite and Fungi","floor":24.0,"turns":5.0},{"damage":0.0,"enemies":"Snecko","floor":27.0,"turns":3.0},{"damage":0.0,"enemies":"Slavers","floor":28.0,"turns":1.0},{"damage":32.0,"enemies":"Champ","floor":33.0,"turns":8.0},{"damage":3.0,"enemies":"Orb Walker","floor":35.0,"turns":5.0},{"damage":0.0,"enemies":"Mind Bloom Boss Battle","floor":36.0,"turns":5.0},{"damage":11.0,"enemies":"3 Shapes","floor":38.0,"turns":3.0},{"damage":0.0,"enemies":"Maw","floor":39.0,"turns":7.0},{"damage":2.0,"enemies":"Reptomancer","floor":40.0,"turns":4.0},{"damage":1.0,"enemies":"Jaw Worm Horde","floor":42.0,"turns":4.0},{"damage":0.0,"enemies":"Spire Growth","floor":44.0,"turns":3.0},{"damage":9.0,"enemies":"4 Shapes","floor":46.0,"turns":5.0},{"damage":2.0,"enemies":"Sphere and 2 Shapes","floor":48.0,"turns":5.0},{"damage":28,"enemies":"Awakened One","floor":50,"turns":12}],"seed_played":"5718646702711771768","potions_obtained":[{"floor":10.0,"key":"ColorlessPotion"},{"floor":12.0,"key":"StancePotion"},{"floor":13.0,"key":"BlessingOfTheForge"},{"floor":16.0,"key":"Explosive Potion"},{"floor":18.0,"key":"Explosive Potion"},{"floor":21.0,"key":"SmokeBomb"},{"floor":27.0,"key":"PowerPotion"},{"floor":33.0,"key":"Weak Potion"},{"floor":35.0,"key":"Weak Potion"},{"floor":36.0,"key":"SpeedPotion"},{"floor":38.0,"key":"BlessingOfTheForge"},{"floor":40.0,"key":"Ambrosia"},{"floor":42.0,"key":"BottledMiracle"},{"floor":48.0,"key":"GamblersBrew"}],"is_trial":false,"path_per_floor":["M","?","$","?","?","E","R","$","T","E","R","M","M","$","R","B",null,"M","?","$","M","?","R","M","?","T","M","E","?","R","$","R","B",null,"M","?","?","M","M","E","?","M","T","M","R","M","R","M","R","B"],"character_chosen":"WATCHER","items_purchased":["Ginger","FollowUp","FearNoEvil"],"campfire_rested":4,"item_purchase_floors":[3,3,31],"current_hp_per_floor":[50,39,39,39,61,16,36,36,36,19,39,39,39,54,54,46,63,63,63,68,68,34,34,31,31,31,31,31,31,31,34,34,2,26,23,23,23,12,12,10,10,9,9,9,19,10,10,8,18,0,0],"gold":419,"neow_bonus":"TWO_FIFTY_GOLD","is_daily":false,"chose_seed":false,"campfire_upgraded":4,"win_rate":0.0,"timestamp":1610890827,"path_taken":["M","?","$","?","?","E","R","?","T","E","R","?","M","$","R","BOSS","M","?","$","M","?","R","M","?","T","?","E","?","R","?","R","BOSS","M","?","?","M","?","E","?","M","T","M","R","?","R","M","R","BOSS"],"items_purchased_type":["Relic","Card","Card"],"build_version":"2020-12-22","purchased_purges":2,"victory":false,"max_hp_per_floor":[68,68,68,68,68,68,68,68,68,68,68,68,68,68,68,68,68,68,68,68,68,34,34,34,34,34,34,34,34,34,34,34,34,34,34,34,34,34,34,34,34,34,34,34,34,34,34,34,34,34,34],"relic_stats":{"Nunchaku":[5],"counters":[22,110],"Astrolabe":["SpiritShield","Wish","WheelKick"],"MealTicket":23,"Prayer Wheel":6,"Ginger":[9],"Boot":[69],"obtain_stats":[{"Nunchaku":43,"Astrolabe":17,"MealTicket":10,"Prayer Wheel":36,"Fusion Hammer":34,"Bag of Marbles":40,"Ginger":3,"PureWater":0,"Boot":25,"White Beast Statue":6,"Akabeko":9},{"Nunchaku":18,"Astrolabe":6,"MealTicket":3,"Prayer Wheel":14,"Fusion Hammer":12,"Bag of Marbles":17,"Ginger":1,"PureWater":0,"Boot":9,"White Beast Statue":2,"Akabeko":2},{"Nunchaku":85,"Astrolabe":34,"MealTicket":24,"Prayer Wheel":67,"Fusion Hammer":57,"Bag of Marbles":81,"Ginger":5,"PureWater":0,"Boot":45,"White Beast Statue":17,"Akabeko":17}]},"card_choices":[{"not_picked":["Crescendo","SignatureMove"],"picked":"Protect","floor":1.0},{"not_picked":["Study","SashWhip"],"picked":"Halt","floor":6.0},{"not_picked":["SignatureMove","Protect","WreathOfFlame"],"picked":"SKIP","floor":10.0},{"not_picked":["FlurryOfBlows","Study"],"picked":"Tantrum","floor":12.0},{"not_picked":["SashWhip","Evaluate","Sanctity"],"picked":"SKIP","floor":13.0},{"not_picked":["DevaForm","Blasphemy"],"picked":"DeusExMachina","floor":16.0},{"not_picked":["Conclude","PathToVictory","CrushJoints"],"picked":"SKIP","floor":18.0},{"not_picked":["Vengeance+1","Protect","FlurryOfBlows"],"picked":"SKIP","floor":21.0},{"not_picked":["Conclude","Collect","SignatureMove"],"picked":"SKIP","floor":24.0},{"not_picked":["Crescendo","EmptyBody"],"picked":"EmptyMind+1","floor":27.0},{"not_picked":["Scrawl","Ragnarok"],"picked":"Vault","floor":33.0},{"not_picked":["Perseverance","Prostrate","FlyingSleeves"],"picked":"SKIP","floor":35.0},{"not_picked":["CutThroughFate","Prostrate+1","Crescendo+1"],"picked":"SKIP","floor":38.0},{"not_picked":["EmptyFist+1","Nirvana+1","FlurryOfBlows+1"],"picked":"SKIP","floor":38.0},{"not_picked":["Crescendo","WaveOfTheHand+1"],"picked":"MentalFortress","floor":39.0},{"not_picked":["Protect","WaveOfTheHand","PathToVictory"],"picked":"SKIP","floor":39.0},{"not_picked":["ThirdEye","FlurryOfBlows","CrushJoints+1"],"picked":"SKIP","floor":40.0},{"not_picked":["FollowUp","WindmillStrike","FlyingSleeves+1"],"picked":"SKIP","floor":42.0},{"not_picked":["Indignation","Consecrate","FollowUp"],"picked":"SKIP","floor":42.0},{"not_picked":["SignatureMove","Worship+1"],"picked":"Vault","floor":44.0},{"not_picked":["Conclude","Wireheading+1","ThirdEye"],"picked":"SKIP","floor":44.0},{"not_picked":["EmptyMind","Nirvana","DeceiveReality+1"],"picked":"SKIP","floor":46.0},{"not_picked":["PathToVictory","Protect","BowlingBash+1"],"picked":"SKIP","floor":46.0},{"not_picked":["Evaluate+1","EmptyFist","LikeWater+1"],"picked":"SKIP","floor":48.0},{"not_picked":["Halt","Pray","CrushJoints+1"],"picked":"SKIP","floor":48.0}],"player_experience":1346562,"relics_obtained":[{"floor":6.0,"key":"White Beast Statue"},{"floor":9.0,"key":"Akabeko"},{"floor":10.0,"key":"MealTicket"},{"floor":36.0,"key":"Prayer Wheel"},{"floor":40.0,"key":"Bag of Marbles"},{"floor":43.0,"key":"Nunchaku"}],"event_choices":[{"damage_healed":0.0,"max_hp_gain":0.0,"max_hp_loss":0.0,"gold_gain":75.0,"event_name":"World of Goop","player_choice":"Gather Gold","floor":2.0,"gold_loss":0.0,"damage_taken":11.0},{"damage_healed":0.0,"max_hp_gain":0.0,"max_hp_loss":0.0,"gold_gain":0.0,"event_name":"Living Wall","player_choice":"Grow","floor":4.0,"gold_loss":0.0,"damage_taken":0.0,"cards_upgraded":["Eruption"]},{"damage_healed":22.0,"max_hp_gain":0.0,"max_hp_loss":0.0,"gold_gain":0.0,"event_name":"Big Fish","player_choice":"Banana","floor":5.0,"gold_loss":0.0,"damage_taken":0.0},{"damage_healed":0.0,"max_hp_gain":0.0,"max_hp_loss":0.0,"gold_gain":0.0,"cards_transformed":["Strike_P","Defend_P"],"event_name":"Drug Dealer","player_choice":"Became Test Subject","floor":19.0,"gold_loss":0.0,"damage_taken":0.0,"cards_obtained":["FlyingSleeves","SashWhip"]},{"damage_healed":0.0,"max_hp_gain":0.0,"max_hp_loss":34.0,"gold_gain":0.0,"event_name":"Ghosts","player_choice":"Became a Ghost","floor":22.0,"gold_loss":0.0,"damage_taken":0.0,"cards_obtained":["Ghostly","Ghostly","Ghostly"]},{"damage_healed":0.0,"max_hp_gain":0.0,"max_hp_loss":0.0,"gold_gain":0.0,"event_name":"Addict","player_choice":"Obtained Relic","floor":25.0,"gold_loss":85.0,"damage_taken":0.0,"relics_obtained":["Boot"]},{"cards_removed":["Strike_P"],"damage_healed":0.0,"max_hp_gain":0.0,"max_hp_loss":0.0,"gold_gain":0.0,"event_name":"Purifier","player_choice":"Purged","floor":29.0,"gold_loss":0.0,"damage_taken":0.0},{"damage_healed":0.0,"max_hp_gain":0.0,"max_hp_loss":0.0,"gold_gain":0.0,"event_name":"MindBloom","player_choice":"Fight","floor":36.0,"gold_loss":0.0,"damage_taken":0.0},{"cards_removed":["Defend_P"],"damage_healed":0.0,"max_hp_gain":0.0,"max_hp_loss":0.0,"gold_gain":0.0,"event_name":"Purifier","player_choice":"Purged","floor":37.0,"gold_loss":0.0,"damage_taken":0.0},{"damage_healed":0.0,"max_hp_gain":0.0,"max_hp_loss":0.0,"gold_gain":0.0,"event_name":"Upgrade Shrine","player_choice":"Upgraded","floor":41.0,"gold_loss":0.0,"damage_taken":0.0,"cards_upgraded":["Vault"]}],"is_beta":false,"boss_relics":[{"not_picked":["Tiny House","Coffee Dripper"],"picked":"Astrolabe"},{"not_picked":["Pandora\u0027s Box","Busted Crown"],"picked":"Fusion Hammer"}],"items_purged_floors":[3,14],"is_endless":false,"potions_floor_spawned":[10,12,13,16,18,21,24,27,28,33,35,36,38,39,40,42,44,46,48],"killed_by":"Awakened One","ascension_level":20}}