{"host":"30p6vp5e6xgjixv6","time":1610858923,"event":{"mods":["AchievementEnabler","BaseMod","Better Match","Better Note","BetterRewards","Colored Map","Colored Powertips","Downfall","Gremlin Skip","Minty Spire (QoL Compilation)","Quick Restart","Rare Cards Sparkle","Relic Filter","StSLib","The IronCluck"],"gold_per_floor":[99,99,99,99,99,127,127,302,752,769,769,783,799,799,815,920,920,820,836,853,868,868,868,868],"floor_reached":23,"language":"ENG","playtime":1013,"items_purged":[],"score":189,"play_id":"8e0ac745-02bd-4da8-92e6-41897b8efafb","local_time":"20210116234843","is_ascension_mode":false,"campfire_choices":[{"data":"bronze:Replicate","floor":1,"key":"SMITH"},{"data":"bronze:Iterate","floor":18,"key":"SMITH"}],"circlet_count":0,"master_deck":["bronze:Replicate+1","bronze:Goto","bronze:Repair","bronze:FineTuning","bronze:WhirlingStrike","bronze:ChildClass","downfall:Icky","downfall:Icky","downfall:Icky","bronze:DelayedGuard","bronze:OilSpill","bronze:Iterate+1","bronze:WhirlingStrike","bronze:BurnOut","bronze:SpaghettiCode","bronze:BurnOut","bronze:DigitalCarnage","bronze:Flail","bronze:BuggyMess","bronze:NullPointer","bronze:BurnOut","bronze:FineTuning","bronze:Shield","bronze:BuggyMess","bronze:BronzeOrb"],"relics":["bronze:BronzeCore","downfall:HeartsMalice","downfall:ShatteredFragment","Centennial Puzzle","Calipers","Bottled Flame","Pandora\u0027s Box","downfall:HeartBlessingGreen"],"acts_visited":["Exordium","TheCity"],"potions_floor_usage":[16,16,16,23],"damage_taken":[{"damage":0,"enemies":"Jaw Worm","floor":2,"turns":1},{"damage":0,"enemies":"2 Louse","floor":3,"turns":1},{"damage":0,"enemies":"Small Slimes","floor":5,"turns":1},{"damage":21,"enemies":"3 Sentries","floor":6,"turns":7},{"damage":14,"enemies":"Gremlin Gang","floor":10,"turns":2},{"damage":1,"enemies":"Exordium Wildlife","floor":12,"turns":3},{"damage":13,"enemies":"Lots of Slimes","floor":13,"turns":5},{"damage":6,"enemies":"Large Slime","floor":15,"turns":6},{"damage":40,"enemies":"WA_ARCHETYPE_RETAIN","floor":16,"turns":6},{"damage":15,"enemies":"Chosen","floor":19,"turns":4},{"damage":2,"enemies":"3 Byrds","floor":20,"turns":4},{"damage":36,"enemies":"Centurion and Healer","floor":21,"turns":7},{"damage":41,"enemies":"Gremlin Leader","floor":23,"turns":5}],"seed_played":"-891209862374602599","potions_obtained":[{"floor":10,"key":"CultistPotion"},{"floor":12,"key":"DistilledChaos"},{"floor":13,"key":"Regen Potion"},{"floor":16,"key":"Weak Potion"},{"floor":20,"key":"DistilledChaos"}],"is_trial":false,"path_per_floor":["R","M","M","?","M","E","T","?","?","M","?","M","M","T","M","B",null,"R","M","M","M","?","E"],"character_chosen":"THE_AUTOMATON","items_purchased":[],"campfire_rested":0,"item_purchase_floors":[],"current_hp_per_floor":[70,70,70,49,49,35,35,35,35,21,21,27,21,21,22,4,70,70,62,67,31,31,0,0],"gold":868,"neow_bonus":"THREE_ENEMY_KILL","is_daily":false,"chose_seed":false,"campfire_upgraded":2,"win_rate":0.0,"timestamp":1610858923,"path_taken":["R","M","M","?","M","E","T","?","?","M","?","?","M","?","M","BOSS","R","?","M","?","?","E"],"items_purchased_type":[],"build_version":"2020-12-22","purchased_purges":0,"victory":false,"max_hp_per_floor":[70,70,70,70,70,70,70,70,70,70,70,70,70,70,70,70,70,70,70,70,70,70,70,70],"card_choices":[{"not_picked":["bronze:BugBarrage","bronze:Overheat"],"picked":"bronze:Repair","floor":2},{"not_picked":["bronze:BuggyMess","bronze:Turbo"],"picked":"bronze:FineTuning","floor":3},{"not_picked":["bronze:Overload","bronze:BugBarrage"],"picked":"bronze:WhirlingStrike","floor":5},{"not_picked":["bronze:BugBarrage","bronze:ForceShield"],"picked":"bronze:ChildClass","floor":6},{"not_picked":["bronze:Boost","bronze:CutThrough"],"picked":"bronze:DelayedGuard","floor":10},{"not_picked":["bronze:Virus","bronze:Turbo"],"picked":"bronze:OilSpill","floor":12},{"not_picked":["bronze:CutThrough","bronze:ChosenStrike"],"picked":"bronze:Iterate","floor":13},{"not_picked":["bronze:Repulsor","bronze:BugBarrage"],"picked":"bronze:WhirlingStrike","floor":15},{"not_picked":["bronze:HyperBeam","bronze:Virus"],"picked":"bronze:BurnOut","floor":16},{"not_picked":["bronze:BitShift","bronze:Deprecate"],"picked":"bronze:Shield","floor":19},{"not_picked":["bronze:Iterate","bronze:FineTuning+1"],"picked":"bronze:BuggyMess","floor":20},{"not_picked":["bronze:DigitalCarnage","bronze:FineTuning"],"picked":"bronze:BronzeOrb","floor":21}],"player_experience":197542,"relics_obtained":[{"floor":6,"key":"Centennial Puzzle"},{"floor":7,"key":"Calipers"},{"floor":14,"key":"Bottled Flame"}],"event_choices":[],"is_beta":false,"boss_relics":[{"not_picked":["Snecko Eye","Ginger"],"picked":"Pandora\u0027s Box"}],"items_purged_floors":[],"is_endless":false,"potions_floor_spawned":[10,12,13,16,20],"killed_by":"Gremlin Leader","ascension_level":0}}