{"host":"98zq812qbocdqs0d","time":1610923256,"event":{"mods":["BaseMod","GifTheSpireLib","Minty Spire (QoL Compilation)","Replay The Spire","StSLib","The Cursed","The Hierophant"],"gold_per_floor":[114,125,125,125,125,158,1,1,1,14,26,26,26,40,40,142,142,162,189,189,189,189,189,219,62,85,99,110,110,123,141,141,236,236,253,267,281,56,67,67,86,86,86,22,22,38,49,67,67,67],"floor_reached":51,"language":"ITA","playtime":3402,"items_purged":["Spreading Infection"],"score":649,"play_id":"f67b94f1-b6b1-49e5-ba88-7cb120a7ba95","local_time":"20210117234056","is_ascension_mode":true,"campfire_choices":[{"data":"Noxious Fumes","floor":8,"key":"SMITH"},{"floor":15,"key":"REST"},{"floor":23,"key":"REST"},{"floor":29,"key":"REST"},{"floor":32,"key":"REST"},{"floor":40,"key":"REST"},{"data":"Catalyst","floor":42,"key":"SMITH"},{"floor":45,"key":"REST"},{"floor":49,"key":"REST"}],"circlet_count":0,"master_deck":["Survivor","Neutralize+1","Escape Plan","Deadly Poison","Noxious Fumes","Noxious Fumes+1","Backflip","Deadly Poison","Catalyst+1","CommonCold","Noxious Fumes","Venomology","Bullet Time","Blur","Backstab","Backflip","Distraction","ReplayTheSpireMod:Scrap Shanks","Caltrops","Night Terror","Wraith Form v2","Deadly Poison","Bouncing Flask","Catalyst+1","Poisoned Stab","ReplayTheSpireMod:Splinters","Deadly Poison"],"relics":["Ring of the Snake","NeowsBlessing","Mirror","Orrery","Iron Hammer","Cursed Key","Red Mask","Replay:Bottled Steam","HornCleat","Strawberry","Toy Ornithopter","Pandora\u0027s Box","Dream Catcher","Pen Nib","Pet Ghost"],"acts_visited":["Exordium","TheCity","TheBeyond"],"potions_floor_usage":[16,19,24,31,41,41,47,47,48,50,50],"damage_taken":[{"damage":0,"enemies":"Jaw Worm","floor":1,"turns":1},{"damage":0,"enemies":"Small Slimes","floor":2,"turns":1},{"damage":0,"enemies":"Gremlin Nob","floor":6,"turns":1},{"damage":0,"enemies":"Cultist","floor":10,"turns":3},{"damage":0,"enemies":"2 Fungi Beasts","floor":11,"turns":3},{"damage":1,"enemies":"Blue Slaver","floor":14,"turns":3},{"damage":1,"enemies":"Hexaghost","floor":16,"turns":7},{"damage":12,"enemies":"3 Byrds","floor":18,"turns":4},{"damage":13,"enemies":"Masked Bandits","floor":19,"turns":4},{"damage":29,"enemies":"Slavers","floor":24,"turns":5},{"damage":0,"enemies":"2 Thieves","floor":27,"turns":4},{"damage":2,"enemies":"Cultist and Chosen","floor":28,"turns":4},{"damage":12,"enemies":"3 Cultists","floor":30,"turns":5},{"damage":12,"enemies":"Snake Plant","floor":31,"turns":1},{"damage":37,"enemies":"Collector","floor":33,"turns":7},{"damage":0,"enemies":"3 Shapes","floor":35,"turns":4},{"damage":0,"enemies":"Orb Walker","floor":36,"turns":3},{"damage":24,"enemies":"Spire Growth","floor":37,"turns":3},{"damage":12,"enemies":"Transient","floor":39,"turns":5},{"damage":14,"enemies":"Sphere and 2 Shapes","floor":41,"turns":5},{"damage":19,"enemies":"Spire Growth","floor":46,"turns":3},{"damage":14,"enemies":"3 Darklings","floor":47,"turns":5},{"damage":0,"enemies":"Transient","floor":48,"turns":3},{"damage":52,"enemies":"Replay:Hell Engine","floor":50,"turns":5}],"seed_played":"-7209871015349817526","potions_obtained":[{"floor":2,"key":"SpeedPotion"},{"floor":11,"key":"Energy Potion"},{"floor":16,"key":"SpeedPotion"},{"floor":24,"key":"Death Potion"},{"floor":28,"key":"FearPotion"},{"floor":31,"key":"Languid Potion"},{"floor":48,"key":"Explosive Potion"}],"is_trial":false,"path_per_floor":["M","M","?","?","?","E","$","R","T","M","M","$","?","M","R","B",null,"M","?","?","?","T","R","E","$","T","M","M","R","M","M","R","B",null,"M","M","M","$","M","R","M","R","T","?","R","M","M","M","R","B",null],"character_chosen":"THE_SILENT","items_purchased":["Orrery","Strawberry","Dream Catcher"],"campfire_rested":7,"item_purchase_floors":[7,25,38],"current_hp_per_floor":[70,70,56,56,56,56,56,56,56,56,56,56,56,55,70,69,70,58,45,45,45,45,66,37,44,44,44,42,65,53,46,69,32,77,77,77,53,53,41,64,60,60,60,60,77,58,54,59,77,30],"gold":67,"neow_bonus":"THREE_ENEMY_KILL","is_daily":false,"chose_seed":false,"campfire_upgraded":2,"win_rate":0.0,"timestamp":1610923256,"path_taken":["M","M","?","?","?","E","$","R","T","M","M","$","?","?","R","BOSS","M","?","?","?","?","R","E","$","T","M","M","R","?","M","R","BOSS","M","M","M","$","M","R","M","R","T","?","R","?","M","?","R","BOSS"],"items_purchased_type":["Relic","Relic","Relic"],"build_version":"2020-12-22","purchased_purges":1,"victory":true,"max_hp_per_floor":[70,70,70,70,70,70,70,70,70,70,70,70,70,70,70,70,70,70,70,70,70,70,70,70,77,77,77,77,77,77,77,77,77,77,77,77,77,77,77,77,77,77,77,77,77,77,77,77,77,77],"card_choices":[{"not_picked":["Sucker Punch","Prepared","Outmaneuver"],"picked":"SKIP","floor":1},{"not_picked":["Fluid Movement","Reflex"],"picked":"Escape Plan","floor":2},{"not_picked":["Quick Slash","ReplayTheSpireMod:Necrosis"],"picked":"Deadly Poison","floor":6},{"not_picked":["Sneak Up","Cloak And Dagger"],"picked":"Noxious Fumes","floor":7},{"not_picked":["Blur","Riddle With Holes"],"picked":"Noxious Fumes","floor":7},{"not_picked":["Acrobatics","Dodge and Roll"],"picked":"Backflip","floor":7},{"not_picked":["Cloak And Dagger","Blade Dance","Endless Agony"],"picked":"SKIP","floor":10},{"not_picked":["Slice","Acrobatics","Dagger Spray"],"picked":"SKIP","floor":11},{"not_picked":["Backflip","Phantasmal Killer","Blade Dance"],"picked":"SKIP","floor":14},{"not_picked":["Blade Dance+1","Dagger Spray","Dagger Throw+1"],"picked":"SKIP","floor":18},{"not_picked":["Cloak And Dagger","Backstab"],"picked":"Deadly Poison","floor":19},{"not_picked":["Dagger Spray","Dodge and Roll","Sneak Up"],"picked":"SKIP","floor":24},{"not_picked":["Blade Dance","Heel Hook","Dash"],"picked":"SKIP","floor":27},{"not_picked":["Blade Dance+1","Underhanded Strike","Sucker Punch"],"picked":"SKIP","floor":28},{"not_picked":["Dagger Spray","Outmaneuver","Deflect"],"picked":"SKIP","floor":30},{"not_picked":["Replay:Bag of Tricks","Dodge and Roll+1"],"picked":"Noxious Fumes","floor":31},{"not_picked":["Phantasmal Killer","Tools of the Trade"],"picked":"Venomology","floor":33},{"not_picked":["Dagger Throw+1","Prepared+1"],"picked":"Deadly Poison","floor":35},{"not_picked":["Masterful Stab","Outmaneuver+1","Backflip"],"picked":"SKIP","floor":36},{"not_picked":["Crippling Poison","Concentrate+1"],"picked":"Bouncing Flask","floor":37},{"not_picked":["Flying Knee","PiercingWail+1"],"picked":"Catalyst+1","floor":39},{"not_picked":["Hidden Blade+1","Tactician+1"],"picked":"Poisoned Stab","floor":40},{"not_picked":["Backstab","Prepared+1","Dagger Spray+1"],"picked":"SKIP","floor":41},{"not_picked":["Blade Dance","Accuracy+1"],"picked":"Deadly Poison","floor":45},{"not_picked":["Leg Sweep","Caltrops","Dagger Throw"],"picked":"SKIP","floor":46},{"not_picked":["Accuracy+1","Phantasmal Killer","Bouncing Flask"],"picked":"SKIP","floor":47},{"not_picked":["Prepared","Bane+1","Deadly Poison+1"],"picked":"SKIP","floor":48}],"player_experience":912284,"relics_obtained":[{"floor":6,"key":"Mirror"},{"floor":9,"key":"Iron Hammer"},{"floor":19,"key":"Red Mask"},{"floor":22,"key":"Replay:Bottled Steam"},{"floor":24,"key":"HornCleat"},{"floor":26,"key":"Toy Ornithopter"},{"floor":43,"key":"Pen Nib"}],"event_choices":[{"damage_healed":0,"gold_gain":0,"player_choice":"Entered Light","damage_taken":14,"max_hp_gain":0,"max_hp_loss":0,"event_name":"Shining Light","floor":3,"gold_loss":0,"cards_upgraded":["Defend_G","Strike_G"]},{"damage_healed":0,"gold_gain":0,"player_choice":"Grow","damage_taken":0,"max_hp_gain":0,"max_hp_loss":0,"event_name":"Living Wall","floor":5,"gold_loss":0,"cards_upgraded":["Neutralize"]},{"cards_removed":["Defend_G"],"damage_healed":0,"gold_gain":0,"player_choice":"Purged","damage_taken":0,"max_hp_gain":0,"max_hp_loss":0,"event_name":"Purifier","floor":13,"gold_loss":0},{"damage_healed":0,"gold_gain":0,"player_choice":"Fought Bandits","damage_taken":0,"max_hp_gain":0,"max_hp_loss":0,"event_name":"Masked Bandits","floor":19,"gold_loss":0},{"damage_healed":0,"gold_gain":0,"player_choice":"Read","damage_taken":0,"max_hp_gain":0,"max_hp_loss":0,"event_name":"The Library","floor":20,"gold_loss":0,"cards_obtained":["Catalyst"]},{"damage_healed":0,"gold_gain":0,"player_choice":"Ignored","damage_taken":0,"max_hp_gain":0,"max_hp_loss":0,"event_name":"Ghosts","floor":21,"gold_loss":0},{"damage_healed":0,"gold_gain":0,"player_choice":"Paid Gold","damage_taken":0,"relics_obtained":["Pet Ghost"],"max_hp_gain":0,"max_hp_loss":0,"event_name":"WeMeetAgain","floor":44,"gold_loss":64}],"is_beta":false,"boss_relics":[{"not_picked":["Black Star","Abe\u0027s Treasure"],"picked":"Cursed Key"},{"not_picked":["Coffee Dripper","Empty Cage"],"picked":"Pandora\u0027s Box"}],"items_purged_floors":[38],"is_endless":false,"potions_floor_spawned":[2,11,16,24,28,31,36,46,48],"ascension_level":3}}