{"host":"foq4mrde4mssg7vt","time":1610882912,"event":{"mods":["AchievementEnabler","BaseMod","Colored Map","Colored Powertips","Highlight Path","Minty Spire (QoL Compilation)","Relic Stats","everything is the same but u backflip on backflip"],"gold_per_floor":[110,122,16,31,44,75,75,75,75],"floor_reached":8,"language":"ENG","playtime":298,"items_purged":[],"score":113,"play_id":"0b7a23f1-7a9c-47ce-acca-9a4b40caba75","local_time":"20210117192832","is_ascension_mode":true,"campfire_choices":[{"data":"Loop","floor":7,"key":"SMITH"}],"circlet_count":0,"master_deck":["AscendersBane","Strike_B","Strike_B","Strike_B","Defend_B","Defend_B+1","Defend_B+1","Zap","Dualcast","Auto Shields","Compile Driver","Flash of Steel","Barrage","Loop+1"],"relics":["Empty Cage","War Paint"],"acts_visited":["Exordium"],"potions_floor_usage":[6],"damage_taken":[{"damage":6,"enemies":"2 Louse","floor":1,"turns":3},{"damage":1,"enemies":"Cultist","floor":2,"turns":5},{"damage":7,"enemies":"Jaw Worm","floor":4,"turns":4},{"damage":0,"enemies":"2 Fungi Beasts","floor":5,"turns":4},{"damage":16,"enemies":"Lagavulin","floor":6,"turns":8},{"damage":37,"enemies":"3 Sentries","floor":8,"turns":6}],"seed_played":"-7346641861956914595","potions_obtained":[{"floor":2,"key":"DistilledChaos"}],"is_trial":false,"path_per_floor":["M","M","$","M","M","E","R","E"],"character_chosen":"DEFECT","items_purchased":["Flash of Steel"],"campfire_rested":0,"item_purchase_floors":[3],"current_hp_per_floor":[58,57,57,50,50,34,34,0,0],"gold":75,"neow_bonus":"BOSS_RELIC","is_daily":false,"chose_seed":false,"campfire_upgraded":1,"win_rate":0.0,"timestamp":1610882912,"path_taken":["M","M","$","M","M","E","R","E"],"items_purchased_type":["Card"],"build_version":"2020-12-22","purchased_purges":0,"victory":false,"max_hp_per_floor":[71,71,71,71,71,71,71,71,71],"relic_stats":{"counters":[6,30],"War Paint":["Defend_B","Defend_B"],"obtain_stats":[{"War Paint":6,"Cracked Core":0,"Empty Cage":0},{"War Paint":5,"Cracked Core":0,"Empty Cage":0},{"War Paint":24,"Cracked Core":0,"Empty Cage":0}]},"card_choices":[{"not_picked":["Beam Cell","Hologram"],"picked":"Auto Shields","floor":1},{"not_picked":["Chaos","Redo"],"picked":"Compile Driver","floor":2},{"not_picked":["Leap","Chill"],"picked":"Barrage","floor":4},{"not_picked":["Machine Learning","Steam","Hello World"],"picked":"SKIP","floor":5},{"not_picked":["Stack","Leap"],"picked":"Loop","floor":6}],"player_experience":488989,"relics_obtained":[{"floor":6,"key":"War Paint"}],"event_choices":[],"is_beta":false,"boss_relics":[],"items_purged_floors":[],"is_endless":false,"potions_floor_spawned":[2],"killed_by":"3 Sentries","ascension_level":19}}