{"host":"farxtl2u8hmkbdo2","time":1610910672,"event":{"mods":["A Magickal Journey","BaseMod","Challenge The Spire","Colored Map","Colored Powertips","Current Relic Mod","Energized Spire","Gremlin Mod","Hubris","Mimic Mod","Minty Spire (QoL Compilation)","Quick Restart","READ ME - Guardian Mod","READ ME - Snecko Mod","StSLib","The Bladedancer","The Bug Knight","The Disciple","The Elementalist","The Factory","The Necromancer","The Runesmith"],"gold_per_floor":[115,133,133,133,146,173,185,185,257,268,268,268,268,268],"floor_reached":13,"language":"SPA","playtime":690,"items_purged":[],"score":112,"play_id":"578361c9-9adc-4183-a2d9-5fe7e6db312f","local_time":"20210117161112","is_ascension_mode":false,"campfire_choices":[{"data":"1","floor":8,"key":"LIFT"},{"data":"2","floor":11,"key":"LIFT"}],"circlet_count":0,"master_deck":["HollowMod:QuickDashStart","HollowMod:QuickDashStart","HollowMod:QuickDashStart","HollowMod:FocusHealStart","HollowMod:PogoStrike","HollowMod:CycloneSlash","HollowMod:NewJinnsSoul","HollowMod:InfectedAttack","HollowMod:InfectedAttack","HollowMod:InfectedAttack","HollowMod:InfectedAttack","HollowMod:DoubleDash","HollowMod:HuntersJournal","HollowMod:SoulShaman"],"relics":["HollowMod:VesselMask","Girya","Runesmith:AutoHammer","hubris:Metronome"],"acts_visited":["Exordium"],"potions_floor_usage":[6,6,12,12],"damage_taken":[{"damage":1,"enemies":"Cultist","floor":1,"turns":4},{"damage":1,"enemies":"Jaw Worm","floor":2,"turns":4},{"damage":5,"enemies":"Small Slimes","floor":5,"turns":3},{"damage":53,"enemies":"Gremlin Nob","floor":6,"turns":4},{"damage":5,"enemies":"2 Fungi Beasts","floor":7,"turns":3},{"damage":6,"enemies":"Exordium Wildlife","floor":10,"turns":3},{"damage":0,"enemies":"Red Slaver","floor":12,"turns":2},{"damage":13,"enemies":"3 Sentries","floor":13,"turns":2}],"seed_played":"7162895991893763984","potions_obtained":[{"floor":1,"key":"SkillPotion"},{"floor":5,"key":"Fruit Juice"},{"floor":6,"key":"SmokeBomb"},{"floor":10,"key":"Regen Potion"}],"is_trial":false,"path_per_floor":["M","M","?","?","M","E","M","R","T","M","R","M","E"],"character_chosen":"THE_BUGKNIGHT","items_purchased":[],"campfire_rested":0,"item_purchase_floors":[],"current_hp_per_floor":[67,66,59,59,54,12,13,13,13,7,7,12,0,0],"gold":268,"neow_bonus":"ONE_RARE_RELIC","is_daily":false,"chose_seed":false,"campfire_upgraded":0,"win_rate":0.0,"timestamp":1610910672,"path_taken":["M","M","?","?","M","E","M","R","T","M","R","M","E"],"items_purchased_type":[],"build_version":"2020-12-22","purchased_purges":0,"victory":false,"max_hp_per_floor":[68,68,68,68,68,73,73,73,73,73,73,73,73,73],"card_choices":[{"not_picked":["HollowMod:MonarchWings","HollowMod:PerfectDash"],"picked":"HollowMod:CycloneSlash","floor":1},{"not_picked":["HollowMod:HowlingWraiths","HollowMod:TaintedHusks"],"picked":"HollowMod:NewJinnsSoul","floor":2},{"not_picked":["HollowMod:SharpenedNail","HollowMod:FastStrike"],"picked":"HollowMod:DoubleDash","floor":5},{"not_picked":["HollowMod:DesolateDive","HollowMod:FastStrike","HollowMod:HowlingWraiths"],"picked":"SKIP","floor":6},{"not_picked":["HollowMod:DoubleDash","HollowMod:SiblingsSouls"],"picked":"HollowMod:HuntersJournal","floor":7},{"not_picked":["HollowMod:HowlingWraiths","HollowMod:DescendingDark"],"picked":"HollowMod:SoulShaman","floor":10}],"player_experience":1853771,"relics_obtained":[{"floor":6,"key":"Runesmith:AutoHammer"},{"floor":9,"key":"hubris:Metronome"}],"event_choices":[{"cards_removed":["HollowMod:QuickDashStart"],"damage_healed":0,"gold_gain":0,"player_choice":"Card Removal","damage_taken":7,"max_hp_gain":0,"max_hp_loss":0,"event_name":"Golden Wing","floor":3,"gold_loss":0}],"is_beta":false,"boss_relics":[],"items_purged_floors":[],"is_endless":false,"potions_floor_spawned":[1,5,6,10],"killed_by":"3 Sentries","ascension_level":0}}