{"host":"uq4ng344qg9ygyoi","time":1610905876,"event":{"mods":["BaseMod","Minty Spire (QoL Compilation)","Quick Restart","Shop Mod","StSLib","[IsaacMod]ÒÔÈö¼âËþ"],"gold_per_floor":[112,126,143,143,159,185,204,204,231,254,429,511,68,168,168,269,269,281,306,306,46,60,60,92,92,92,122,137,153,167,32,32,130,130,149,165,192,146,156,156,171,183,183,24,54,54,64,75,75,75],"floor_reached":51,"language":"ZHS","playtime":3395,"items_purged":["Doubt","Strike_R","Strike_R","Defend_R"],"score":868,"play_id":"4113959e-0317-4a4c-9e30-d65fb90606a2","local_time":"20210118015116","is_ascension_mode":true,"campfire_choices":[{"floor":8.0,"key":"REST"},{"data":"Limit Break","floor":15.0,"key":"SMITH"},{"data":"EpicFetus","floor":23.0,"key":"SMITH"},{"floor":25.0,"key":"REST"},{"floor":32.0,"key":"REST"},{"data":"Enlightenment","floor":40.0,"key":"SMITH"},{"floor":46.0,"key":"REST"},{"data":"Apotheosis","floor":49,"key":"SMITH"}],"circlet_count":0,"master_deck":["Strike_R","Strike_R","Defend_R+1","Defend_R","Defend_R","Bash","EpicFetus+1","Shrug It Off","Burning Pact","Disarm","Enlightenment+1","Limit Break+1","Barricade","Good Instincts+1","Battle Trance","Cleave","Disarm","Inflame","Shrug It Off","Berserk","Intimidate","Apotheosis+1"],"relics":["Burning Blood","HushsDoor","Tiny Chest","BookOfRevelations","MerchantsRug","Habit","Regal Pillow","Runic Pyramid","BelialBook","SteamSale","Bag of Preparation","BlankCard","Anchor","MealTicket","Busted Crown","Centennial Puzzle","Strawberry"],"acts_visited":["Exordium","TheCity","TheBeyond"],"potions_floor_usage":[],"damage_taken":[{"damage":1.0,"enemies":"Cultist","floor":1.0,"turns":3.0},{"damage":7.0,"enemies":"Jaw Worm","floor":2.0,"turns":3.0},{"damage":3.0,"enemies":"Small Slimes","floor":3.0,"turns":3.0},{"damage":14.0,"enemies":"Looter","floor":5.0,"turns":3.0},{"damage":34.0,"enemies":"Gremlin Nob","floor":6.0,"turns":5.0},{"damage":11.0,"enemies":"Large Slime","floor":7.0,"turns":4.0},{"damage":43.0,"enemies":"Slime Boss","floor":16.0,"turns":12.0},{"damage":20.0,"enemies":"Shell Parasite","floor":18.0,"turns":16.0},{"damage":26.0,"enemies":"Spheric Guardian","floor":22.0,"turns":8.0},{"damage":24.0,"enemies":"Slavers","floor":24.0,"turns":3.0},{"damage":0.0,"enemies":"Book of Stabbing","floor":27.0,"turns":8.0},{"damage":28.0,"enemies":"Snake Plant","floor":28.0,"turns":6.0},{"damage":21.0,"enemies":"Shelled Parasite and Fungi","floor":29.0,"turns":6.0},{"damage":18.0,"enemies":"Cultist and Chosen","floor":30.0,"turns":8.0},{"damage":6.0,"enemies":"Automaton","floor":33.0,"turns":12.0},{"damage":15.0,"enemies":"Orb Walker","floor":35.0,"turns":4.0},{"damage":19.0,"enemies":"3 Shapes","floor":36.0,"turns":4.0},{"damage":0.0,"enemies":"Jaw Worm Horde","floor":39.0,"turns":3.0},{"damage":48.0,"enemies":"Spire Growth","floor":41.0,"turns":7.0},{"damage":31.0,"enemies":"Sphere and 2 Shapes","floor":42.0,"turns":4.0},{"damage":0.0,"enemies":"Nemesis","floor":45.0,"turns":9.0},{"damage":0.0,"enemies":"Maw","floor":47.0,"turns":6.0},{"damage":37,"enemies":"4 Shapes","floor":48,"turns":7},{"damage":27,"enemies":"Time Eater","floor":50,"turns":32}],"seed_played":"-1688038664602593225","potions_obtained":[{"floor":1.0,"key":"FearPotion"},{"floor":2.0,"key":"SneckoOil"},{"floor":7.0,"key":"FairyPotion"},{"floor":18.0,"key":"Explosive Potion"},{"floor":29.0,"key":"FearPotion"},{"floor":33.0,"key":"PowerPotion"},{"floor":36.0,"key":"Swift Potion"},{"floor":39.0,"key":"Fire Potion"},{"floor":41.0,"key":"Energy Potion"}],"is_trial":false,"path_per_floor":["M","M","M","?","M","E","M","R","T","T","?","?","$","?","R","B",null,"M","T","?","$","M","R","E","R","T","E","M","M","M","$","R","B",null,"M","M","T","$","M","R","M","M","T","$","E","R","M","M","R","B",null],"character_chosen":"IRONCLAD","items_purchased":["MerchantsRug","Enlightenment","Habit","Regal Pillow","SteamSale","Good Instincts","Battle Trance","MealTicket","Inflame","Shrug It Off","Apotheosis"],"campfire_rested":4,"item_purchase_floors":[13,13,13,13,21,21,21,31,31,31,44],"current_hp_per_floor":[80,79,80,80,72,44,39,63,63,63,63,52,52,52,52,15,80,66,66,66,66,46,46,28,67,67,73,51,36,24,24,63,63,80,71,58,58,73,79,79,37,12,12,27,40,81,87,56,56,35],"gold":75,"neow_bonus":"RANDOM_COMMON_RELIC","is_daily":false,"chose_seed":false,"campfire_upgraded":4,"win_rate":0.0,"timestamp":1610905876,"path_taken":["M","?","?","?","M","E","M","R","T","?","?","?","$","?","R","BOSS","M","?","?","$","M","R","E","R","T","E","?","M","M","?","R","BOSS","M","M","?","$","M","R","M","M","T","$","E","R","?","M","R","BOSS"],"items_purchased_type":["Relic","Card","Relic","Relic","Relic","Card","Card","Relic","Card","Card","Card"],"build_version":"2020-12-22","purchased_purges":4,"victory":true,"max_hp_per_floor":[80,80,80,80,80,80,80,80,80,80,80,80,80,80,80,80,80,80,80,80,80,80,80,80,80,80,80,80,80,80,80,80,80,80,80,80,80,80,80,80,80,80,80,80,87,87,87,87,87,87],"card_choices":[{"not_picked":[],"picked":"EpicFetus","floor":0.0},{"not_picked":["Bomb","Disarm"],"picked":"Shrug It Off","floor":1.0},{"not_picked":["Sword Boomerang","Reckless Charge"],"picked":"Burning Pact","floor":2.0},{"not_picked":["Blood for Blood","Heavy Blade"],"picked":"Disarm","floor":3.0},{"not_picked":["Searing Blow","Combust","Anger"],"picked":"SKIP","floor":5.0},{"not_picked":["Cleave","Pommel Strike","Burning Pact"],"picked":"SKIP","floor":6.0},{"not_picked":["Pummel","Dark Embrace","Shockwave"],"picked":"SKIP","floor":7.0},{"not_picked":["Twin Strike","Sever Soul"],"picked":"Limit Break","floor":14.0},{"not_picked":["Bludgeon","Immolate"],"picked":"Barricade","floor":16.0},{"not_picked":["Perfected Strike","Sever Soul","Headbutt"],"picked":"SKIP","floor":18.0},{"not_picked":["Sword Boomerang","Uppercut+1"],"picked":"Cleave","floor":22.0},{"not_picked":["Corruption","Headbutt","Sword Boomerang+1"],"picked":"SKIP","floor":24.0},{"not_picked":["Havoc+1","Fiend Fire","Feel No Pain"],"picked":"SKIP","floor":27.0},{"not_picked":["Sword Boomerang","Rampage"],"picked":"Disarm","floor":28.0},{"not_picked":["Pummel","Shockwave+1","Havoc"],"picked":"SKIP","floor":29.0},{"not_picked":["Metallicize","Heavy Blade+1","Twin Strike+1"],"picked":"SKIP","floor":30.0},{"not_picked":["Demon Form","Barricade"],"picked":"Berserk","floor":33.0},{"not_picked":[],"picked":"Intimidate","floor":35.0},{"not_picked":["Wild Strike"],"picked":"SKIP","floor":36.0},{"not_picked":["Searing Blow"],"picked":"SKIP","floor":39.0},{"not_picked":["Clash"],"picked":"SKIP","floor":41.0},{"not_picked":["Rampage"],"picked":"SKIP","floor":42.0},{"not_picked":["Havoc"],"picked":"SKIP","floor":45.0},{"not_picked":["Twin Strike+1"],"picked":"SKIP","floor":47.0},{"not_picked":["Pommel Strike+1"],"picked":"SKIP","floor":48}],"player_experience":413518,"relics_obtained":[{"floor":6.0,"key":"BookOfRevelations"},{"floor":9.0,"key":"SalivaCoin"},{"floor":10.0,"key":"Lantern"},{"floor":19.0,"key":"BelialBook"},{"floor":24.0,"key":"Bag of Preparation"},{"floor":26.0,"key":"BlankCard"},{"floor":27.0,"key":"Anchor"},{"floor":37.0,"key":"Centennial Puzzle"},{"floor":43.0,"key":"War Paint"},{"floor":45.0,"key":"Strawberry"}],"event_choices":[{"damage_healed":0.0,"max_hp_gain":0.0,"max_hp_loss":0.0,"gold_gain":175.0,"event_name":"Liars Game","player_choice":"AGREE","floor":11.0,"gold_loss":0.0,"damage_taken":0.0,"cards_obtained":["Doubt"]},{"damage_healed":0.0,"max_hp_gain":0.0,"max_hp_loss":0.0,"gold_gain":75.0,"event_name":"World of Goop","player_choice":"Gather Gold","floor":12.0,"gold_loss":0.0,"damage_taken":11.0},{"cards_removed":["Strike_R"],"damage_healed":0.0,"max_hp_gain":0.0,"max_hp_loss":0.0,"gold_gain":0.0,"event_name":"Bonfire Elementals","player_choice":"Offered Basic","floor":20.0,"gold_loss":0.0,"damage_taken":0.0}],"is_beta":false,"boss_relics":[{"not_picked":["Sozu","Coffee Dripper"],"picked":"Runic Pyramid"},{"not_picked":[]},{"not_picked":["Fusion Hammer","Snecko Eye"],"picked":"Busted Crown"},{"not_picked":[]}],"items_purged_floors":[13,21,38,44],"is_endless":false,"potions_floor_spawned":[1,2,7,18,29,33,36,39,41],"ascension_level":2}}