{"host":"wshh0nphwn6jv7vj","time":1610849432,"event":{"mods":["BaseMod","Bestiary","Minty Spire (QoL Compilation)","Relic Stats"],"gold_per_floor":[118,118,193,213,232,232,232,232,232,64,76,76,101,112,112,189,189,208,223,223,138,138,166,166,166],"floor_reached":24,"language":"ENG","playtime":1257,"items_purged":["Strike_B"],"score":421,"play_id":"98f88138-bbd2-4693-b2be-89df9b4ff8fd","local_time":"20210116211032","is_ascension_mode":true,"campfire_choices":[{"floor":6,"key":"REST"},{"data":"Zap","floor":8,"key":"SMITH"},{"data":"Doom and Gloom","floor":12,"key":"SMITH"},{"data":"Coolheaded","floor":15,"key":"SMITH"}],"circlet_count":0,"master_deck":["AscendersBane","Zap+1","Dualcast","Rainbow+1","Coolheaded+1","BootSequence","Aggregate","Doom and Gloom+1","Coolheaded","Seek","Capacitor","Coolheaded","Reboot","Defragment","Reprogram+1","Hyperbeam","Auto Shields+1","Cold Snap","Coolheaded","Skim","Compile Driver"],"relics":["Cracked Core","Sundial","The Courier","Pandora\u0027s Box","Singing Bowl","War Paint"],"acts_visited":["Exordium","TheCity"],"potions_floor_usage":[16,16],"damage_taken":[{"damage":4,"enemies":"2 Louse","floor":1,"turns":3},{"damage":6,"enemies":"Cultist","floor":4,"turns":6},{"damage":6,"enemies":"Small Slimes","floor":5,"turns":4},{"damage":0,"enemies":"3 Louse","floor":11,"turns":3},{"damage":6,"enemies":"3 Sentries","floor":13,"turns":5},{"damage":0,"enemies":"Looter","floor":14,"turns":3},{"damage":31,"enemies":"The Guardian","floor":16,"turns":10},{"damage":0,"enemies":"Chosen","floor":18,"turns":7},{"damage":9,"enemies":"Shell Parasite","floor":19,"turns":9},{"damage":35,"enemies":"Book of Stabbing","floor":23,"turns":8},{"damage":12,"enemies":"Snake Plant","floor":24,"turns":2}],"seed_played":"6212978939068742734","potions_obtained":[{"floor":4,"key":"SpeedPotion"},{"floor":5,"key":"LiquidMemories"},{"floor":11,"key":"Dexterity Potion"},{"floor":18,"key":"Energy Potion"}],"is_trial":false,"path_per_floor":["M","$","?","M","M","R","?","R","T","$","M","R","E","M","R","B",null,"M","M","?","?","?","E","M"],"character_chosen":"DEFECT","items_purchased":["Doom and Gloom","Coolheaded"],"campfire_rested":1,"item_purchase_floors":[10,10],"current_hp_per_floor":[42,42,31,25,19,40,40,40,40,40,40,40,34,34,34,3,54,54,45,45,45,45,12,0,0],"gold":166,"neow_bonus":"THREE_RARE_CARDS","is_daily":false,"chose_seed":false,"campfire_upgraded":3,"win_rate":0.0,"timestamp":1610849432,"path_taken":["M","$","?","M","M","R","?","R","T","$","?","R","E","M","R","BOSS","M","M","?","?","?","E","M"],"items_purchased_type":["Card","Card"],"build_version":"2020-12-22","purchased_purges":1,"victory":false,"max_hp_per_floor":[71,71,71,71,71,71,71,71,71,71,71,71,71,71,71,71,71,71,71,71,71,71,73,73,73],"relic_stats":{"Singing Bowl":2,"counters":[11,60],"Sundial":[10],"Pandora\u0027s Box":["Defragment","Reprogram","Meteor Strike","Hyperbeam","Auto Shields","Cold Snap","Coolheaded"],"War Paint":["Reprogram","Auto Shields"],"obtain_stats":[{"Singing Bowl":21,"Sundial":9,"Pandora\u0027s Box":17,"The Courier":13,"War Paint":23,"Cracked Core":0},{"Singing Bowl":9,"Sundial":3,"Pandora\u0027s Box":7,"The Courier":5,"War Paint":10,"Cracked Core":0},{"Singing Bowl":50,"Sundial":13,"Pandora\u0027s Box":34,"The Courier":21,"War Paint":58,"Cracked Core":0}]},"card_choices":[{"not_picked":["Fission","Buffer"],"picked":"Rainbow","floor":0},{"not_picked":["Turbo","Ball Lightning"],"picked":"Coolheaded","floor":1},{"not_picked":["Redo","Double Energy"],"picked":"BootSequence","floor":4},{"not_picked":["Gash","Beam Cell"],"picked":"Aggregate","floor":5},{"not_picked":["Blizzard","Ball Lightning"],"picked":"Seek","floor":11},{"not_picked":["Stack","Steam"],"picked":"Capacitor","floor":13},{"not_picked":["Storm","Leap"],"picked":"Coolheaded","floor":14},{"not_picked":["Rainbow","Meteor Strike"],"picked":"Reboot","floor":16},{"not_picked":["Gash","BootSequence"],"picked":"Skim","floor":18},{"not_picked":["Consume","Reprogram"],"picked":"Compile Driver","floor":19},{"not_picked":["Cold Snap+1","Turbo","Ball Lightning"],"picked":"Singing Bowl","floor":23}],"player_experience":1580458,"relics_obtained":[{"floor":9,"key":"Sundial"},{"floor":13,"key":"The Courier"},{"floor":23,"key":"War Paint"}],"event_choices":[{"damage_healed":0,"gold_gain":75,"player_choice":"Gather Gold","damage_taken":11,"max_hp_gain":0,"max_hp_loss":0,"event_name":"World of Goop","floor":3,"gold_loss":0},{"damage_healed":0,"gold_gain":0,"player_choice":"Upgraded","damage_taken":0,"max_hp_gain":0,"max_hp_loss":0,"event_name":"Upgrade Shrine","floor":7,"gold_loss":0,"cards_upgraded":["Rainbow"]},{"cards_removed":["Meteor Strike"],"damage_healed":0,"gold_gain":0,"player_choice":"Elegance","damage_taken":0,"max_hp_gain":0,"max_hp_loss":0,"event_name":"Back to Basics","floor":20,"gold_loss":0},{"damage_healed":0,"gold_gain":0,"player_choice":"Obtained Relic","damage_taken":0,"relics_obtained":["Singing Bowl"],"max_hp_gain":0,"max_hp_loss":0,"event_name":"Addict","floor":21,"gold_loss":85},{"damage_healed":0,"gold_gain":0,"player_choice":"Ignored","damage_taken":0,"max_hp_gain":0,"max_hp_loss":0,"event_name":"Vampires","floor":22,"gold_loss":0}],"is_beta":false,"boss_relics":[{"not_picked":["FrozenCore","Runic Dome"],"picked":"Pandora\u0027s Box"}],"items_purged_floors":[10],"is_endless":false,"potions_floor_spawned":[4,5,11,18],"killed_by":"Snake Plant","ascension_level":17}}