{"host":"m4dyfygcy5mcfqso","time":1610893255,"event":{"mods":["BaseMod","Minty Spire (QoL Compilation)","Replay The Spire","StSLib"],"gold_per_floor":[112,124,135,147,167,167,193,203,226,238,238,238,238],"floor_reached":12,"language":"ZHS","playtime":425,"items_purged":[],"score":105,"play_id":"0af4f06c-7e84-4f7c-a97b-90b9375dfe17","local_time":"20210117222055","is_ascension_mode":true,"campfire_choices":[{"data":"Rampage","floor":6,"key":"SMITH"}],"circlet_count":0,"master_deck":["Strike_R+1","Strike_R","Strike_R","Strike_R","Strike_R+1","Defend_R","Defend_R","Defend_R","Defend_R","Bash","Uppercut","Rampage+1","ReplayTheSpireMod:Limb From Limb"],"relics":["Burning Blood","NeowsBlessing","Replay:Rubber Ducky","Bronze Scales"],"acts_visited":["Exordium"],"potions_floor_usage":[7,12],"damage_taken":[{"damage":0,"enemies":"Cultist","floor":1,"turns":1},{"damage":0,"enemies":"Jaw Worm","floor":2,"turns":1},{"damage":0,"enemies":"Small Slimes","floor":3,"turns":1},{"damage":16,"enemies":"Exordium Wildlife","floor":4,"turns":5},{"damage":8,"enemies":"Red Slaver","floor":5,"turns":4},{"damage":18,"enemies":"Gremlin Nob","floor":7,"turns":4},{"damage":12,"enemies":"Blue Slaver","floor":8,"turns":4},{"damage":29,"enemies":"Gremlin Gang","floor":10,"turns":5},{"damage":15,"enemies":"Replay:BlueRogue","floor":12,"turns":3}],"seed_played":"-7215840744540515285","potions_obtained":[{"floor":1,"key":"BlessingOfTheForge"},{"floor":4,"key":"Block Potion"},{"floor":8,"key":"Explosive Potion"}],"is_trial":false,"path_per_floor":["M","M","M","M","M","R","E","M","T","M","?","E"],"character_chosen":"IRONCLAD","items_purchased":[],"campfire_rested":0,"item_purchase_floors":[],"current_hp_per_floor":[80,80,80,70,68,68,56,50,50,27,11,0,0],"gold":238,"neow_bonus":"THREE_ENEMY_KILL","is_daily":false,"chose_seed":false,"campfire_upgraded":1,"win_rate":0.0,"timestamp":1610893255,"path_taken":["M","M","M","M","M","R","E","M","T","?","?","E"],"items_purchased_type":[],"build_version":"2020-12-22","purchased_purges":0,"victory":false,"max_hp_per_floor":[80,80,80,80,80,80,80,80,80,80,80,80,80],"card_choices":[{"not_picked":["Inflame","Whirlwind"],"picked":"Uppercut","floor":1},{"not_picked":["Warcry","Clash"],"picked":"Rampage","floor":2},{"not_picked":["Carnage","Shrug It Off","Flame Barrier"],"picked":"SKIP","floor":3},{"not_picked":["Cleave","Flex","Replay:Undeath\u0027s Touch"],"picked":"SKIP","floor":4},{"not_picked":["Limit Break","Entrench"],"picked":"ReplayTheSpireMod:Limb From Limb","floor":5},{"not_picked":["Sever Soul","Clash","Heavy Blade"],"picked":"SKIP","floor":7},{"not_picked":["Sword Boomerang","Warcry","Twin Strike"],"picked":"SKIP","floor":8},{"not_picked":["Entrench","Heavy Blade","Sword Boomerang"],"picked":"SKIP","floor":10}],"player_experience":245133,"relics_obtained":[{"floor":7,"key":"Replay:Rubber Ducky"},{"floor":9,"key":"Bronze Scales"}],"event_choices":[{"damage_healed":0,"gold_gain":0,"player_choice":"Entered Light","damage_taken":16,"max_hp_gain":0,"max_hp_loss":0,"event_name":"Shining Light","floor":11,"gold_loss":0,"cards_upgraded":["Strike_R","Strike_R"]}],"is_beta":false,"boss_relics":[],"items_purged_floors":[],"is_endless":false,"potions_floor_spawned":[1,4,8],"killed_by":"Replay:BlueRogue","ascension_level":5}}