{"host":"h4390p13uu6iw1q5","time":1610845300,"event":{"mods":["BaseMod","Colored Map","Minty Spire (QoL Compilation)"],"gold_per_floor":[144,189,189,189,234,234,324,369,369,369,414,459,459,196,196,496,496,541,586,586,501,546,546,636,636,636,681,681,681,771,816,816,1116,1116,1161,588,588,466,511,601,601,646,646,646,606,226,271,316,316,316],"floor_reached":51,"language":"ENG","playtime":3434,"items_purged":[],"score":1142,"play_id":"066f4c0c-2284-40f4-b16e-51536cb905b8","local_time":"20210116200140","daily_mods":["SealedDeck","Hoarder","Midas"],"is_ascension_mode":false,"campfire_choices":[{"floor":6,"key":"REST"},{"floor":10,"key":"REST"},{"floor":13,"key":"REST"},{"floor":15,"key":"REST"},{"floor":23,"key":"REST"},{"floor":25,"key":"REST"},{"floor":32,"key":"REST"},{"floor":41,"key":"REST"},{"floor":44,"key":"REST"},{"floor":49,"key":"REST"}],"circlet_count":0,"master_deck":["Compile Driver","Compile Driver","Compile Driver","Steam","Steam","Steam","Rebound","Rebound","Steam Power","Steam Power","Steam Power","Turbo","Turbo","Turbo","Conserve Battery+1","Conserve Battery","Conserve Battery","Loop+1","Loop","Loop","Compile Driver","Compile Driver","Compile Driver","Coolheaded+1","Coolheaded+1","Coolheaded","Stack","Stack","Stack","Cold Snap","Cold Snap","Core Surge","Core Surge","Core Surge","FTL","FTL","FTL","Consume","Consume","Consume","Loop","Loop","Loop","All For One","All For One","All For One","Chaos+1","Chaos+1","Chaos+1","Beam Cell+1","Beam Cell+1","Beam Cell+1","Fusion+1","Fusion+1","Fusion+1","RitualDagger","RitualDagger","RitualDagger","Biased Cognition","Biased Cognition","Biased Cognition","Heatsinks+1","Heatsinks+1","Heatsinks+1","Echo Form","Echo Form","Echo Form","Redo+1","Redo+1","Redo+1","Capacitor","Capacitor","Capacitor","Turbo+1","Turbo+1","Turbo+1","Meteor Strike","Meteor Strike","Meteor Strike","Secret Weapon+1","Secret Weapon+1","Defragment","Defragment","Defragment","Coolheaded+1","Coolheaded+1","Coolheaded+1","Double Energy+1","Double Energy+1","Double Energy+1","All For One","All For One","All For One","Buffer","Buffer","Buffer"],"relics":["Cracked Core","Pear","Potion Belt","Darkstone Periapt","Membership Card","Nunchaku","Fusion Hammer","Toxic Egg 2","Matryoshka","Vajra","Shuriken","PreservedInsect","Bottled Tornado","White Beast Statue","Nuclear Battery","Bottled Lightning","Mango","Medical Kit","OrangePellets","War Paint","Ancient Tea Set","FossilizedHelix","Ice Cream"],"acts_visited":["Exordium","TheCity","TheBeyond"],"potions_floor_usage":[24,33,42,50,50,50,50,50],"damage_taken":[{"damage":0,"enemies":"2 Louse","floor":1,"turns":2},{"damage":0,"enemies":"Cultist","floor":2,"turns":3},{"damage":0,"enemies":"Small Slimes","floor":5,"turns":3},{"damage":23,"enemies":"3 Sentries","floor":7,"turns":5},{"damage":5,"enemies":"Looter","floor":8,"turns":2},{"damage":0,"enemies":"2 Fungi Beasts","floor":11,"turns":2},{"damage":0,"enemies":"Large Slime","floor":12,"turns":4},{"damage":0,"enemies":"Slime Boss","floor":16,"turns":21},{"damage":18,"enemies":"Spheric Guardian","floor":18,"turns":4},{"damage":0,"enemies":"Chosen","floor":19,"turns":4},{"damage":3,"enemies":"3 Cultists","floor":22,"turns":4},{"damage":22,"enemies":"Slavers","floor":24,"turns":4},{"damage":0,"enemies":"Snake Plant","floor":27,"turns":2},{"damage":11,"enemies":"Gremlin Leader","floor":30,"turns":2},{"damage":12,"enemies":"Sentry and Sphere","floor":31,"turns":4},{"damage":0,"enemies":"Automaton","floor":33,"turns":4},{"damage":28,"enemies":"3 Darklings","floor":35,"turns":4},{"damage":0,"enemies":"3 Shapes","floor":39,"turns":2},{"damage":38,"enemies":"Reptomancer","floor":40,"turns":8},{"damage":0,"enemies":"Transient","floor":42,"turns":5},{"damage":14,"enemies":"Writhing Mass","floor":47,"turns":3},{"damage":45,"enemies":"Jaw Worm Horde","floor":48,"turns":3},{"damage":0,"enemies":"Awakened One","floor":50,"turns":5}],"seed_played":"7372172642885907109","potions_obtained":[{"floor":7,"key":"Regen Potion"},{"floor":11,"key":"SneckoOil"},{"floor":12,"key":"SneckoOil"},{"floor":18,"key":"BlessingOfTheForge"},{"floor":22,"key":"SteroidPotion"},{"floor":27,"key":"CultistPotion"},{"floor":30,"key":"DuplicationPotion"},{"floor":31,"key":"Strength Potion"},{"floor":33,"key":"DistilledChaos"},{"floor":35,"key":"CultistPotion"},{"floor":42,"key":"PotionOfCapacity"},{"floor":48,"key":"DuplicationPotion"}],"is_trial":false,"path_per_floor":["M","M","?","?","M","R","E","M","T","R","M","M","R","$","R","B",null,"M","M","?","?","M","R","E","R","T","M","?","T","E","M","R","B",null,"M","$","?","$","M","E","R","M","T","R","?","$","M","M","R","B",null],"character_chosen":"DEFECT","items_purchased":["Membership Card","Loop","Nunchaku","Bottled Lightning","Mango","Medical Kit","Capacitor","Turbo+1","Meteor Strike","Secret Weapon+1","OrangePellets","Defragment","Coolheaded+1","FossilizedHelix","Buffer","Ice Cream"],"campfire_rested":10,"item_purchase_floors":[14,14,14,36,36,36,36,36,36,36,38,38,38,46,46,46],"current_hp_per_floor":[75,75,68,78,78,85,62,57,57,82,82,82,85,85,85,85,85,67,67,67,67,64,85,63,85,85,85,79,79,68,56,81,81,85,57,71,71,71,71,33,62,62,62,91,91,91,77,32,61,61],"gold":316,"neow_bonus":"","is_daily":true,"chose_seed":false,"campfire_upgraded":0,"win_rate":0.0,"timestamp":1610845300,"path_taken":["M","M","?","?","?","R","E","M","T","R","M","M","R","$","R","BOSS","M","M","?","?","M","R","E","R","T","M","?","?","E","M","R","BOSS","M","$","?","$","M","E","R","M","T","R","?","$","M","M","R","BOSS"],"items_purchased_type":["Relic","Card","Relic","Relic","Relic","Relic","Card","Card","Card","Card","Relic","Card","Card","Relic","Card","Relic"],"build_version":"2020-12-22","purchased_purges":0,"victory":true,"max_hp_per_floor":[75,75,75,85,85,85,85,85,85,85,85,85,85,85,85,85,85,85,85,85,85,85,85,85,85,85,85,85,85,85,85,85,85,85,85,99,99,99,99,99,99,99,99,99,99,99,99,99,99,99],"card_choices":[{"not_picked":["Leap","Scrape","Streamline"],"picked":"SKIP","floor":1},{"not_picked":["Streamline","Double Energy"],"picked":"Cold Snap","floor":2},{"not_picked":["Steam","Turbo"],"picked":"Core Surge","floor":5},{"not_picked":["Gash","Stack"],"picked":"FTL","floor":7},{"not_picked":["Beam Cell","Storm","Hello World"],"picked":"SKIP","floor":8},{"not_picked":["Reboot","Hologram","Steam"],"picked":"SKIP","floor":11},{"not_picked":["Go for the Eyes","Machine Learning"],"picked":"Consume","floor":12},{"not_picked":["Core Surge","Reboot"],"picked":"All For One","floor":16},{"not_picked":["Streamline","Storm","Ball Lightning"],"picked":"SKIP","floor":18},{"not_picked":["Static Discharge","Double Energy","Genetic Algorithm"],"picked":"SKIP","floor":19},{"not_picked":["Glacier+1","Cold Snap"],"picked":"Chaos+1","floor":22},{"not_picked":["Ball Lightning","Gash"],"picked":"Beam Cell+1","floor":24},{"not_picked":["Redo+1","Doom and Gloom"],"picked":"Fusion+1","floor":27},{"not_picked":["FTL","BootSequence+1"],"picked":"Biased Cognition","floor":30},{"not_picked":["Rebound","Cold Snap"],"picked":"Heatsinks+1","floor":31},{"not_picked":["Reboot+1","Biased Cognition"],"picked":"Echo Form","floor":33},{"not_picked":["Conserve Battery+1","Barrage"],"picked":"Redo+1","floor":35},{"not_picked":["Cold Snap+1","Compile Driver+1"],"picked":"Double Energy+1","floor":39},{"not_picked":["Doom and Gloom","Chaos+1"],"picked":"All For One","floor":40},{"not_picked":["Glacier+1","Conserve Battery+1","Consume+1"],"picked":"SKIP","floor":42},{"not_picked":["Lockon+1","Auto Shields+1","Stack+1"],"picked":"SKIP","floor":47},{"not_picked":["Compile Driver","Rip and Tear","Go for the Eyes+1"],"picked":"SKIP","floor":48}],"player_experience":2468426,"relics_obtained":[{"floor":7,"key":"Potion Belt"},{"floor":9,"key":"Darkstone Periapt"},{"floor":24,"key":"Matryoshka"},{"floor":26,"key":"Vajra"},{"floor":26,"key":"Shuriken"},{"floor":29,"key":"PreservedInsect"},{"floor":29,"key":"Bottled Tornado"},{"floor":30,"key":"White Beast Statue"},{"floor":40,"key":"War Paint"},{"floor":43,"key":"Ancient Tea Set"}],"event_choices":[{"cards_removed":["Rebound"],"damage_healed":0,"gold_gain":0,"player_choice":"Card Removal","damage_taken":7,"max_hp_gain":0,"max_hp_loss":0,"event_name":"Golden Wing","floor":3,"gold_loss":0},{"cards_removed":["Cold Snap"],"damage_healed":0,"gold_gain":0,"player_choice":"Gave Card","damage_taken":0,"relics_obtained":["Pear"],"max_hp_gain":0,"max_hp_loss":0,"event_name":"WeMeetAgain","floor":4,"gold_loss":0},{"damage_healed":0,"gold_gain":0,"player_choice":"Ignored","damage_taken":0,"max_hp_gain":0,"max_hp_loss":0,"event_name":"Vampires","floor":20,"gold_loss":0},{"damage_healed":0,"gold_gain":0,"player_choice":"Obtained Relic","damage_taken":0,"relics_obtained":["Toxic Egg 2"],"max_hp_gain":0,"max_hp_loss":0,"event_name":"Addict","floor":21,"gold_loss":85},{"damage_healed":0,"gold_gain":0,"player_choice":"Joined the Cult","damage_taken":6,"max_hp_gain":0,"max_hp_loss":0,"event_name":"Nest","floor":28,"gold_loss":0,"cards_obtained":["RitualDagger"]},{"cards_removed":["Secret Weapon"],"damage_healed":0,"gold_gain":0,"player_choice":"Removed Skill","damage_taken":0,"max_hp_gain":0,"max_hp_loss":0,"event_name":"Falling","floor":37,"gold_loss":0},{"damage_healed":0,"gold_gain":0,"player_choice":"Upgraded Two","damage_taken":0,"max_hp_gain":0,"max_hp_loss":0,"event_name":"Designer","floor":45,"gold_loss":40,"cards_upgraded":["Loop","Coolheaded"]}],"is_beta":false,"boss_relics":[{"not_picked":["SlaversCollar","Philosopher\u0027s Stone"],"picked":"Fusion Hammer"},{"not_picked":["Black Star","Astrolabe"],"picked":"Nuclear Battery"}],"items_purged_floors":[],"is_endless":false,"potions_floor_spawned":[7,11,12,18,22,27,30,31,33,35,39,40,42,47,48],"ascension_level":0}}