{"host":"ccw6t0i2dpm5wyxf","time":1610889768,"event":{"mods":["BaseMod","Colored Map","Minty Spire (QoL Compilation)","Permanent Neow"],"gold_per_floor":[118,118,118,136,163,188,202,202,202,202,202,213,242,258,258,357,357,342,342,62,12,29,29,47,60,133,133,161,17,31,41,41,41,41],"floor_reached":33,"language":"ENG","playtime":1337,"items_purged":["Decay"],"score":387,"play_id":"cfb79d82-79ba-44d5-9702-76b3d1af7a96","local_time":"20210117072248","is_ascension_mode":true,"campfire_choices":[{"data":"Cloak And Dagger","floor":11,"key":"SMITH"},{"data":"Infinite Blades","floor":15,"key":"SMITH"},{"data":"Distraction","floor":23,"key":"SMITH"},{"floor":27,"key":"REST"},{"floor":32,"key":"REST"}],"circlet_count":0,"master_deck":["Strike_G+1","Strike_G+1","Strike_G","Strike_G","Strike_G","Defend_G","Defend_G","Defend_G","Defend_G","Defend_G+1","Survivor","Neutralize+1","Dagger Throw+1","Distraction+1","Cloak And Dagger+1","Infinite Blades+1","Outmaneuver","Adrenaline","Infinite Blades+1","Blade Dance","Choke","Footwork","Prepared"],"relics":["Runic Pyramid","Whetstone","MealTicket","TungstenRod","Torii","Busted Crown","DollysMirror","Pocketwatch","Bag of Preparation"],"acts_visited":["Exordium","TheCity"],"potions_floor_usage":[6,13,13,16,24,24,28,28,33],"damage_taken":[{"damage":0,"enemies":"Small Slimes","floor":1,"turns":3},{"damage":0,"enemies":"2 Louse","floor":4,"turns":2},{"damage":15,"enemies":"3 Sentries","floor":6,"turns":8},{"damage":0,"enemies":"Jaw Worm","floor":7,"turns":3},{"damage":6,"enemies":"Large Slime","floor":12,"turns":5},{"damage":0,"enemies":"Lagavulin","floor":13,"turns":6},{"damage":6,"enemies":"2 Fungi Beasts","floor":14,"turns":4},{"damage":7,"enemies":"The Guardian","floor":16,"turns":14},{"damage":15,"enemies":"2 Thieves","floor":18,"turns":4},{"damage":6,"enemies":"3 Byrds","floor":22,"turns":6},{"damage":17,"enemies":"Shelled Parasite and Fungi","floor":24,"turns":6},{"damage":15,"enemies":"3 Cultists","floor":25,"turns":5},{"damage":41,"enemies":"Gremlin Leader","floor":28,"turns":8},{"damage":14,"enemies":"Snake Plant","floor":30,"turns":3},{"damage":7,"enemies":"Cultist and Chosen","floor":31,"turns":5},{"damage":70,"enemies":"Collector","floor":33,"turns":6}],"seed_played":"-813812164719215875","potions_obtained":[{"floor":4,"key":"Swift Potion"},{"floor":6,"key":"DistilledChaos"},{"floor":12,"key":"EssenceOfSteel"},{"floor":14,"key":"Explosive Potion"},{"floor":18,"key":"Explosive Potion"},{"floor":22,"key":"FearPotion"},{"floor":24,"key":"Fruit Juice"},{"floor":25,"key":"DuplicationPotion"},{"floor":31,"key":"AttackPotion"}],"is_trial":false,"path_per_floor":["M","?","?","M","T","E","M","?","T","?","R","M","E","M","R","B",null,"M","?","$","?","M","R","M","M","T","R","E","$","M","M","R","B"],"character_chosen":"THE_SILENT","items_purchased":["DollysMirror","Blade Dance","Bag of Preparation"],"campfire_rested":2,"item_purchase_floors":[20,20,29],"current_hp_per_floor":[70,70,56,56,56,41,41,64,64,80,80,74,74,68,68,61,80,65,65,80,80,74,74,62,47,47,72,31,46,32,25,50,0,0],"gold":41,"neow_bonus":"BOSS_RELIC","is_daily":false,"chose_seed":false,"campfire_upgraded":3,"win_rate":0.0,"timestamp":1610889768,"path_taken":["M","?","?","M","?","E","M","?","T","?","R","?","E","M","R","BOSS","M","?","$","?","M","R","M","?","T","R","E","$","M","M","R","BOSS"],"items_purchased_type":["Relic","Card","Relic"],"build_version":"2020-12-22","purchased_purges":1,"victory":false,"max_hp_per_floor":[70,70,70,70,70,70,70,70,70,80,80,80,80,80,80,80,80,80,80,80,80,80,80,85,85,85,85,85,85,85,85,85,85,85],"card_choices":[{"not_picked":["Flying Knee","Sucker Punch"],"picked":"Dagger Throw","floor":1},{"not_picked":["Acrobatics","Terror"],"picked":"Distraction","floor":4},{"not_picked":["Deflect","Dodge and Roll"],"picked":"Cloak And Dagger","floor":6},{"not_picked":["Caltrops","PiercingWail"],"picked":"Venomology","floor":7},{"not_picked":["Cloak And Dagger","Expertise"],"picked":"Infinite Blades","floor":12},{"not_picked":["Bouncing Flask","Quick Slash"],"picked":"Outmaneuver","floor":13},{"not_picked":["Sucker Punch","Acrobatics","Heel Hook"],"picked":"SKIP","floor":14},{"not_picked":["Night Terror","Doppelganger"],"picked":"Adrenaline","floor":16},{"not_picked":["Skewer"],"picked":"SKIP","floor":18},{"not_picked":["Dagger Spray"],"picked":"SKIP","floor":22},{"not_picked":[],"picked":"Choke","floor":24},{"not_picked":[],"picked":"Footwork","floor":25},{"not_picked":[],"picked":"Prepared","floor":28},{"not_picked":["Acrobatics"],"picked":"SKIP","floor":30},{"not_picked":["Deadly Poison"],"picked":"SKIP","floor":31}],"player_experience":274907,"relics_obtained":[{"floor":5,"key":"Whetstone"},{"floor":6,"key":"MealTicket"},{"floor":9,"key":"TungstenRod"},{"floor":13,"key":"Torii"},{"floor":28,"key":"Pocketwatch"}],"event_choices":[{"damage_healed":0,"gold_gain":0,"player_choice":"Grow","damage_taken":0,"max_hp_gain":0,"max_hp_loss":0,"event_name":"Living Wall","floor":2,"gold_loss":0,"cards_upgraded":["Dagger Throw"]},{"damage_healed":0,"gold_gain":0,"player_choice":"Entered Light","damage_taken":14,"max_hp_gain":0,"max_hp_loss":0,"event_name":"Shining Light","floor":3,"gold_loss":0,"cards_upgraded":["Strike_G","Defend_G"]},{"damage_healed":23,"gold_gain":0,"player_choice":"Banana","damage_taken":0,"max_hp_gain":0,"max_hp_loss":0,"event_name":"Big Fish","floor":8,"gold_loss":0},{"cards_removed":["Venomology"],"damage_healed":6,"gold_gain":0,"player_choice":"Offered Rare","damage_taken":0,"max_hp_gain":10,"max_hp_loss":0,"event_name":"Bonfire Elementals","floor":10,"gold_loss":0},{"damage_healed":0,"gold_gain":0,"player_choice":"Smashed Altar","damage_taken":0,"max_hp_gain":0,"max_hp_loss":0,"event_name":"Forgotten Altar","floor":19,"gold_loss":0,"cards_obtained":["Decay"]},{"damage_healed":0,"gold_gain":0,"player_choice":"Bet on Murderer","damage_taken":0,"max_hp_gain":0,"max_hp_loss":0,"event_name":"The Joust","floor":21,"gold_loss":50}],"is_beta":false,"boss_relics":[{"not_picked":["Empty Cage","SlaversCollar"],"picked":"Busted Crown"}],"items_purged_floors":[20],"is_endless":false,"potions_floor_spawned":[4,6,12,14,18,22,24,25,31],"killed_by":"Collector","ascension_level":4}}