{"host":"pi8b3ffzwvxqztac","time":1610882389,"event":{"mods":["BaseMod","Colored Map","Downfall","Minty Spire (QoL Compilation)","StSLib","The Jungle"],"gold_per_floor":[99,117,117,4,15,47,72,72,104,18,18,37,37,47,59,157,207,7,23,8,8,8,27,27,27,81,81,112,122,22,22,35,134,134,134,147,147,15,28,48,48,48,48,60,60,60],"floor_reached":45,"language":"ENG","playtime":3456,"items_purged":["Injury"],"score":781,"play_id":"01dd9619-1e56-47d6-bfea-9a5742fedec1","local_time":"20210118001949","is_ascension_mode":true,"campfire_choices":[{"floor":1,"key":"RECALL"},{"data":"sneckomod:SerpentIdol","floor":8,"key":"SMITH"},{"data":"sneckomod:CheapStock","floor":11,"key":"SMITH"},{"data":"sneckomod:WideSting","floor":13,"key":"SMITH"},{"data":"sneckomod:QuickMove","floor":25,"key":"SMITH"},{"floor":27,"key":"REST"},{"data":"sneckomod:QuickMove","floor":30,"key":"SMITH"},{"data":"sneckomod:SnekBite","floor":35,"key":"SMITH"}],"circlet_count":0,"master_deck":["AscendersBane","sneckomod:Strike","sneckomod:Strike","sneckomod:Strike","sneckomod:Defend","sneckomod:Defend","sneckomod:TailWhip+1","sneckomod:SnekBite+1","sneckomod:Unknown","sneckomod:Unknown","sneckomod:Rotation+1","sneckomod:UnknownDraw","sneckomod:SnakeSap+1","sneckomod:SerpentIdol+1","sneckomod:UnknownClassRED","sneckomod:QuickMove+1","sneckomod:Unknown0Cost","sneckomod:CheapStock+1","sneckomod:WideSting+1","sneckomod:QuickBite","sneckomod:QuickMove+1","sneckomod:UnknownBoss","sneckomod:UnknownStrength","Reaper","sneckomod:WideSting+1","sneckomod:UnknownDraw+1","sneckomod:MasterEye+1","sneckomod:UnknownStrength+1","sneckomod:UnknownDraw+1","sneckomod:QuickBite+1","sneckomod:UnknownRarePower+1","sneckomod:UnknownClassRED+1","sneckomod:UnknownClassRED+1","sneckomod:UnknownClassRED+1","sneckomod:UnknownClassRED+1","sneckomod:UnknownClassRED+1","sneckomod:UnknownUncommonSkill+1","Infernal Blade","sneckomod:UnknownVulnerable+1","sneckomod:SlitherStrike","sneckomod:UnknownUncommonPower+1","Inflame","sneckomod:UnknownClassRED+1","Rage","sneckomod:UnknownBlock+1","sneckomod:QuickBite+1"],"relics":["sneckomod:SneckoSoul","Nunchaku","sneckomod:SneckoCommon","Tiny Chest","Tiny House","downfall:HeartBlessingGreen","downfall:HeartBlessingRed","MealTicket","sneckomod:UnknownEgg","downfall:HeartBlessingBlue","sneckomod:SneckoBoss","White Beast Statue","Bottled Flame"],"acts_visited":["Exordium","Exordium","TheBeyond"],"potions_floor_usage":[6,10,16,23,33,33,38,45],"damage_taken":[{"damage":7,"enemies":"Jaw Worm","floor":2,"turns":2},{"damage":0,"enemies":"downfall:FleeingMerchant","floor":4,"turns":4},{"damage":0,"enemies":"Cultist","floor":5,"turns":3},{"damage":18,"enemies":"Gremlin Nob","floor":6,"turns":4},{"damage":23,"enemies":"3 Sentries","floor":9,"turns":7},{"damage":13,"enemies":"downfall:FleeingMerchant","floor":10,"turns":4},{"damage":0,"enemies":"2 Louse","floor":12,"turns":2},{"damage":10,"enemies":"Exordium Wildlife","floor":14,"turns":4},{"damage":4,"enemies":"Blue Slaver","floor":15,"turns":4},{"damage":4,"enemies":"SI_SHIV_ARCHETYPE","floor":16,"turns":6},{"damage":28,"enemies":"theJungle:GiantWrat","floor":19,"turns":6},{"damage":5,"enemies":"downfall:FleeingMerchant","floor":20,"turns":4},{"damage":10,"enemies":"theJungle:5_Spyders","floor":23,"turns":6},{"damage":4,"enemies":"theJungle:2_Phrogs","floor":28,"turns":6},{"damage":33,"enemies":"theJungle:SlimyTreeVines","floor":29,"turns":7},{"damage":15,"enemies":"theJungle:Lyon","floor":32,"turns":5},{"damage":48,"enemies":"IC_MUSHROOM_ARCHETYPE","floor":33,"turns":8},{"damage":8,"enemies":"3 Darklings","floor":36,"turns":7},{"damage":21,"enemies":"downfall:FleeingMerchant","floor":38,"turns":4},{"damage":38,"enemies":"Orb Walker","floor":39,"turns":4},{"damage":23,"enemies":"Transient","floor":40,"turns":5},{"damage":32,"enemies":"4 Shapes","floor":44,"turns":6},{"damage":9,"enemies":"3 Darklings","floor":45,"turns":1}],"seed_played":"2424620819561524567","potions_obtained":[{"floor":5,"key":"GamblersBrew"},{"floor":6,"key":"Explosive Potion"},{"floor":14,"key":"LiquidBronze"},{"floor":15,"key":"Swift Potion"},{"floor":16,"key":"SneckoOil"},{"floor":17,"key":"DuplicationPotion"},{"floor":32,"key":"bronze:BurnAndBuffPotion"},{"floor":33,"key":"champ:CounterPotion"},{"floor":44,"key":"EssenceOfSteel"}],"is_trial":false,"path_per_floor":["R","M","?","$","M","E","T","R","E","$","R","M","R","M","M","B",null,"R","M","$","?","?","M","T","R","T","R","E","M","R","?","M","B",null,"R","M","?","$","M","M","T","?","T","M","M"],"character_chosen":"THE_SNECKO","items_purchased":["sneckomod:UnknownDraw","sneckomod:CheapStock","sneckomod:SlitherStrike","sneckomod:UnknownUncommonPower+1"],"campfire_rested":1,"item_purchase_floors":[4,10,38,38],"current_hp_per_floor":[81,74,74,74,74,56,56,56,54,41,41,41,41,31,27,23,78,78,50,45,45,45,50,50,50,50,78,84,70,80,58,47,7,81,81,89,89,84,51,33,33,33,33,1,0,0],"gold":60,"neow_bonus":"ONE_RANDOM_RARE_CARD","is_daily":false,"chose_seed":false,"campfire_upgraded":6,"win_rate":0.0,"timestamp":1610882389,"path_taken":["R","M","?","?","M","E","T","R","E","$","R","M","R","?","M","BOSS","R","M","$","?","?","M","T","R","?","R","E","M","R","?","M","BOSS","R","M","?","$","M","M","T","?","?","M","M"],"items_purchased_type":["Card","Card","Card","Card"],"build_version":"2020-12-22","purchased_purges":1,"victory":false,"max_hp_per_floor":[90,90,90,90,90,90,90,90,90,90,90,90,90,90,90,90,95,95,95,95,95,95,95,95,95,95,95,95,95,105,105,105,105,105,105,105,105,105,105,105,105,105,105,105,105,105],"card_choices":[{"not_picked":["sneckomod:UnknownStrike","sneckomod:RainOfDice"],"picked":"sneckomod:Rotation","floor":2},{"not_picked":["sneckomod:SoulDraw","sneckomod:Rotation","sneckomod:UnknownStrike"],"picked":"SKIP","floor":4},{"not_picked":["sneckomod:DiceCrush","sneckomod:SoulDraw"],"picked":"sneckomod:SnakeSap","floor":5},{"not_picked":["sneckomod:UnknownExhaust","sneckomod:MixItUp"],"picked":"sneckomod:SerpentIdol","floor":6},{"not_picked":["sneckomod:UnknownRarePower","sneckomod:UnknownCommonSkill"],"picked":"sneckomod:QuickMove","floor":9},{"not_picked":["sneckomod:TrashToTreasure","sneckomod:UnknownStrike"],"picked":"sneckomod:Unknown0Cost","floor":10},{"not_picked":["sneckomod:UnknownDraw","sneckomod:Unknown1Cost"],"picked":"sneckomod:WideSting","floor":12},{"not_picked":["sneckomod:PureSnecko","sneckomod:IronFang"],"picked":"sneckomod:QuickBite","floor":14},{"not_picked":["sneckomod:SoulDraw","sneckomod:SoulCleanse"],"picked":"sneckomod:QuickMove","floor":15},{"not_picked":["sneckomod:SoulExchange","sneckomod:GlitteringGambit"],"picked":"sneckomod:UnknownBoss","floor":16},{"not_picked":["sneckomod:TrashToTreasure","sneckomod:UnknownX"],"picked":"sneckomod:UnknownStrength","floor":17},{"not_picked":["sneckomod:UnknownUncommonSkill","sneckomod:UnknownClassRED"],"picked":"sneckomod:WideSting+1","floor":19},{"not_picked":["sneckomod:RainOfDice","sneckomod:DiceBlock"],"picked":"sneckomod:UnknownDraw+1","floor":20},{"not_picked":["sneckomod:UnknownCommonAttack","sneckomod:ImprovisedGuard"],"picked":"sneckomod:MasterEye+1","floor":23},{"not_picked":["sneckomod:UnknownCommonAttack+1","sneckomod:Memorize"],"picked":"sneckomod:UnknownStrength+1","floor":28},{"not_picked":["sneckomod:UnknownX+1","sneckomod:TrashToTreasure"],"picked":"sneckomod:UnknownDraw+1","floor":29},{"not_picked":["sneckomod:UnknownBlock+1","sneckomod:QuickMove"],"picked":"sneckomod:QuickBite+1","floor":32},{"not_picked":["sneckomod:MorePower","sneckomod:Cheat"],"picked":"sneckomod:UnknownRarePower+1","floor":33},{"not_picked":["sneckomod:WideSting+1","sneckomod:ImprovisedGuard+1"],"picked":"sneckomod:UnknownUncommonSkill+1","floor":36},{"not_picked":["Dark Embrace","Infernal Blade","Iron Wave"],"picked":"SKIP","floor":36},{"not_picked":["Dark Embrace","Iron Wave"],"picked":"Infernal Blade","floor":36},{"not_picked":["sneckomod:SoulRoll","sneckomod:UnknownCommonAttack+1"],"picked":"sneckomod:UnknownVulnerable+1","floor":38},{"not_picked":["Reckless Charge","Iron Wave","Pommel Strike"],"picked":"SKIP","floor":38},{"not_picked":["Pommel Strike","Rampage"],"picked":"Inflame","floor":39},{"not_picked":["sneckomod:QuickBite","sneckomod:UnknownClassHEXA_GHOST_PURPLE+1"],"picked":"sneckomod:UnknownClassRED+1","floor":39},{"not_picked":["Ghostly Armor","Limit Break"],"picked":"Rage","floor":40},{"not_picked":["sneckomod:DiceBoulder","sneckomod:Rotation"],"picked":"sneckomod:UnknownBlock+1","floor":40},{"not_picked":["sneckomod:DiceBlock","sneckomod:UnknownCommonSkill+1"],"picked":"sneckomod:QuickBite+1","floor":44},{"not_picked":["Fiend Fire","Twin Strike","Iron Wave"],"picked":"SKIP","floor":44}],"player_experience":533956,"relics_obtained":[{"floor":6,"key":"Nunchaku"},{"floor":7,"key":"sneckomod:SneckoCommon"},{"floor":9,"key":"Tiny Chest"},{"floor":26,"key":"MealTicket"},{"floor":28,"key":"sneckomod:UnknownEgg"},{"floor":41,"key":"White Beast Statue"},{"floor":43,"key":"Bottled Flame"}],"event_choices":[{"cards_removed":["sneckomod:Defend"],"damage_healed":0,"gold_gain":0,"player_choice":"Removed Skill","damage_taken":0,"max_hp_gain":0,"max_hp_loss":0,"event_name":"Falling","floor":37,"gold_loss":0}],"is_beta":false,"boss_relics":[{"not_picked":["Astrolabe","Sozu"],"picked":"Tiny House"},{"not_picked":["Velvet Choker","Snecko Eye"],"picked":"sneckomod:SneckoBoss"}],"items_purged_floors":[4],"is_endless":false,"potions_floor_spawned":[5,6,14,15,16,19,32,33,44],"killed_by":"3 Darklings","ascension_level":12}}