{"host":"08t08ld674si40tv","time":1610852689,"event":{"mods":["AchievementEnabler","BaseMod","Colored Map","Minty Spire (QoL Compilation)","StSLib","SuperFastMode"],"gold_per_floor":[114,132,146,24,39,39,55,55,55,68,99,49,64,75,75,151,151,163,182,182,17,29,29,41,41,90,100,100,100],"floor_reached":28,"language":"KOR","playtime":902,"items_purged":["Strike_G","Defend_G"],"score":452,"play_id":"4afd291b-5198-4ac4-849b-76be455c7a4e","local_time":"20210117120449","is_ascension_mode":true,"campfire_choices":[{"data":"Terror","floor":6,"key":"SMITH"},{"data":"Prepared","floor":8,"key":"SMITH"},{"data":"Skewer","floor":15,"key":"SMITH"},{"data":"Burst","floor":23,"key":"SMITH"},{"data":"Venomology","floor":25,"key":"SMITH"}],"circlet_count":0,"master_deck":["AscendersBane","Strike_G","Strike_G","Defend_G","Defend_G","Defend_G","Survivor","Neutralize","Terror+1","Leg Sweep","Skewer+1","Backflip","Prepared+1","Burst+1","Escape Plan","Noxious Fumes+1","Crippling Poison+1","Night Terror+1","Prepared+1","Venomology+1"],"relics":["Ring of the Snake","NeowsBlessing","Membership Card","Vajra","Paper Crane","Frozen Egg 2","Astrolabe","StrikeDummy","Ice Cream","Omamori"],"acts_visited":["Exordium","TheCity"],"potions_floor_usage":[3,11,16,27,27,28],"damage_taken":[{"damage":0,"enemies":"Cultist","floor":1,"turns":1},{"damage":0,"enemies":"2 Louse","floor":2,"turns":1},{"damage":0,"enemies":"Small Slimes","floor":3,"turns":1},{"damage":17,"enemies":"3 Louse","floor":5,"turns":5},{"damage":7,"enemies":"Large Slime","floor":7,"turns":5},{"damage":4,"enemies":"2 Fungi Beasts","floor":10,"turns":5},{"damage":7,"enemies":"Lagavulin","floor":11,"turns":5},{"damage":5,"enemies":"Exordium Wildlife","floor":13,"turns":7},{"damage":0,"enemies":"Red Slaver","floor":14,"turns":3},{"damage":12,"enemies":"The Guardian","floor":16,"turns":15},{"damage":4,"enemies":"Spheric Guardian","floor":18,"turns":8},{"damage":2,"enemies":"3 Byrds","floor":19,"turns":4},{"damage":6,"enemies":"Snecko","floor":22,"turns":5},{"damage":4,"enemies":"Snake Plant","floor":24,"turns":6},{"damage":25,"enemies":"Chosen and Byrds","floor":27,"turns":6},{"damage":19,"enemies":"Masked Bandits","floor":28,"turns":2}],"seed_played":"-6263448776826291297","potions_obtained":[{"floor":3,"key":"Fruit Juice"},{"floor":10,"key":"DistilledChaos"},{"floor":11,"key":"Weak Potion"},{"floor":13,"key":"Dexterity Potion"},{"floor":22,"key":"Dexterity Potion"}],"is_trial":false,"path_per_floor":["M","M","M","$","M","R","M","R","T","M","E","$","M","M","R","B",null,"M","M","?","$","M","R","M","R","T","M","?"],"character_chosen":"THE_SILENT","items_purchased":["Vajra","Ice Cream"],"campfire_rested":0,"item_purchase_floors":[4,21],"current_hp_per_floor":[59,59,64,64,47,47,40,40,40,36,29,29,24,24,24,12,56,52,50,50,50,44,44,40,40,40,15,0,0],"gold":100,"neow_bonus":"THREE_ENEMY_KILL","is_daily":false,"chose_seed":false,"campfire_upgraded":5,"win_rate":0.0,"timestamp":1610852689,"path_taken":["M","M","M","$","M","R","M","R","T","M","E","$","?","M","R","BOSS","M","M","?","$","?","R","M","R","T","M","?"],"items_purchased_type":["Relic","Relic"],"build_version":"2020-12-22","purchased_purges":2,"victory":false,"max_hp_per_floor":[66,66,71,71,71,71,71,71,71,71,71,71,71,71,71,71,71,71,71,71,71,71,71,71,71,71,71,71,71],"card_choices":[{"not_picked":["Slice","Poisoned Stab"],"picked":"Terror","floor":1},{"not_picked":["Prepared","Catalyst"],"picked":"Leg Sweep","floor":2},{"not_picked":["Quick Slash","Outmaneuver"],"picked":"Skewer","floor":3},{"not_picked":["PiercingWail","Calculated Gamble"],"picked":"Backflip","floor":5},{"not_picked":["All Out Attack","Finisher"],"picked":"Prepared","floor":7},{"not_picked":["Eviscerate","Sucker Punch","Outmaneuver"],"picked":"SKIP","floor":10},{"not_picked":["Flying Knee","PiercingWail"],"picked":"Burst","floor":11},{"not_picked":["PiercingWail","Flechettes"],"picked":"Escape Plan","floor":13},{"not_picked":["Dodge and Roll","All Out Attack","Prepared"],"picked":"SKIP","floor":14},{"not_picked":["Bane","Poisoned Stab","Underhanded Strike"],"picked":"SKIP","floor":18},{"not_picked":["Endless Agony","Prepared","Outmaneuver"],"picked":"SKIP","floor":19},{"not_picked":["Cloak And Dagger","Blade Dance+1"],"picked":"Prepared+1","floor":22},{"not_picked":["Outmaneuver","Deflect+1"],"picked":"Venomology","floor":24},{"not_picked":["Leg Sweep","Slice","Eviscerate"],"picked":"SKIP","floor":27}],"player_experience":233802,"relics_obtained":[{"floor":9,"key":"Paper Crane"},{"floor":11,"key":"Frozen Egg 2"},{"floor":20,"key":"StrikeDummy"},{"floor":26,"key":"Omamori"}],"event_choices":[{"damage_healed":0,"gold_gain":0,"player_choice":"Relic","damage_taken":0,"max_hp_gain":0,"max_hp_loss":0,"event_name":"Wheel of Change","floor":20,"gold_loss":0},{"damage_healed":0,"gold_gain":0,"player_choice":"Fought Bandits","damage_taken":0,"max_hp_gain":0,"max_hp_loss":0,"event_name":"Masked Bandits","floor":28,"gold_loss":0}],"is_beta":false,"boss_relics":[{"not_picked":["Ectoplasm","Cursed Key"],"picked":"Astrolabe"}],"items_purged_floors":[4,12],"is_endless":false,"potions_floor_spawned":[3,10,11,13,22],"killed_by":"Masked Bandits","ascension_level":20}}