{"host":"7gewg82ormp6yt4e","time":1610895424,"event":{"mods":["BaseMod","Block Reminder","Colored Map","Colored Powertips","DeckTracker","Highlight Path","Minty Spire (QoL Compilation)","Relic Stats","StSLib","ojb\u0027s Info Mod"],"gold_per_floor":[15,15,32,32,45,45,76,92,92,92,102,122,140,171,171,246,246,265,276,296,346,546,546,576,595,622,622,655,655,655,687,687,761,761,780,59,71,71,71,104,104,135,181,181,181,48,48,68,68,68,68,68,68,12,44,44],"floor_reached":57,"language":"JPN","playtime":4986,"items_purged":[],"score":3077,"play_id":"fc26a5c5-2d8e-4163-8db6-4714dd849a34","local_time":"20210117235704","is_ascension_mode":true,"campfire_choices":[{"data":"Defragment","floor":6.0,"key":"SMITH"},{"data":"Multi-Cast","floor":10.0,"key":"SMITH"},{"floor":15.0,"key":"REST"},{"data":"Doom and Gloom","floor":23.0,"key":"SMITH"},{"data":"Buffer","floor":30.0,"key":"SMITH"},{"data":"Dualcast","floor":32.0,"key":"SMITH"},{"data":"Defragment","floor":41.0,"key":"SMITH"},{"floor":44.0,"key":"RECALL"},{"data":"Loop","floor":47.0,"key":"SMITH"},{"data":"Buffer","floor":49.0,"key":"SMITH"},{"data":"Core Surge","floor":53.0,"key":"SMITH"}],"circlet_count":0,"master_deck":["AscendersBane","Strike_B+1","Strike_B+1","Strike_B+1","Defend_B+1","Defend_B+1","Defend_B+1","Defend_B+1","Dualcast+1","Doom and Gloom+1","All For One+1","Defragment+1","Cold Snap","Multi-Cast+1","Cold Snap","Undo+1","Seek+1","Turbo+1","Ball Lightning","Core Surge+1","Hologram+1","Turbo+1","Buffer+1","Skim+1","Core Surge+1","Ghostly+1","Ghostly+1","Ghostly+1","Fusion+1","Reboot+1","Hologram+1","Defragment+1","Good Instincts+1","Hologram+1","Redo+1","Buffer+1","Reinforced Body+1","Steam+1","Madness+1","Madness+1","Loop+1","Hologram+1","Redo+1"],"relics":["Cracked Core","Mercury Hourglass","Toxic Egg 2","Odd Mushroom","Meat on the Bone","Inserter","Bronze Scales","PreservedInsect","Mummified Hand","Whetstone","Runic Pyramid","Strange Spoon","Eternal Feather","StrikeDummy","Oddly Smooth Stone","Cables"],"acts_visited":["Exordium","TheCity","TheBeyond","TheEnding"],"potions_floor_usage":[56,56],"damage_taken":[{"damage":0.0,"enemies":"Cultist","floor":1.0,"turns":3.0},{"damage":7.0,"enemies":"Jaw Worm","floor":3.0,"turns":3.0},{"damage":6.0,"enemies":"Small Slimes","floor":5.0,"turns":5.0},{"damage":14.0,"enemies":"3 Sentries","floor":7.0,"turns":7.0},{"damage":7.0,"enemies":"Blue Slaver","floor":8.0,"turns":3.0},{"damage":0.0,"enemies":"Large Slime","floor":11.0,"turns":3.0},{"damage":16.0,"enemies":"The Mushroom Lair","floor":12.0,"turns":4.0},{"damage":7.0,"enemies":"Exordium Thugs","floor":13.0,"turns":5.0},{"damage":16.0,"enemies":"Gremlin Nob","floor":14.0,"turns":4.0},{"damage":22.0,"enemies":"Hexaghost","floor":16.0,"turns":8.0},{"damage":5.0,"enemies":"Chosen","floor":18.0,"turns":5.0},{"damage":0.0,"enemies":"Spheric Guardian","floor":19.0,"turns":3.0},{"damage":22.0,"enemies":"Snake Plant","floor":20.0,"turns":4.0},{"damage":28.0,"enemies":"Book of Stabbing","floor":24.0,"turns":6.0},{"damage":5.0,"enemies":"Centurion and Healer","floor":25.0,"turns":8.0},{"damage":0.0,"enemies":"Gremlin Leader","floor":28.0,"turns":3.0},{"damage":1.0,"enemies":"Book of Stabbing","floor":31.0,"turns":3.0},{"damage":0.0,"enemies":"Collector","floor":33.0,"turns":10.0},{"damage":16.0,"enemies":"Orb Walker","floor":35.0,"turns":3.0},{"damage":4.0,"enemies":"3 Shapes","floor":37.0,"turns":3.0},{"damage":0.0,"enemies":"Giant Head","floor":40.0,"turns":5.0},{"damage":4.0,"enemies":"Reptomancer","floor":42.0,"turns":4.0},{"damage":4.0,"enemies":"Transient","floor":48.0,"turns":6.0},{"damage":0.0,"enemies":"Donu and Deca","floor":50.0,"turns":5.0},{"damage":3.0,"enemies":"Awakened One","floor":51.0,"turns":8.0},{"damage":3.0,"enemies":"Shield and Spear","floor":55.0,"turns":7.0},{"damage":26,"enemies":"The Heart","floor":56,"turns":8}],"seed_played":"-7794531866666260840","potions_obtained":[{"floor":1.0,"key":"Regen Potion"},{"floor":3.0,"key":"AttackPotion"},{"floor":11.0,"key":"Fire Potion"},{"floor":16.0,"key":"LiquidBronze"},{"floor":19.0,"key":"Regen Potion"},{"floor":20.0,"key":"Weak Potion"},{"floor":25.0,"key":"SpeedPotion"},{"floor":48.0,"key":"ColorlessPotion"},{"floor":55.0,"key":"FocusPotion"}],"is_trial":false,"path_per_floor":["M","?","M","?","M","R","E","M","T","R","M","?","M","E","R","B",null,"M","M","M","?","?","R","E","M","T","?","E","?","R","E","R","B",null,"M","$","M","?","$","E","R","E","T","R","?","$","R","M","R","B","B",null,"R","$","E","B",null],"character_chosen":"DEFECT","items_purchased":["Strange Spoon","Eternal Feather","Defragment","Good Instincts+1","Hologram+1","Redo+1","SpeedPotion","Loop","Swift Potion"],"campfire_rested":1,"item_purchase_floors":[36,36,36,36,36,36,46,46,54],"current_hp_per_floor":[78,78,71,76,84,84,70,63,63,63,63,47,40,24,51,41,78,73,73,63,63,63,63,47,54,54,54,54,45,45,44,44,44,45,29,29,25,25,25,25,45,41,41,45,37,37,45,41,45,45,42,44,45,45,42,28],"gold":44,"neow_bonus":"TWENTY_PERCENT_HP_BONUS","is_daily":false,"chose_seed":false,"campfire_upgraded":9,"win_rate":0.0,"timestamp":1610895424,"path_taken":["M","?","M","?","M","R","E","M","T","R","M","?","M","E","R","BOSS","M","M","M","?","?","R","E","?","T","?","E","?","R","E","R","BOSS","M","$","M","?","?","E","R","E","T","R","?","$","R","?","R","BOSS","BOSS","R","$","E","BOSS"],"items_purchased_type":["Relic","Relic","Card","Card","Card","Card","Potion","Card","Potion"],"build_version":"2020-12-22","purchased_purges":0,"victory":true,"max_hp_per_floor":[85,85,85,90,90,90,90,90,90,90,90,90,90,90,90,90,90,90,90,90,90,90,90,90,90,90,90,90,45,45,45,45,45,45,45,45,45,45,45,45,45,45,45,45,45,45,45,45,45,45,45,45,45,45,45,45],"relic_stats":{"Strange Spoon":[39],"Inserter":[45],"counters":[27,134],"Mummified Hand":[36],"Bronze Scales":[295],"Eternal Feather":37,"PreservedInsect":359,"Whetstone":["Core Surge","All For One"],"obtain_stats":[{"Inserter":17,"Oddly Smooth Stone":42,"Eternal Feather":36,"PreservedInsect":26,"Whetstone":31,"Odd Mushroom":12,"Mercury Hourglass":7,"Cables":55,"Strange Spoon":36,"Mummified Hand":28,"Bronze Scales":24,"Toxic Egg 2":9,"Cracked Core":0,"StrikeDummy":40,"Meat on the Bone":14,"Runic Pyramid":34},{"Inserter":10,"Oddly Smooth Stone":22,"Eternal Feather":19,"PreservedInsect":15,"Whetstone":17,"Odd Mushroom":7,"Mercury Hourglass":4,"Cables":26,"Strange Spoon":19,"Mummified Hand":16,"Bronze Scales":14,"Toxic Egg 2":5,"Cracked Core":0,"StrikeDummy":21,"Meat on the Bone":9,"Runic Pyramid":18},{"Inserter":44,"Oddly Smooth Stone":100,"Eternal Feather":88,"PreservedInsect":69,"Whetstone":75,"Odd Mushroom":27,"Mercury Hourglass":18,"Cables":126,"Strange Spoon":88,"Mummified Hand":72,"Bronze Scales":61,"Toxic Egg 2":21,"Cracked Core":0,"StrikeDummy":96,"Meat on the Bone":36,"Runic Pyramid":85}],"Mercury Hourglass":[462],"Meat on the Bone":48,"Cables":[7,1,0,1,5]},"card_choices":[{"not_picked":["Chaos","Aggregate"],"picked":"Doom and Gloom","floor":1.0},{"not_picked":["Darkness","Ball Lightning"],"picked":"Defragment","floor":3.0},{"not_picked":["Hologram","Gash"],"picked":"Cold Snap","floor":5.0},{"not_picked":["Hologram","Amplify"],"picked":"Multi-Cast","floor":7.0},{"not_picked":["Leap","White Noise"],"picked":"Cold Snap","floor":8.0},{"not_picked":["Sweeping Beam","Gash"],"picked":"Undo+1","floor":11.0},{"not_picked":["Redo+1","Chill+1"],"picked":"Seek+1","floor":12.0},{"not_picked":["Steam Power+1","Ball Lightning"],"picked":"Turbo+1","floor":13.0},{"not_picked":["Storm","Doom and Gloom"],"picked":"Ball Lightning","floor":14.0},{"not_picked":["Hyperbeam","Electrodynamics"],"picked":"Core Surge","floor":16.0},{"not_picked":["Ball Lightning","Steam+1"],"picked":"Hologram+1","floor":18.0},{"not_picked":["Rebound","Ball Lightning"],"picked":"Turbo+1","floor":19.0},{"not_picked":["Turbo+1","BootSequence+1","Ball Lightning"],"picked":"SKIP","floor":20.0},{"not_picked":["Lockon","Rip and Tear+1"],"picked":"Buffer","floor":24.0},{"not_picked":["Genetic Algorithm+1","Go for the Eyes"],"picked":"Skim+1","floor":25.0},{"not_picked":["Storm","Sweeping Beam"],"picked":"Core Surge","floor":28.0},{"not_picked":["Force Field+1","Beam Cell"],"picked":"Fusion+1","floor":31.0},{"not_picked":["Fission+1","Core Surge"],"picked":"Reboot+1","floor":33.0},{"not_picked":["Redo+1","Doom and Gloom"],"picked":"Hologram+1","floor":35.0},{"not_picked":["Turbo+1","Leap+1","Beam Cell"],"picked":"SKIP","floor":37.0},{"not_picked":["Barrage","Meteor Strike"],"picked":"Reinforced Body+1","floor":40.0},{"not_picked":["Conserve Battery+1","Leap+1"],"picked":"Steam+1","floor":42.0},{"not_picked":["Conserve Battery+1","Turbo+1"],"picked":"Hologram+1","floor":48.0},{"not_picked":["Streamline","Go for the Eyes"],"picked":"Redo+1","floor":55.0}],"player_experience":2610434,"relics_obtained":[{"floor":7.0,"key":"Mercury Hourglass"},{"floor":9.0,"key":"Toxic Egg 2"},{"floor":12.0,"key":"Odd Mushroom"},{"floor":14.0,"key":"Meat on the Bone"},{"floor":24.0,"key":"Bronze Scales"},{"floor":26.0,"key":"PreservedInsect"},{"floor":28.0,"key":"Mummified Hand"},{"floor":31.0,"key":"Whetstone"},{"floor":40.0,"key":"StrikeDummy"},{"floor":42.0,"key":"Oddly Smooth Stone"},{"floor":55.0,"key":"Cables"}],"event_choices":[{"damage_healed":0.0,"max_hp_gain":0.0,"max_hp_loss":0.0,"gold_gain":0.0,"cards_transformed":["Strike_B"],"event_name":"Living Wall","player_choice":"Change","floor":2.0,"gold_loss":0.0,"damage_taken":0.0,"cards_obtained":["All For One"]},{"damage_healed":0.0,"max_hp_gain":5.0,"max_hp_loss":0.0,"gold_gain":0.0,"event_name":"Big Fish","player_choice":"Donut","floor":4.0,"gold_loss":0.0,"damage_taken":0.0},{"damage_healed":0.0,"max_hp_gain":0.0,"max_hp_loss":0.0,"gold_gain":0.0,"event_name":"Mushrooms","player_choice":"Fought Mushrooms","floor":12.0,"gold_loss":0.0,"damage_taken":0.0},{"damage_healed":0.0,"max_hp_gain":0.0,"max_hp_loss":0.0,"gold_gain":50.0,"event_name":"Nest","player_choice":"Stole From Cult","floor":21.0,"gold_loss":0.0,"damage_taken":0.0},{"damage_healed":0.0,"max_hp_gain":0.0,"max_hp_loss":0.0,"gold_gain":250.0,"event_name":"The Joust","player_choice":"Bet on Owner","floor":22.0,"gold_loss":50.0,"damage_taken":0.0},{"damage_healed":0.0,"max_hp_gain":0.0,"max_hp_loss":0.0,"gold_gain":0.0,"event_name":"Back to Basics","player_choice":"Simplicity","floor":27.0,"gold_loss":0.0,"damage_taken":0.0,"cards_upgraded":["Strike_B","Strike_B","Strike_B","Defend_B","Defend_B","Defend_B","Defend_B"]},{"damage_healed":0.0,"max_hp_gain":0.0,"max_hp_loss":45.0,"gold_gain":0.0,"event_name":"Ghosts","player_choice":"Became a Ghost","floor":29.0,"gold_loss":0.0,"damage_taken":0.0,"cards_obtained":["Ghostly","Ghostly","Ghostly"]},{"damage_healed":0.0,"max_hp_gain":0.0,"max_hp_loss":0.0,"gold_gain":0.0,"cards_transformed":["Zap"],"event_name":"Transmorgrifier","player_choice":"Transformed","floor":38.0,"gold_loss":0.0,"damage_taken":0.0,"cards_obtained":["Buffer"]},{"damage_healed":0.0,"max_hp_gain":0.0,"max_hp_loss":0.0,"gold_gain":0.0,"event_name":"Winding Halls","player_choice":"Embrace Madness","floor":45.0,"gold_loss":0.0,"damage_taken":8.0,"cards_obtained":["Madness","Madness"]}],"is_beta":false,"boss_relics":[{"not_picked":["Empty Cage","SlaversCollar"],"picked":"Inserter"},{"not_picked":["Snecko Eye","SacredBark"],"picked":"Runic Pyramid"}],"items_purged_floors":[],"is_endless":false,"potions_floor_spawned":[1,3,11,16,19,20,25,48,55],"ascension_level":20}}