{"host":"KYO","time":1610846615,"event":{"mods":["ATMod(°¢èªMod)","BaseMod","Minty Spire (QoL Compilation)","Shop Mod","StSLib","SuperFastMode","[IsaacMod]ÒÔÈö¼âËþ","¡¾ÒÅÎï¿¨ÅÆ¡¿REMEMod"],"gold_per_floor":[117,117,192,206,206,233,252,287,287,287,317,317,317,347,347,421,421,437,455,455,470,512,543,543,543,543],"floor_reached":25,"language":"ZHS","playtime":879,"items_purged":[],"score":497,"play_id":"41f89511-4f69-4d38-913a-1af9f56a6f8d","local_time":"20210117092335","is_ascension_mode":true,"campfire_choices":[{"data":"AT_ShrugMaster","floor":10.0,"key":"SMITH"},{"floor":12.0,"key":"REST"},{"data":"Bash","floor":15.0,"key":"SMITH"}],"circlet_count":0,"master_deck":["AscendersBane","Strike_R","Strike_R","Strike_R","Strike_R","Defend_R","Defend_R","Defend_R","Defend_R","Bash+1","AT_ShrugMaster+1","Pommel Strike","AT_EmpoweredMortalDraw","Burning Pact","Evolve+1"],"relics":["Burning Blood","HushsDoor","AT_ATBox","REME_ComplimentaryCards","BloodDonationMachine","Blue Candle","Darkstone Periapt","AT_GuinsooRageblade","Paper Frog","REME_HourglassOfDeath","Blood Vial","AT_MortalBlade","Spirit Poop","AT_BladeRuinedKing","FaceOfCleric"],"acts_visited":["Exordium","TheCity"],"potions_floor_usage":[],"damage_taken":[{"damage":4.0,"enemies":"Small Slimes","floor":1.0,"turns":4.0},{"damage":9.0,"enemies":"Cultist","floor":4.0,"turns":4.0},{"damage":25.0,"enemies":"3 Sentries","floor":6.0,"turns":14.0},{"damage":8.0,"enemies":"Jaw Worm","floor":7.0,"turns":4.0},{"damage":19.0,"enemies":"Lagavulin","floor":8.0,"turns":8.0},{"damage":23.0,"enemies":"Gremlin Nob","floor":11.0,"turns":4.0},{"damage":5.0,"enemies":"Lagavulin","floor":14.0,"turns":6.0},{"damage":34.0,"enemies":"Slime Boss","floor":16.0,"turns":8.0},{"damage":0.0,"enemies":"Spheric Guardian","floor":18.0,"turns":1.0},{"damage":18.0,"enemies":"2 Thieves","floor":19.0,"turns":2.0},{"damage":31.0,"enemies":"Shelled Parasite and Fungi","floor":21.0,"turns":3.0},{"damage":0.0,"enemies":"Snecko","floor":22.0,"turns":4.0},{"damage":29.0,"enemies":"Slavers","floor":23.0,"turns":3.0},{"damage":16,"enemies":"REME_1_Revenger","floor":25,"turns":4}],"seed_played":"-5580162940943292516","potions_obtained":[{"floor":4.0,"key":"FearPotion"},{"floor":7.0,"key":"SpeedPotion"},{"floor":8.0,"key":"Fire Potion"},{"floor":14.0,"key":"Dexterity Potion"},{"floor":18.0,"key":"PowerPotion"},{"floor":21.0,"key":"REME_GoldPotion"}],"is_trial":false,"path_per_floor":["M","?","?","M","?","E","M","E","T","R","E","R","?","E","R","B",null,"M","M","?","M","M","E","?","E"],"character_chosen":"IRONCLAD","items_purchased":[],"campfire_rested":1,"item_purchase_floors":[],"current_hp_per_floor":[70,75,64,61,61,42,40,27,27,27,10,32,32,33,33,7,58,66,56,56,33,41,20,20,6,6],"gold":543,"neow_bonus":"REMOVE_CARD","is_daily":false,"chose_seed":false,"campfire_upgraded":2,"win_rate":0.0,"timestamp":1610846615,"path_taken":["M","?","?","M","?","E","?","E","T","R","E","R","?","E","R","BOSS","M","M","?","?","M","E","?","E"],"items_purchased_type":[],"build_version":"2020-12-18","purchased_purges":0,"victory":false,"max_hp_per_floor":[75,75,75,75,75,75,75,75,75,75,75,75,75,75,75,75,75,75,75,75,75,75,75,75,75,75],"card_choices":[{"not_picked":[],"picked":"ChaosCard","floor":0.0},{"not_picked":["Dropkick","Anger"],"picked":"AT_ShrugMaster","floor":1.0},{"not_picked":["AT_BodySlamDance","Body Slam"],"picked":"Pommel Strike","floor":4.0},{"not_picked":["REME_TheLastStrike","Clash"],"picked":"Bomb","floor":6.0},{"not_picked":["Armaments","Warcry","AT_BodySlamDance"],"picked":"SKIP","floor":7.0},{"not_picked":["Combust","Second Wind","Perfected Strike"],"picked":"SKIP","floor":8.0},{"not_picked":["Headbutt","Ghostly Armor","Warcry"],"picked":"SKIP","floor":11.0},{"not_picked":["Armaments","Power Through","Headbutt"],"picked":"SKIP","floor":14.0},{"not_picked":["Heavy Blade","True Grit","Fire Breathing"],"picked":"SKIP","floor":18.0},{"not_picked":["REME_Cut","Heavy Blade"],"picked":"Burning Pact","floor":19.0},{"not_picked":["Clash","Wild Strike"],"picked":"Evolve+1","floor":21.0},{"not_picked":["Blood for Blood","Sentinel","Hemokinesis"],"picked":"SKIP","floor":22.0},{"not_picked":["Shrug It Off","Iron Wave","Searing Blow"],"picked":"SKIP","floor":23.0}],"player_experience":603912,"relics_obtained":[{"floor":6.0,"key":"Darkstone Periapt"},{"floor":8.0,"key":"AT_GuinsooRageblade"},{"floor":9.0,"key":"Paper Frog"},{"floor":11.0,"key":"REME_HourglassOfDeath"},{"floor":14.0,"key":"Blood Vial"},{"floor":23.0,"key":"AT_BladeRuinedKing"}],"event_choices":[{"damage_healed":5.0,"max_hp_gain":0.0,"max_hp_loss":0.0,"gold_gain":0.0,"event_name":"Wheel of Change","player_choice":"Full Heal","floor":2.0,"gold_loss":0.0,"damage_taken":0.0},{"damage_healed":0.0,"max_hp_gain":0.0,"max_hp_loss":0.0,"gold_gain":75.0,"event_name":"World of Goop","player_choice":"Gather Gold","floor":3.0,"gold_loss":0.0,"damage_taken":11.0},{"damage_healed":0.0,"max_hp_gain":0.0,"max_hp_loss":0.0,"gold_gain":0.0,"event_name":"Big Fish","player_choice":"Box","floor":5.0,"gold_loss":0.0,"damage_taken":0.0,"relics_obtained":["Blue Candle"],"cards_obtained":["Regret"]},{"damage_healed":0.0,"max_hp_gain":0.0,"max_hp_loss":0.0,"gold_gain":0.0,"event_name":"Shining Light","player_choice":"Ignored","floor":13.0,"gold_loss":0.0,"damage_taken":0.0},{"cards_removed":["Regret"],"damage_healed":0.0,"max_hp_gain":0.0,"max_hp_loss":0.0,"gold_gain":0.0,"event_name":"Bonfire Elementals","player_choice":"Offered Curse","floor":20.0,"gold_loss":0.0,"damage_taken":0.0,"relics_obtained":["Spirit Poop"]},{"damage_healed":0.0,"max_hp_gain":0.0,"max_hp_loss":0.0,"gold_gain":0.0,"event_name":"FaceTrader","player_choice":"Trade","floor":24.0,"gold_loss":0.0,"damage_taken":0.0,"relics_obtained":["FaceOfCleric"]}],"is_beta":true,"boss_relics":[{"not_picked":["Philosopher\u0027s Stone","ChampionBelt"],"picked":"AT_MortalBlade"},{"not_picked":[]}],"items_purged_floors":[],"is_endless":false,"potions_floor_spawned":[4,7,8,14,18,21],"killed_by":"REME_1_Revenger","ascension_level":20}}