{"host":"ss2ocoam53r2lno0","time":1610898564,"event":{"mods":["Act Like it!","BaseMod","ChefMod","Clockwork Mod","Colored Powertips","Curses Come First","Displayed Cursed Tome","Downfall","Evolution","Googly Eyes","Hallownest","Highlight Path","Minty Spire (QoL Compilation)","Poor People Problems","Rare Cards Sparkle","Robot Space Explorer","Shade Mod","Shop Mod","Spicy Shops","StSLib","The Marked"],"gold_per_floor":[113,113,113,38,38,38,38,71,71,71,91,91,105,119,119,244,244,267,291,291,312,141,141,141,141,141,141,141,159,175,199,199,324,324,344,357,36,36,36],"floor_reached":38,"language":"ENG","playtime":3147,"items_purged":["Clockwork:Shield","Clockwork:Tinker"],"score":674,"play_id":"bc4fde67-8daa-489b-b315-4374917d6112","local_time":"20210117164924","is_ascension_mode":true,"campfire_choices":[{"floor":6.0,"key":"REST"},{"data":"Clockwork:UnlimitedCogworks","floor":10.0,"key":"SMITH"},{"data":"Clockwork:ChargingShield","floor":12.0,"key":"SMITH"},{"data":"Clockwork:OccamsRazor","floor":15.0,"key":"SMITH"},{"data":"Clockwork:AssemblyLine","floor":23.0,"key":"SMITH"},{"data":"Clockwork:AssemblyLine","floor":24.0,"key":"SMITH"},{"floor":28.0,"key":"REST"},{"floor":32.0,"key":"REST"}],"circlet_count":0,"master_deck":["AscendersBane","Clockwork:CogToss+1","Clockwork:Tinker+1","Clockwork:WarmUp+1","Clockwork:UnlimitedCogworks+1","Clockwork:ChargingShield+1","Clockwork:OccamsRazor+1","Clockwork:PerfectForm","Clockwork:AssemblyLine+1","Clockwork:AssemblyLine+1","Clockwork:UnlimitedCogworks","Clockwork:RampUp+1"],"relics":["Clockwork:MomentumEngine","EVO:Axolotl","WingedGreaves","Golden Idol","Prayer Wheel","Nunchaku","Clockwork:GoldenCog","InkBottle","SlaversCollar","War Paint","Singing Bowl"],"acts_visited":["Exordium","TheCity","TheBeyond"],"potions_floor_usage":[],"damage_taken":[{"damage":3.0,"enemies":"Jaw Worm","floor":1.0,"turns":8.0},{"damage":3.0,"enemies":"Lagavulin","floor":8.0,"turns":12.0},{"damage":6.0,"enemies":"2 Louse","floor":11.0,"turns":3.0},{"damage":5.0,"enemies":"Small Slimes","floor":13.0,"turns":4.0},{"damage":5.0,"enemies":"2 Fungi Beasts","floor":14.0,"turns":4.0},{"damage":4.0,"enemies":"Hexaghost","floor":16.0,"turns":7.0},{"damage":4.0,"enemies":"Spheric Guardian","floor":18.0,"turns":5.0},{"damage":14.0,"enemies":"Shell Parasite","floor":19.0,"turns":4.0},{"damage":7.0,"enemies":"Snake Plant","floor":21.0,"turns":7.0},{"damage":29.0,"enemies":"Snecko","floor":29.0,"turns":16.0},{"damage":3.0,"enemies":"Shelled Parasite and Fungi","floor":30.0,"turns":4.0},{"damage":0.0,"enemies":"Sentry and Sphere","floor":31.0,"turns":3.0},{"damage":0.0,"enemies":"Collector","floor":33.0,"turns":8.0},{"damage":52.0,"enemies":"3 Darklings","floor":35.0,"turns":4.0},{"damage":5.0,"enemies":"Orb Walker","floor":36.0,"turns":3.0},{"damage":12,"enemies":"3 Darklings","floor":38,"turns":1}],"seed_played":"4254868638113668732","potions_obtained":[{"floor":8.0,"key":"Dexterity Potion"},{"floor":11.0,"key":"SkillPotion"},{"floor":14.0,"key":"Dexterity Potion"},{"floor":33.0,"key":"SkillPotion"},{"floor":35.0,"key":"AttackPotion"}],"is_trial":false,"path_per_floor":["M","?","?","$","?","R","?","E","T","R","M","R","M","M","R","B",null,"M","M","?","M","$","R","R","?","T","$","R","M","M","M","R","B",null,"M","M","$","M"],"character_chosen":"CLOCKWORK","items_purchased":["Clockwork:AssemblyLine","War Paint","Singing Bowl"],"campfire_rested":3,"item_purchase_floors":[22,37,37],"current_hp_per_floor":[74,59,41,41,34,57,57,54,54,54,48,48,43,38,38,34,62,58,44,44,37,37,37,37,37,37,37,58,29,26,26,47,47,65,13,8,8,0,0],"gold":36,"neow_bonus":"REMOVE_TWO","is_daily":false,"chose_seed":false,"campfire_upgraded":5,"win_rate":0.0,"timestamp":1610898564,"path_taken":["M","?","?","$","?","R","?","E","T","R","M","R","?","M","R","BOSS","M","M","?","?","$","R","R","?","T","$","R","?","M","M","R","BOSS","M","M","$","M"],"items_purchased_type":["Card","Relic","Relic"],"build_version":"2020-12-22","purchased_purges":2,"victory":false,"max_hp_per_floor":[77,77,77,77,77,77,71,71,71,71,71,71,71,71,71,71,71,71,71,71,71,71,71,71,71,71,71,71,71,71,71,71,71,71,71,71,71,71,71],"card_choices":[{"not_picked":["Clockwork:Friction","Clockwork:CogBarrier"],"picked":"Clockwork:Downsize","floor":1.0},{"not_picked":["Clockwork:Pluck","Clockwork:CogToss"],"picked":"Clockwork:UnlimitedCogworks","floor":8.0},{"not_picked":["Clockwork:CogToss","Clockwork:AdaptiveShield"],"picked":"Clockwork:ChargingShield","floor":11.0},{"not_picked":["Clockwork:SpurOn","Clockwork:Enhance","Clockwork:Minimalism"],"picked":"SKIP","floor":11.0},{"not_picked":["Clockwork:EnthusiasticStrike","Clockwork:PerfectedStrike","Clockwork:ChargingShield"],"picked":"SKIP","floor":13.0},{"not_picked":["Clockwork:Downsize","Clockwork:RampUp","Clockwork:AdaptiveCannon"],"picked":"SKIP","floor":13.0},{"not_picked":["Clockwork:RitualDaggerMk0","Clockwork:Enhance"],"picked":"Clockwork:OccamsRazor","floor":14.0},{"not_picked":["Clockwork:Minimalism","Clockwork:ChargingBlade","Clockwork:MechanicalMass"],"picked":"SKIP","floor":14.0},{"not_picked":["Clockwork:ReactiveNanites","Clockwork:Randomization"],"picked":"Clockwork:PerfectForm","floor":16.0},{"not_picked":["Clockwork:Roundhouse","Clockwork:AdaptiveCannon","Clockwork:Enhance+1"],"picked":"SKIP","floor":18.0},{"not_picked":["Clockwork:Redundancy+1","Clockwork:Roundhouse","Clockwork:ReserveSystems+1"],"picked":"SKIP","floor":18.0},{"not_picked":["Clockwork:SearchingStrike+1","Clockwork:RitualDaggerMk0"],"picked":"Clockwork:AssemblyLine","floor":19.0},{"not_picked":["Clockwork:LiteraryArmor","Clockwork:CogToss","Clockwork:CogBarrier"],"picked":"SKIP","floor":19.0},{"not_picked":["Clockwork:SpurOn","Clockwork:CogBarrier+1","Clockwork:AdaptiveShield"],"picked":"SKIP","floor":21.0},{"not_picked":["Clockwork:PerfectedStrike","Clockwork:Scour","Clockwork:Efficiency+1"],"picked":"SKIP","floor":21.0},{"not_picked":["Clockwork:SiegeStrike","Clockwork:MechanicalBulk+1","Clockwork:Improve"],"picked":"SKIP","floor":29.0},{"not_picked":["Clockwork:SystemHardening","Clockwork:CogShield","Clockwork:Improve"],"picked":"SKIP","floor":29.0},{"not_picked":["Clockwork:CogBarrier","Clockwork:CogShield","Clockwork:Pluck+1"],"picked":"SKIP","floor":30.0},{"not_picked":["Clockwork:Friction+1","Clockwork:AdaptiveShield","Clockwork:PerfectedShield+1"],"picked":"SKIP","floor":30.0},{"not_picked":["Clockwork:Friction","Clockwork:SiegeStrike","Clockwork:InertialShield"],"picked":"SKIP","floor":31.0},{"not_picked":["Clockwork:ChargingShield","Clockwork:RitualDaggerMk0","Clockwork:AdaptiveCannon"],"picked":"SKIP","floor":31.0},{"not_picked":["Clockwork:PerfectForm","Clockwork:Randomization"],"picked":"Clockwork:UnlimitedCogworks","floor":33.0},{"not_picked":["Clockwork:Minimalism","Clockwork:ChargingBlade"],"picked":"Clockwork:RampUp+1","floor":35.0},{"not_picked":["Clockwork:SystemHardening","Clockwork:HoardingStrike","Clockwork:CogShield"],"picked":"SKIP","floor":35.0},{"not_picked":["Clockwork:CraftSomewhatSmoothStone+1","Clockwork:ChargingShield","Clockwork:Minimalism"],"picked":"SKIP","floor":36.0},{"not_picked":["Clockwork:RampUp","Clockwork:Clone+1","Clockwork:Minimalism+1"],"picked":"SKIP","floor":36.0}],"player_experience":765008,"relics_obtained":[{"floor":8.0,"key":"Prayer Wheel"},{"floor":9.0,"key":"Nunchaku"},{"floor":26.0,"key":"InkBottle"}],"event_choices":[{"damage_healed":0.0,"max_hp_gain":0.0,"max_hp_loss":0.0,"gold_gain":0.0,"event_name":"Shining Light","player_choice":"Entered Light","floor":2.0,"gold_loss":0.0,"damage_taken":15.0,"cards_upgraded":["Clockwork:Shield","Clockwork:CogToss"]},{"damage_healed":0.0,"max_hp_gain":0.0,"max_hp_loss":0.0,"gold_gain":0.0,"event_name":"Scrap Ooze","player_choice":"Success","floor":3.0,"gold_loss":0.0,"damage_taken":18.0,"relics_obtained":["WingedGreaves"]},{"cards_removed":["Clockwork:Shield"],"damage_healed":0.0,"max_hp_gain":0.0,"max_hp_loss":0.0,"gold_gain":0.0,"event_name":"Golden Wing","player_choice":"Card Removal","floor":5.0,"gold_loss":0.0,"damage_taken":7.0},{"damage_healed":0.0,"max_hp_gain":0.0,"max_hp_loss":6.0,"gold_gain":0.0,"event_name":"Golden Idol","player_choice":"Lose Max HP","floor":7.0,"gold_loss":0.0,"damage_taken":0.0,"relics_obtained":["Golden Idol"]},{"damage_healed":0.0,"max_hp_gain":0.0,"max_hp_loss":0.0,"gold_gain":0.0,"event_name":"Match and Keep!","player_choice":"1 cards matched","floor":20.0,"gold_loss":0.0,"damage_taken":0.0,"cards_obtained":["Clockwork:Tinker"]},{"damage_healed":0.0,"max_hp_gain":0.0,"max_hp_loss":0.0,"gold_gain":0.0,"event_name":"The Woman in Blue","player_choice":"Bought 0 Potions","floor":25.0,"gold_loss":0.0,"damage_taken":0.0}],"is_beta":false,"boss_relics":[{"not_picked":["Snecko Eye","Runic Pyramid","Ectoplasm"]},{"not_picked":["Velvet Choker","Empty Cage"],"picked":"SlaversCollar"}],"items_purged_floors":[4,22],"is_endless":false,"potions_floor_spawned":[8,11,14,19,21,33,35],"killed_by":"3 Darklings","ascension_level":10}}