{"host":"p1xsuo25udtrkbq2","time":1610874694,"event":{"mods":["BaseMod","Colored Map","Highlight Path","Minty Spire (QoL Compilation)","Rare Cards Sparkle","Relic Stats","Slay the Relics Exporter","StSLib","everything is the same but u backflip on backflip"],"gold_per_floor":[118,43,1,11,11,45,45,45,45,56,74,109,109,79,79,175,175,188,183,183,183,183],"floor_reached":21,"language":"ENG","playtime":1557,"items_purged":[],"score":382,"play_id":"5dbd1048-3c8f-4433-baa9-5bcdee2971eb","local_time":"20210117041134","is_ascension_mode":true,"campfire_choices":[{"floor":8.0,"key":"REST"},{"floor":15.0,"key":"REST"}],"circlet_count":0,"master_deck":["AscendersBane","Strike_G","Strike_G","Strike_G","Strike_G","Defend_G","Defend_G","Defend_G","Defend_G","Defend_G","Survivor","Neutralize","Blade Dance","Well Laid Plans","Leg Sweep","Venomology","Cloak And Dagger","Blade Dance","Acrobatics","Wraith Form v2","Deflect+1","Slice"],"relics":["Ring of the Snake","NeowsBlessing","Darkstone Periapt","Shuriken","CaptainsWheel","Bag of Marbles","Golden Idol","SlaversCollar","SsserpentHead"],"acts_visited":["Exordium","TheCity"],"potions_floor_usage":[21],"damage_taken":[{"damage":0.0,"enemies":"Jaw Worm","floor":1.0,"turns":1.0},{"damage":0.0,"enemies":"Small Slimes","floor":4.0,"turns":1.0},{"damage":0.0,"enemies":"Lagavulin","floor":6.0,"turns":1.0},{"damage":0.0,"enemies":"Cultist","floor":10.0,"turns":5.0},{"damage":0.0,"enemies":"Large Slime","floor":11.0,"turns":4.0},{"damage":10.0,"enemies":"Gremlin Nob","floor":12.0,"turns":3.0},{"damage":7.0,"enemies":"Slime Boss","floor":16.0,"turns":9.0},{"damage":14.0,"enemies":"Shell Parasite","floor":18.0,"turns":9.0},{"damage":16.0,"enemies":"2 Thieves","floor":19.0,"turns":4.0},{"damage":33,"enemies":"Cultist and Chosen","floor":21,"turns":6}],"seed_played":"797117639769947251","potions_obtained":[{"floor":4.0,"key":"BlessingOfTheForge"},{"floor":6.0,"key":"LiquidBronze"},{"floor":7.0,"key":"CunningPotion"},{"floor":10.0,"key":"Swift Potion"},{"floor":11.0,"key":"CunningPotion"},{"floor":14.0,"key":"Regen Potion"},{"floor":14.0,"key":"AttackPotion"}],"is_trial":false,"path_per_floor":["M","?","$","M","?","E","?","R","T","M","M","E","?","?","R","B",null,"M","M","?","M"],"character_chosen":"THE_SILENT","items_purchased":["Well Laid Plans"],"campfire_rested":2,"item_purchase_floors":[3],"current_hp_per_floor":[59,59,59,59,3,3,3,22,22,22,22,12,12,12,30,38,55,41,25,25,0,0],"gold":183,"neow_bonus":"THREE_ENEMY_KILL","is_daily":false,"chose_seed":false,"campfire_upgraded":0,"win_rate":0.0,"timestamp":1610874694,"path_taken":["M","?","$","M","?","E","?","R","T","?","M","E","?","?","R","BOSS","M","M","?","M"],"items_purchased_type":["Card"],"build_version":"2020-12-22","purchased_purges":0,"victory":false,"max_hp_per_floor":[66,66,66,66,66,66,66,66,66,66,66,66,60,60,60,60,60,60,60,60,60,60],"relic_stats":{"Darkstone Periapt":0,"SsserpentHead":0,"counters":[10,43],"Shuriken":[31],"Golden Idol":27,"obtain_stats":[{"Darkstone Periapt":5,"SlaversCollar":17,"SsserpentHead":20,"CaptainsWheel":9,"NeowsBlessing":0,"Shuriken":6,"Golden Idol":13,"Bag of Marbles":12,"Ring of the Snake":0},{"Darkstone Periapt":2,"SlaversCollar":7,"SsserpentHead":9,"CaptainsWheel":3,"NeowsBlessing":0,"Shuriken":3,"Golden Idol":6,"Bag of Marbles":6,"Ring of the Snake":0},{"Darkstone Periapt":2,"SlaversCollar":24,"SsserpentHead":37,"CaptainsWheel":3,"NeowsBlessing":0,"Shuriken":3,"Golden Idol":15,"Bag of Marbles":15,"Ring of the Snake":0}],"Ring of the Snake":[20]},"card_choices":[{"not_picked":["Deflect","Flying Knee"],"picked":"Blade Dance","floor":1.0},{"not_picked":["Dodge and Roll","Backflip"],"picked":"Leg Sweep","floor":4.0},{"not_picked":["Catalyst","Bouncing Flask"],"picked":"Venomology","floor":6.0},{"not_picked":["Dodge and Roll","Masterful Stab"],"picked":"Cloak And Dagger","floor":10.0},{"not_picked":["Acrobatics","All Out Attack"],"picked":"Blade Dance","floor":11.0},{"not_picked":["Cloak And Dagger","Bane"],"picked":"Acrobatics","floor":12.0},{"not_picked":["Corpse Explosion","Doppelganger"],"picked":"Wraith Form v2","floor":16.0},{"not_picked":["Caltrops","Eviscerate"],"picked":"Deflect+1","floor":18.0},{"not_picked":["Concentrate","Prepared"],"picked":"Slice","floor":19.0}],"player_experience":915267,"relics_obtained":[{"floor":6.0,"key":"Shuriken"},{"floor":9.0,"key":"CaptainsWheel"},{"floor":12.0,"key":"Bag of Marbles"}],"event_choices":[{"cards_removed":["Strike_G"],"damage_healed":0.0,"max_hp_gain":0.0,"max_hp_loss":0.0,"gold_gain":0.0,"event_name":"The Cleric","player_choice":"Card Removal","floor":2.0,"gold_loss":75.0,"damage_taken":0.0},{"damage_healed":0.0,"max_hp_gain":0.0,"max_hp_loss":0.0,"gold_gain":0.0,"event_name":"Scrap Ooze","player_choice":"Success","floor":5.0,"gold_loss":0.0,"damage_taken":56.0,"relics_obtained":["Darkstone Periapt"]},{"damage_healed":0.0,"max_hp_gain":0.0,"max_hp_loss":0.0,"gold_gain":0.0,"event_name":"Lab","player_choice":"Got Potions","floor":7.0,"gold_loss":0.0,"damage_taken":0.0},{"damage_healed":0.0,"max_hp_gain":0.0,"max_hp_loss":6.0,"gold_gain":0.0,"event_name":"Golden Idol","player_choice":"Lose Max HP","floor":13.0,"gold_loss":0.0,"damage_taken":0.0,"relics_obtained":["Golden Idol"]},{"damage_healed":0.0,"max_hp_gain":0.0,"max_hp_loss":0.0,"gold_gain":0.0,"event_name":"The Woman in Blue","player_choice":"Bought 2 Potions","floor":14.0,"gold_loss":0.0,"damage_taken":0.0},{"damage_healed":0.0,"max_hp_gain":0.0,"max_hp_loss":0.0,"gold_gain":0.0,"event_name":"FaceTrader","player_choice":"Trade","floor":20.0,"gold_loss":0.0,"damage_taken":0.0,"relics_obtained":["SsserpentHead"]}],"is_beta":false,"boss_relics":[{"not_picked":["Calling Bell","Coffee Dripper"],"picked":"SlaversCollar"}],"items_purged_floors":[],"is_endless":false,"potions_floor_spawned":[4,6,10,11],"killed_by":"Cultist and Chosen","ascension_level":16}}