{"host":"dtvgc7uk609653br","time":1610858124,"event":{"mods":["BaseMod","Downfall","Minty Spire (QoL Compilation)","Shade Mod","StSLib","The Bladedancer","The Druid"],"gold_per_floor":[99,117,117,133,133,133,133,152,170,181,181,198,198,214,225,328,328,328,346,346,346,346,364,364,364,364,349,366,384,416,435,454,550,550,550,567,567,580,580],"floor_reached":40,"language":"ENG","playtime":2356,"items_purged":[],"score":677,"play_id":"1f3b7b1a-6dcf-4dac-8689-a94d0f6518a4","local_time":"20210116233524","is_ascension_mode":false,"campfire_choices":[{"data":"Shade:AnimateDead","floor":1.0,"key":"SMITH"},{"data":"Shade:FleshToFlesh","floor":13.0,"key":"SMITH"},{"data":"Shade:Putrefaction","floor":18.0,"key":"SMITH"},{"data":"Shade:FleshToFlesh","floor":35,"key":"SMITH"}],"circlet_count":0,"master_deck":["Shade:Strike_Shade","Shade:Strike_Shade","Shade:Defend_Shade","Shade:Defend_Shade","Shade:Defend_Shade","Shade:Defend_Shade","Shade:AnimateDead+1","Shade:CarefulCut","Shade:AblativeArmor","Shade:Brains","Shade:Carnophage+1","Shade:AblativeArmor","Shade:GraveStillness","Shade:FleshToFlesh+1","Shade:LoseControl","Shade:Putrefaction+1","Shade:Carnophage","Shade:FleshToFlesh+1","Shade:Trample","Shade:SensePrey","Shade:UnbarTheGrave","Shade:Excise+1"],"relics":["Shade:YorickSkull","Juzu Bracelet","Bird Faced Urn","SlaversCollar","MutagenicStrength","Question Card","Nunchaku","Boot","Sozu","downfall:TeleportStone"],"acts_visited":["Exordium","TheCity","TheBeyond"],"potions_floor_usage":[],"damage_taken":[{"damage":3.0,"enemies":"2 Louse","floor":2.0,"turns":3.0},{"damage":2.0,"enemies":"Small Slimes","floor":4.0,"turns":4.0},{"damage":0.0,"enemies":"Cultist","floor":8.0,"turns":4.0},{"damage":8.0,"enemies":"Exordium Thugs","floor":9.0,"turns":10.0},{"damage":0.0,"enemies":"Blue Slaver","floor":10.0,"turns":9.0},{"damage":0.0,"enemies":"Lots of Slimes","floor":12.0,"turns":4.0},{"damage":0.0,"enemies":"Exordium Wildlife","floor":14.0,"turns":7.0},{"damage":0.0,"enemies":"Lots of Slimes","floor":15.0,"turns":10.0},{"damage":20.0,"enemies":"DF_ARCHETYPE_STREAMLINE","floor":16.0,"turns":51.0},{"damage":0.0,"enemies":"Spheric Guardian","floor":19.0,"turns":6.0},{"damage":0.0,"enemies":"3 Byrds","floor":23.0,"turns":4.0},{"damage":0.0,"enemies":"downfall:FleeingMerchant","floor":27.0,"turns":4.0},{"damage":9.0,"enemies":"Shelled Parasite and Fungi","floor":28.0,"turns":7.0},{"damage":0.0,"enemies":"Chosen and Byrds","floor":29.0,"turns":7.0},{"damage":10.0,"enemies":"Slavers","floor":30.0,"turns":7.0},{"damage":9.0,"enemies":"Snake Plant","floor":31.0,"turns":5.0},{"damage":0.0,"enemies":"Centurion and Healer","floor":32.0,"turns":6.0},{"damage":21.0,"enemies":"SI_MIRROR_ARCHETYPE","floor":33.0,"turns":10.0},{"damage":4,"enemies":"3 Darklings","floor":36,"turns":5},{"damage":0,"enemies":"Orb Walker","floor":38,"turns":5},{"damage":0,"enemies":"WA_ARCHETYPE_DIVINITY","floor":39,"turns":11}],"seed_played":"-1922442989640073858","potions_obtained":[{"floor":0.0,"key":"champ:CounterPotion"},{"floor":0.0,"key":"FairyPotion"},{"floor":0.0,"key":"CultistPotion"},{"floor":14.0,"key":"Explosive Potion"}],"is_trial":false,"path_per_floor":["R","M","?","M","?","?","T","M","M","M","T","M","R","M","M","B",null,"R","M","?","?","?","M","T","?","T","$","M","M","E","M","M","B",null,"R","M","?","M","B",null],"character_chosen":"SHADE","items_purchased":[],"campfire_rested":0,"item_purchase_floors":[],"current_hp_per_floor":[65,62,67,65,65,65,65,65,57,57,57,57,57,59,61,43,70,70,70,70,70,70,70,70,70,70,70,63,69,60,57,63,48,70,70,66,66,70,70],"gold":580,"neow_bonus":"THREE_SMALL_POTIONS","is_daily":false,"chose_seed":false,"campfire_upgraded":4,"win_rate":0.0,"timestamp":1610858124,"path_taken":["R","M","?","M","?","?","T","M","M","M","?","M","R","M","M","BOSS","R","M","?","?","?","M","T","?","?","$","M","M","E","M","M","BOSS","R","M","?","M","BOSS"],"items_purchased_type":[],"build_version":"2020-12-22","purchased_purges":0,"victory":true,"max_hp_per_floor":[65,65,70,70,70,70,70,70,70,70,70,70,70,70,70,70,70,70,70,70,70,70,70,70,70,70,70,70,70,70,70,70,70,70,70,70,70,70,70],"card_choices":[{"not_picked":["Shade:FuneraryJewels","Shade:BoneShards"],"picked":"Shade:AblativeArmor","floor":2.0},{"not_picked":["Shade:WallOfFlesh","Shade:StitchTogether"],"picked":"Shade:Brains","floor":4.0},{"not_picked":["Shade:CommandSoldier","Shade:BoneShards"],"picked":"Shade:Carnophage","floor":8.0},{"not_picked":["Shade:WallOfFlesh","Shade:BoneShards"],"picked":"Shade:AblativeArmor","floor":9.0},{"not_picked":["Shade:SkeletonHug","Shade:CoffinDance"],"picked":"Shade:GraveStillness","floor":10.0},{"not_picked":["Shade:SanguineRitual","Shade:FleshLikeOak"],"picked":"Shade:FleshToFlesh","floor":12.0},{"not_picked":["Shade:RitualOffering","Shade:GreyBargain"],"picked":"Shade:LoseControl","floor":14.0},{"not_picked":["Shade:WallOfFlesh","Shade:RitualOffering","Shade:Brains"],"picked":"SKIP","floor":15.0},{"not_picked":["Shade:SelfBurial","Shade:LastGasp"],"picked":"Shade:Putrefaction","floor":16.0},{"not_picked":["Shade:WallOfFlesh","Shade:Frenzy","Shade:ClawBack"],"picked":"SKIP","floor":19.0},{"not_picked":["Shade:FuneraryJewels","Shade:Premonition"],"picked":"Shade:Carnophage","floor":23.0},{"not_picked":["Shade:Premonition","Shade:CommandSoldier","Shade:SkeletonHug","Shade:FuneraryArmor+1"],"picked":"SKIP","floor":27.0},{"not_picked":["Shade:BoneShards","Shade:SpontaneousRitual","Shade:ClawBack"],"picked":"Shade:FleshToFlesh","floor":28.0},{"not_picked":["Shade:GoDigging","Shade:PotionOfRestlessness","Shade:SkeletonArmy","Shade:Doomsay+1"],"picked":"SKIP","floor":29.0},{"not_picked":["Shade:Brains","Shade:GoDigging","Shade:SkeletonHug"],"picked":"Shade:Trample","floor":30.0},{"not_picked":["Shade:AncientSpear","Shade:CommandSoldier","Shade:FleshLikeOak"],"picked":"Shade:SensePrey","floor":31.0},{"not_picked":["Shade:ExtraLimbs+1","Shade:BoneShards","Shade:FuneraryArmor+1","Shade:SelfBurial"],"picked":"SKIP","floor":32.0},{"not_picked":["Shade:SelfBurial","Shade:Coordination","Shade:LichForm"],"picked":"Shade:UnbarTheGrave","floor":33.0},{"not_picked":["Shade:SoulToxin+1","Shade:SkeletonHug+1","Shade:Premonition+1"],"picked":"Shade:Excise+1","floor":36},{"not_picked":["Shade:GreyBargain+1","Shade:WallOfFlesh+1","Shade:SpectralStrikes","Shade:FreshBones"],"picked":"SKIP","floor":38}],"player_experience":543697,"relics_obtained":[{"floor":7.0,"key":"Juzu Bracelet"},{"floor":11.0,"key":"Bird Faced Urn"},{"floor":24.0,"key":"Question Card"},{"floor":26.0,"key":"Nunchaku"},{"floor":30.0,"key":"Boot"}],"event_choices":[{"damage_healed":0.0,"max_hp_gain":5.0,"max_hp_loss":0.0,"gold_gain":0.0,"event_name":"Big Fish","player_choice":"Donut","floor":3.0,"gold_loss":0.0,"damage_taken":0.0},{"cards_removed":["Shade:Strike_Shade"],"damage_healed":0.0,"max_hp_gain":0.0,"max_hp_loss":0.0,"gold_gain":0.0,"event_name":"The Cleric","player_choice":"Card Removal","floor":6.0,"gold_loss":0.0,"damage_taken":0.0},{"damage_healed":0.0,"max_hp_gain":0.0,"max_hp_loss":0.0,"gold_gain":0.0,"event_name":"Vampires","player_choice":"Ignored","floor":20.0,"gold_loss":0.0,"damage_taken":0.0},{"damage_healed":0.0,"max_hp_gain":0.0,"max_hp_loss":0.0,"gold_gain":0.0,"event_name":"Drug Dealer","player_choice":"Inject Mutagens","floor":21.0,"gold_loss":0.0,"damage_taken":0.0,"relics_obtained":["MutagenicStrength"]}],"is_beta":false,"boss_relics":[{"not_picked":["Coffee Dripper","Velvet Choker"],"picked":"SlaversCollar"},{"not_picked":["Snecko Eye","Fusion Hammer"],"picked":"Sozu"}],"items_purged_floors":[],"is_endless":false,"potions_floor_spawned":[4,10,14,19,29,32,33,36],"ascension_level":0}}