{"host":"3asmp5aovk69ekg9","time":1610853174,"event":{"mods":["100% Spire Juice","BaseMod","BetterRewards","Colored Map","Colored Powertips","Dark Map","Hermit","Koishi","Magitek Elite","Minty Spire (QoL Compilation)","Permanent Neow","Remove Card Discount Mod","Shade Mod","StSLib","The Alterego","The Cursed","The Death Knight","The Fake Hero","The IronCluck","The Marked","The Senshi","The Wild Card"],"gold_per_floor":[117,117,128,128,148,179,40,40,40,71,71,110,22,42,42,161,161,184,99,115,128,146,190,112,112,112,145,168,168,207,232,232,352,352,367,26,41,41,61,102,102,165,165,205,224,265,281,322,322,322,322,322,10,45,45],"floor_reached":56,"language":"ENG","playtime":6445,"items_purged":["alterego_mod:Strike","alterego_mod:Defend","alterego_mod:Strike","alterego_mod:Strike","alterego_mod:Impale","alterego_mod:Strike","alterego_mod:Defend","alterego_mod:Defend","alterego_mod:Defend","alterego_mod:Smother","alterego_mod:Jiggle","alterego_mod:Jiggle","alterego_mod:Stockings","alterego_mod:SakuraPetals"],"score":2294,"play_id":"18b2c803-8bf2-4c33-a46c-bd065c93feae","local_time":"20210116191254","is_ascension_mode":true,"campfire_choices":[{"data":"theWildCard:Sakuya","floor":8.0,"key":"SMITH"},{"data":"alterego_mod:Punishment","floor":15.0,"key":"SMITH"},{"data":"Sadistic Nature","floor":29.0,"key":"SMITH"},{"floor":32.0,"key":"RECALL"},{"data":"Sadistic Nature","floor":41.0,"key":"SMITH"},{"data":"alterego_mod:ChallengeComplete","floor":49.0,"key":"SMITH"},{"data":"alterego_mod:Pet","floor":52.0,"key":"SMITH"}],"circlet_count":0,"master_deck":["alterego_mod:BrynhildrsRune","alterego_mod:Pet+1","Sadistic Nature+1","alterego_mod:Cooking","alterego_mod:Bounce","Sadistic Nature+1","alterego_mod:IndependentAction","Finesse","alterego_mod:Bounce","alterego_mod:Mirror","theWildCard:Sakuya+1","alterego_mod:Punishment+1","alterego_mod:MagicResistance","alterego_mod:Pet","alterego_mod:Bounce+1","Blind","alterego_mod:SakuraLabyrinth","alterego_mod:Cooking","Finesse","alterego_mod:Support","alterego_mod:Complex+1","alterego_mod:DeftHands+1","alterego_mod:Support+1","alterego_mod:Cooking+1","alterego_mod:ChallengeComplete+1","alterego_mod:Cushion","alterego_mod:IdEs","Good Instincts","alterego_mod:Birthday","alterego_mod:Pet+1","alterego_mod:Exercise","alterego_mod:DeftHands","alterego_mod:Rake","Apotheosis","alterego_mod:Punishment","alterego_mod:Bounce"],"relics":["alterego_mod:MasochisticConstitution","Guard_Bracelet","Strawberry","Ginger","Bird Faced Urn","StrikeDummy","Golden Idol","Blood Vial","Gem_Box","Angel_Ring","Potion Belt","alterego_mod:SomeoneToFightFor","InkBottle","Bag of Preparation","Darkstone Periapt","SlaversCollar","Membership Card","Boot","DeathKnight:PutricidesVial","Mango","theSenshi:SpiralHeartMoonRodRelic","Calipers","Whetstone","Kunai","theSenshi:FeatherClipsRelic","Bottled Tornado","FossilizedHelix"],"acts_visited":["Exordium","TheCity","TheBeyond","TheEnding"],"potions_floor_usage":[55,55,55],"damage_taken":[{"damage":0.0,"enemies":"Cultist","floor":1.0,"turns":2.0},{"damage":0.0,"enemies":"2 Louse","floor":3.0,"turns":1.0},{"damage":0.0,"enemies":"Jaw Worm","floor":5.0,"turns":3.0},{"damage":10.0,"enemies":"Gremlin Nob","floor":6.0,"turns":4.0},{"damage":1.0,"enemies":"Lagavulin","floor":10.0,"turns":3.0},{"damage":0.0,"enemies":"Gremlin Nob","floor":12.0,"turns":2.0},{"damage":0.0,"enemies":"Looter","floor":14.0,"turns":4.0},{"damage":2.0,"enemies":"Hexaghost","floor":16.0,"turns":6.0},{"damage":6.0,"enemies":"Chosen","floor":18.0,"turns":3.0},{"damage":0.0,"enemies":"Spheric Guardian","floor":20.0,"turns":3.0},{"damage":0.0,"enemies":"Centurion and Healer","floor":21.0,"turns":3.0},{"damage":0.0,"enemies":"Snecko","floor":22.0,"turns":3.0},{"damage":14.0,"enemies":"Slavers","floor":23.0,"turns":2.0},{"damage":10.0,"enemies":"Book of Stabbing","floor":27.0,"turns":5.0},{"damage":10.0,"enemies":"3 Cultists","floor":28.0,"turns":4.0},{"damage":14.0,"enemies":"Slavers","floor":30.0,"turns":3.0},{"damage":0.0,"enemies":"Cultist and Chosen","floor":31.0,"turns":2.0},{"damage":2.0,"enemies":"Champ","floor":33.0,"turns":5.0},{"damage":1.0,"enemies":"3 Shapes","floor":35.0,"turns":3.0},{"damage":0.0,"enemies":"3 Darklings","floor":37.0,"turns":1.0},{"damage":0.0,"enemies":"Sphere and 2 Shapes","floor":39.0,"turns":2.0},{"damage":0.0,"enemies":"Giant Head","floor":40.0,"turns":5.0},{"damage":0.0,"enemies":"Mind Bloom Boss Battle","floor":42.0,"turns":2.0},{"damage":2.0,"enemies":"Nemesis","floor":44.0,"turns":3.0},{"damage":0.0,"enemies":"4 Shapes","floor":45.0,"turns":5.0},{"damage":2.0,"enemies":"Reptomancer","floor":46.0,"turns":4.0},{"damage":0.0,"enemies":"3 Darklings","floor":47.0,"turns":3.0},{"damage":0.0,"enemies":"Giant Head","floor":48.0,"turns":5.0},{"damage":6.0,"enemies":"Donu and Deca","floor":50.0,"turns":4.0},{"damage":0,"enemies":"Shield and Spear","floor":54,"turns":2},{"damage":16,"enemies":"The Heart","floor":55,"turns":5}],"seed_played":"-1321576313722579556","potions_obtained":[{"floor":3.0,"key":"Block Potion"},{"floor":6.0,"key":"Fire Potion"},{"floor":23.0,"key":"FearPotion"},{"floor":27.0,"key":"SteroidPotion"},{"floor":28.0,"key":"FairyPotion"},{"floor":35.0,"key":"BlessingOfTheForge"},{"floor":40.0,"key":"LiquidMemories"},{"floor":44.0,"key":"Explosive Potion"}],"is_trial":false,"path_per_floor":["M","?","M","?","M","E","$","R","T","E","?","E","$","M","R","B",null,"M","?","M","M","M","E","$","?","T","E","M","R","E","M","R","B",null,"M","$","M","?","M","E","R","?","T","E","M","E","M","E","R","B",null,"R","$","E","B",null],"character_chosen":"The_Alterego","items_purchased":["Guard_Bracelet","alterego_mod:Pet","alterego_mod:SakuraPetals","Sadistic Nature","alterego_mod:Stockings","alterego_mod:Jiggle","alterego_mod:Cooking","Fruit Juice","alterego_mod:Bounce","Sadistic Nature","alterego_mod:Smother","Strawberry","alterego_mod:IndependentAction","Finesse","alterego_mod:Bounce","Ginger","ColorlessPotion","PowerPotion","FearPotion","alterego_mod:Bounce","Blind","Finesse","alterego_mod:ChallengeComplete","Membership Card","Boot","DeathKnight:PutricidesVial","Good Instincts","Bottled Tornado","Apotheosis","alterego_mod:Punishment","Energy Potion","Ancient Potion"],"campfire_rested":0,"item_purchase_floors":[0,0,0,0,0,0,0,0,0,0,0,0,0,0,0,0,0,0,0,7,7,13,24,36,36,36,36,53,53,53,53,53],"current_hp_per_floor":[50,50,50,43,46,47,47,47,47,60,39,43,43,56,56,80,84,84,84,86,86,86,75,75,75,75,88,89,89,90,90,90,91,91,92,92,92,92,92,106,106,106,106,107,107,108,108,108,108,109,109,109,109,109,110],"gold":45,"neow_bonus":"","is_daily":false,"chose_seed":false,"campfire_upgraded":6,"win_rate":0.0,"timestamp":1610853174,"path_taken":["M","?","M","?","M","E","?","R","T","E","?","E","?","M","R","BOSS","M","?","M","M","M","E","$","?","T","E","M","R","E","?","R","BOSS","M","$","M","?","M","E","R","?","T","E","M","E","M","E","R","BOSS","R","$","E","BOSS"],"items_purchased_type":["Relic","Card","Card","Card","Card","Card","Card","Potion","Card","Card","Card","Relic","Card","Card","Card","Relic","Potion","Potion","Potion","Card","Card","Card","Card","Relic","Relic","Relic","Card","Relic","Card","Card","Potion","Potion"],"build_version":"2020-12-22","purchased_purges":14,"victory":true,"max_hp_per_floor":[82,82,82,82,82,83,83,83,83,84,84,84,84,84,84,85,85,86,86,86,86,86,87,87,87,87,88,89,89,90,90,90,91,91,92,92,92,92,92,106,106,106,106,107,107,108,108,108,108,109,109,109,109,109,110],"card_choices":[{"not_picked":["alterego_mod:Punishment","alterego_mod:1TonWallop"],"picked":"alterego_mod:Mirror","floor":1.0},{"not_picked":["alterego_mod:Skirt","alterego_mod:Maid"],"picked":"alterego_mod:Punishment","floor":3.0},{"not_picked":["alterego_mod:GoddessCore","alterego_mod:MaintainEyeContact"],"picked":"alterego_mod:MagicResistance","floor":5.0},{"not_picked":["alterego_mod:Palingenesis","alterego_mod:Cycle"],"picked":"alterego_mod:Pet","floor":6.0},{"not_picked":["alterego_mod:Rip","alterego_mod:STier"],"picked":"alterego_mod:SakuraLabyrinth","floor":10.0},{"not_picked":["alterego_mod:Rip","alterego_mod:Stockings"],"picked":"alterego_mod:Cooking","floor":12.0},{"not_picked":["alterego_mod:Lingerie","alterego_mod:PurpleHair"],"picked":"alterego_mod:Support","floor":14.0},{"not_picked":["alterego_mod:Skirt","alterego_mod:HighServant","alterego_mod:DiscoLights"],"picked":"SKIP","floor":18.0},{"not_picked":["alterego_mod:PresenceConcealment","alterego_mod:BiFurious+1"],"picked":"alterego_mod:Complex+1","floor":20.0},{"not_picked":["alterego_mod:BusterCard","alterego_mod:Cycle"],"picked":"alterego_mod:DeftHands","floor":21.0},{"not_picked":["alterego_mod:Rip","alterego_mod:Birthday+1"],"picked":"alterego_mod:Support+1","floor":22.0},{"not_picked":["alterego_mod:Tantrum","alterego_mod:BustOut"],"picked":"alterego_mod:Cooking+1","floor":23.0},{"not_picked":["alterego_mod:Clap","alterego_mod:DustData"],"picked":"alterego_mod:Cushion","floor":27.0},{"not_picked":["alterego_mod:Undulate","alterego_mod:Clones+1"],"picked":"alterego_mod:Valentines+1","floor":28.0},{"not_picked":["alterego_mod:Skirt","alterego_mod:BreastValley"],"picked":"alterego_mod:Jiggle","floor":30.0},{"not_picked":["alterego_mod:Complex","alterego_mod:Belle","alterego_mod:Valentines"],"picked":"SKIP","floor":31.0},{"not_picked":["alterego_mod:PainIsPleasure","alterego_mod:ClassAdvantage"],"picked":"alterego_mod:IdEs","floor":33.0},{"not_picked":["alterego_mod:Undulate+1","alterego_mod:PerceptionDisorder+1","alterego_mod:Collar+1"],"picked":"SKIP","floor":35.0},{"not_picked":["alterego_mod:Punishment","alterego_mod:Mirror"],"picked":"alterego_mod:Birthday","floor":37.0},{"not_picked":["alterego_mod:Cycle","alterego_mod:GoddessCore+1","alterego_mod:SideboobHour"],"picked":"SKIP","floor":39.0},{"not_picked":["alterego_mod:TrashNCrash+1","alterego_mod:MaintainEyeContact","alterego_mod:Cycle+1"],"picked":"SKIP","floor":40.0},{"not_picked":["alterego_mod:Cycle+1","alterego_mod:1TonWallop+1"],"picked":"alterego_mod:Pet+1","floor":42.0},{"not_picked":["alterego_mod:Exercise","alterego_mod:PerceptionDisorder+1","alterego_mod:SakuraFive"],"picked":"SKIP","floor":44.0},{"not_picked":["alterego_mod:Complex","alterego_mod:PurpleHair","alterego_mod:HighServant"],"picked":"SKIP","floor":45.0},{"not_picked":["alterego_mod:SuperDuperMasochism","alterego_mod:Cycle","alterego_mod:Exercise"],"picked":"SKIP","floor":46.0},{"not_picked":["alterego_mod:SuperDuperMasochism","alterego_mod:Cycle"],"picked":"alterego_mod:Exercise","floor":46.0},{"not_picked":["alterego_mod:Collar","alterego_mod:HighServant"],"picked":"alterego_mod:DeftHands","floor":47.0},{"not_picked":["alterego_mod:PresenceConcealment+1","alterego_mod:Table"],"picked":"alterego_mod:Rake","floor":48.0},{"not_picked":["alterego_mod:MagicResistance","alterego_mod:BeGentle"],"picked":"alterego_mod:Bounce","floor":54}],"player_experience":1217079,"relics_obtained":[{"floor":6.0,"key":"Bird Faced Urn"},{"floor":10.0,"key":"StrikeDummy"},{"floor":12.0,"key":"Blood Vial"},{"floor":23.0,"key":"Potion Belt"},{"floor":26.0,"key":"InkBottle"},{"floor":27.0,"key":"Bag of Preparation"},{"floor":30.0,"key":"Darkstone Periapt"},{"floor":40.0,"key":"Mango"},{"floor":42.0,"key":"theSenshi:SpiralHeartMoonRodRelic"},{"floor":43.0,"key":"Calipers"},{"floor":44.0,"key":"Whetstone"},{"floor":46.0,"key":"Kunai"},{"floor":48.0,"key":"theSenshi:FeatherClipsRelic"},{"floor":54,"key":"FossilizedHelix"}],"event_choices":[{"cards_removed":["alterego_mod:BigMeatyClaws"],"damage_healed":0.0,"max_hp_gain":0.0,"max_hp_loss":0.0,"gold_gain":0.0,"event_name":"Golden Wing","player_choice":"Card Removal","floor":4.0,"gold_loss":0.0,"damage_taken":7.0},{"damage_healed":0.0,"max_hp_gain":0.0,"max_hp_loss":0.0,"gold_gain":0.0,"event_name":"Golden Idol","player_choice":"Take Damage","floor":11.0,"gold_loss":0.0,"damage_taken":21.0,"relics_obtained":["Golden Idol"]},{"damage_healed":0.0,"max_hp_gain":0.0,"max_hp_loss":0.0,"gold_gain":0.0,"event_name":"Addict","player_choice":"Obtained Relic","floor":19.0,"gold_loss":85.0,"damage_taken":0.0,"relics_obtained":["Angel_Ring"]},{"damage_healed":0.0,"max_hp_gain":0.0,"max_hp_loss":0.0,"gold_gain":0.0,"event_name":"Secret Garden","player_choice":"Choice 2","floor":25.0,"gold_loss":0.0,"damage_taken":0.0,"relics_obtained":["alterego_mod:SomeoneToFightFor"]},{"cards_removed":["alterego_mod:Valentines"],"damage_healed":0.0,"max_hp_gain":0.0,"max_hp_loss":0.0,"gold_gain":0.0,"event_name":"Falling","player_choice":"Removed Skill","floor":38.0,"gold_loss":0.0,"damage_taken":0.0},{"damage_healed":0.0,"max_hp_gain":0.0,"max_hp_loss":0.0,"gold_gain":0.0,"event_name":"MindBloom","player_choice":"Fight","floor":42.0,"gold_loss":0.0,"damage_taken":0.0}],"is_beta":false,"boss_relics":[{"not_picked":["Pandora\u0027s Box","Astrolabe"],"picked":"Gem_Box"},{"not_picked":["Sozu","Empty Cage"],"picked":"SlaversCollar"}],"items_purged_floors":[0,0,0,0,0,7,36,53,53,53,53,53,53,53],"is_endless":false,"potions_floor_spawned":[3,6,14,20,23,27,28,33,35,40,44],"ascension_level":5}}