{"host":"ibckqdmmf9y74ymf","time":1610888139,"event":{"mods":["2.2 Compatiblity","BaseMod","Colored Map","Curses Come First","Highlight Path","Minty Spire (QoL Compilation)","Quick Restart","Rare Cards Sparkle","Relic Stats","StSLib"],"gold_per_floor":[115,129,10,30,30,30,57,74,74,149,183,183,214,229,229,306,306,323,323,323,13,13,48,48,48,71,71,89,107,136,153,153,224,224,242,262,275,275,294,324,324,324,324],"floor_reached":42,"language":"ENG","playtime":1558,"items_purged":["Strike_R"],"score":1022,"play_id":"211f5cee-e70a-42dc-894c-830e86bb4382","local_time":"20210117135539","is_ascension_mode":true,"campfire_choices":[{"data":"Uppercut","floor":6,"key":"SMITH"},{"floor":12,"key":"REST"},{"data":"Bash","floor":15,"key":"SMITH"},{"data":"Inflame","floor":24,"key":"SMITH"},{"data":"Flame Barrier","floor":27,"key":"SMITH"},{"data":"Immolate","floor":32,"key":"SMITH"},{"data":"Double Tap","floor":41,"key":"SMITH"}],"circlet_count":0,"master_deck":["AscendersBane","Strike_R","Defend_R","Defend_R","Defend_R","Bash+1","Clothesline","Uppercut+1","Hemokinesis","Power Through","Ghostly Armor","Twin Strike","Shrug It Off","Double Tap+1","Immolate+1","Shockwave+1","Carnage+1","Iron Wave+1","Flame Barrier+1","RitualDagger","Inflame+1","Shrug It Off+1","Spot Weakness+1","Reaper"],"relics":["Cursed Key","Omamori","Bag of Preparation","HornCleat","Bottled Flame","Astrolabe","Meat on the Bone","Happy Flower","Toy Ornithopter","Tiny Chest","Runic Cube","Boot"],"acts_visited":["Exordium","TheCity","TheBeyond"],"potions_floor_usage":[7,7,11,11,14,31,40],"damage_taken":[{"damage":1,"enemies":"Cultist","floor":1,"turns":3},{"damage":4,"enemies":"Small Slimes","floor":2,"turns":3},{"damage":9,"enemies":"Jaw Worm","floor":4,"turns":2},{"damage":8,"enemies":"Gremlin Nob","floor":7,"turns":3},{"damage":0,"enemies":"2 Fungi Beasts","floor":8,"turns":3},{"damage":17,"enemies":"Lagavulin","floor":11,"turns":6},{"damage":4,"enemies":"3 Sentries","floor":13,"turns":7},{"damage":2,"enemies":"Blue Slaver","floor":14,"turns":2},{"damage":16,"enemies":"The Guardian","floor":16,"turns":17},{"damage":5,"enemies":"3 Byrds","floor":18,"turns":5},{"damage":9,"enemies":"Gremlin Leader","floor":23,"turns":8},{"damage":0,"enemies":"Spheric Guardian","floor":28,"turns":3},{"damage":0,"enemies":"3 Cultists","floor":29,"turns":4},{"damage":4,"enemies":"Book of Stabbing","floor":30,"turns":4},{"damage":2,"enemies":"Cultist and Chosen","floor":31,"turns":4},{"damage":69,"enemies":"Collector","floor":33,"turns":10},{"damage":2,"enemies":"Orb Walker","floor":35,"turns":3},{"damage":10,"enemies":"3 Darklings","floor":36,"turns":5},{"damage":6,"enemies":"Transient","floor":37,"turns":6},{"damage":2,"enemies":"4 Shapes","floor":39,"turns":5},{"damage":24,"enemies":"Reptomancer","floor":40,"turns":5},{"damage":56,"enemies":"Nemesis","floor":42,"turns":8}],"seed_played":"2286306834403630784","potions_obtained":[{"floor":1,"key":"EntropicBrew"},{"floor":7,"key":"Regen Potion"},{"floor":14,"key":"AttackPotion"},{"floor":23,"key":"FairyPotion"},{"floor":36,"key":"BlessingOfTheForge"},{"floor":37,"key":"LiquidMemories"}],"is_trial":false,"path_per_floor":["M","M","$","M","?","R","E","M","T","?","E","R","E","M","R","B",null,"M","?","?","$","?","E","R","$","T","R","M","M","E","M","R","B",null,"M","M","M","?","M","E","R","E"],"character_chosen":"IRONCLAD","items_purchased":["Hemokinesis","Inflame","Meat on the Bone"],"campfire_rested":1,"item_purchase_floors":[3,21,21],"current_hp_per_floor":[67,63,63,54,54,54,46,46,46,35,33,55,51,64,64,48,68,63,57,57,57,36,39,39,39,39,39,51,51,47,50,50,36,69,67,72,66,66,64,56,56,0,0],"gold":324,"neow_bonus":"BOSS_RELIC","is_daily":false,"chose_seed":false,"campfire_upgraded":6,"win_rate":0.0,"timestamp":1610888139,"path_taken":["M","M","?","M","?","R","E","?","T","?","E","R","E","M","R","BOSS","M","?","?","$","?","E","R","?","T","R","M","M","E","M","R","BOSS","M","M","M","?","M","E","R","E"],"items_purchased_type":["Card","Card","Relic"],"build_version":"2020-12-22","purchased_purges":1,"victory":false,"max_hp_per_floor":[75,75,75,75,75,75,75,75,75,75,75,75,75,75,75,75,75,75,75,75,75,80,80,80,80,80,80,80,80,80,80,80,80,80,80,80,80,80,80,80,80,80,80],"relic_stats":{"Happy Flower":[19],"counters":[22,116],"Astrolabe":["Shockwave","Carnage","Iron Wave"],"Tiny Chest":0,"Bag of Preparation":[34],"Cursed Key":2,"Boot":[20],"obtain_stats":[{"Happy Flower":23,"Astrolabe":17,"Omamori":7,"Bag of Preparation":9,"Cursed Key":0,"Boot":40,"Burning Blood":0,"Bottled Flame":13,"HornCleat":11,"Tiny Chest":30,"Toy Ornithopter":26,"Meat on the Bone":21,"Runic Cube":34},{"Happy Flower":11,"Astrolabe":9,"Omamori":4,"Bag of Preparation":5,"Cursed Key":0,"Boot":21,"Burning Blood":0,"Bottled Flame":7,"HornCleat":6,"Tiny Chest":14,"Toy Ornithopter":11,"Meat on the Bone":10,"Runic Cube":16},{"Happy Flower":59,"Astrolabe":46,"Omamori":11,"Bag of Preparation":14,"Cursed Key":0,"Boot":108,"Burning Blood":0,"Bottled Flame":27,"HornCleat":20,"Tiny Chest":70,"Toy Ornithopter":59,"Meat on the Bone":51,"Runic Cube":84}],"Toy Ornithopter":5,"Meat on the Bone":36,"Runic Cube":[19]},"card_choices":[{"not_picked":["Sentinel","Twin Strike"],"picked":"Clothesline","floor":1},{"not_picked":["Clash","Power Through"],"picked":"Uppercut","floor":2},{"not_picked":["True Grit","Cleave"],"picked":"Power Through","floor":4},{"not_picked":["Bloodletting","Uppercut"],"picked":"Twin Strike","floor":7},{"not_picked":["Twin Strike","Seeing Red","Dark Embrace"],"picked":"SKIP","floor":8},{"not_picked":["Pommel Strike","Sever Soul"],"picked":"Shrug It Off","floor":11},{"not_picked":["Hemokinesis","Bloodletting","Armaments"],"picked":"SKIP","floor":13},{"not_picked":["Anger","Thunderclap"],"picked":"Double Tap","floor":14},{"not_picked":["Berserk","Offering"],"picked":"Immolate","floor":16},{"not_picked":["Clash","Sever Soul"],"picked":"Flame Barrier","floor":18},{"not_picked":["Thunderclap","Power Through","Pummel"],"picked":"SKIP","floor":23},{"not_picked":["Hemokinesis","Perfected Strike"],"picked":"Shrug It Off+1","floor":28},{"not_picked":["Iron Wave","Pommel Strike","Hemokinesis"],"picked":"SKIP","floor":29},{"not_picked":["Havoc","Rampage","True Grit"],"picked":"SKIP","floor":30},{"not_picked":["Searing Blow","Thunderclap"],"picked":"Spot Weakness+1","floor":31},{"not_picked":["Impervious","Feed"],"picked":"Reaper","floor":33},{"not_picked":["Infernal Blade","Clash","Sword Boomerang"],"picked":"SKIP","floor":35},{"not_picked":["Perfected Strike","Twin Strike","Wild Strike+1"],"picked":"SKIP","floor":36},{"not_picked":["Shrug It Off","Twin Strike","Warcry"],"picked":"SKIP","floor":37},{"not_picked":["Heavy Blade","Immolate","Flex+1"],"picked":"SKIP","floor":39},{"not_picked":["Body Slam","Berserk","Shockwave"],"picked":"SKIP","floor":40}],"player_experience":920539,"relics_obtained":[{"floor":7,"key":"Omamori"},{"floor":9,"key":"Bag of Preparation"},{"floor":11,"key":"HornCleat"},{"floor":13,"key":"Bottled Flame"},{"floor":23,"key":"Happy Flower"},{"floor":26,"key":"Toy Ornithopter"},{"floor":30,"key":"Tiny Chest"},{"floor":40,"key":"Boot"}],"event_choices":[{"damage_healed":0,"gold_gain":0,"cards_transformed":["Strike_R"],"player_choice":"Transformed","damage_taken":0,"max_hp_gain":0,"max_hp_loss":0,"event_name":"Transmorgrifier","floor":5,"gold_loss":0,"cards_obtained":["Ghostly Armor"]},{"damage_healed":0,"gold_gain":75,"player_choice":"Gather Gold","damage_taken":11,"max_hp_gain":0,"max_hp_loss":0,"event_name":"World of Goop","floor":10,"gold_loss":0},{"damage_healed":0,"gold_gain":0,"player_choice":"Joined the Cult","damage_taken":6,"max_hp_gain":0,"max_hp_loss":0,"event_name":"Nest","floor":19,"gold_loss":0,"cards_obtained":["RitualDagger"]},{"damage_healed":0,"gold_gain":0,"player_choice":"Ignored","damage_taken":0,"max_hp_gain":0,"max_hp_loss":0,"event_name":"The Mausoleum","floor":20,"gold_loss":0},{"damage_healed":0,"gold_gain":0,"player_choice":"Shed Blood","damage_taken":26,"max_hp_gain":5,"max_hp_loss":0,"event_name":"Forgotten Altar","floor":22,"gold_loss":0},{"damage_healed":0,"gold_gain":0,"player_choice":"Got Potions","damage_taken":0,"max_hp_gain":0,"max_hp_loss":0,"event_name":"Lab","floor":38,"gold_loss":0}],"is_beta":false,"boss_relics":[{"not_picked":["Empty Cage","Busted Crown"],"picked":"Astrolabe"},{"not_picked":["Calling Bell","Pandora\u0027s Box"],"picked":"Runic Cube"}],"items_purged_floors":[3],"is_endless":false,"potions_floor_spawned":[1,7,14,16,23,29,30,36,37],"killed_by":"Nemesis","ascension_level":20}}