{"host":"roe9nkkmmup0vnjm","time":1610922539,"event":{"mods":["BaseMod","Colored Map","Downfall","Minty Spire (QoL Compilation)","StSLib"],"gold_per_floor":[99,113,127,227,106,117,141,159,173,186,186,204,204,204,215,215,215,215],"floor_reached":16,"language":"ENG","playtime":1578,"items_purged":[],"score":96,"play_id":"e13f467e-e905-46d5-ada7-b7c208722c1a","local_time":"20210117172859","is_ascension_mode":false,"campfire_choices":[{"data":"Slimebound:Split","floor":1,"key":"SMITH"},{"data":"Slimebound:RallyTheTroops","floor":11,"key":"SMITH"},{"floor":13,"key":"REST"}],"circlet_count":0,"master_deck":["Slimebound:Strike_Slimebound","Slimebound:Strike_Slimebound","Slimebound:Strike_Slimebound","Slimebound:Tackle","Slimebound:Defend_Slimebound","Slimebound:Defend_Slimebound","Slimebound:Defend_Slimebound","Slimebound:Defend_Slimebound","Slimebound:Split+1","Slimebound:CorrosiveSpit","Slimebound:Repurpose","Slimebound:LevelUp","Slimebound:RallyTheTroops+1","Slimebound:LevelUp","Slimebound:Replication","Slimebound:SlimeTap","Slimebound:Schlurp","Slimebound:ViciousTackle","Slimebound:RollThrough","Slimebound:RainOfGoop","Slimebound:GoopTackle"],"relics":["Slimebound:AbsorbEndCombat","Slimebound:ScrapOozeRelic"],"acts_visited":["Exordium"],"potions_floor_usage":[],"damage_taken":[{"damage":0,"enemies":"Cultist","floor":2,"turns":3},{"damage":7,"enemies":"Small Slimes","floor":3,"turns":4},{"damage":0,"enemies":"downfall:FleeingMerchant","floor":5,"turns":4},{"damage":1,"enemies":"2 Louse","floor":6,"turns":4},{"damage":11,"enemies":"Blue Slaver","floor":8,"turns":3},{"damage":6,"enemies":"Exordium Wildlife","floor":9,"turns":4},{"damage":15,"enemies":"2 Fungi Beasts","floor":10,"turns":2},{"damage":23,"enemies":"Lots of Slimes","floor":12,"turns":4},{"damage":5,"enemies":"Blue Slaver","floor":15,"turns":2},{"damage":45,"enemies":"WA_ARCHETYPE_RETAIN","floor":16,"turns":4}],"seed_played":"6164778122854312809","potions_obtained":[{"floor":3,"key":"Dexterity Potion"},{"floor":9,"key":"FearPotion"},{"floor":10,"key":"Fire Potion"},{"floor":15,"key":"Slimebound:ThreeZeroPotion"}],"is_trial":false,"path_per_floor":["R","M","M","?","$","M","T","M","M","M","R","M","R","?","M","B"],"character_chosen":"SLIMEBOUND","items_purchased":["Slimebound:LevelUp","Slimebound:Replication"],"campfire_rested":1,"item_purchase_floors":[5,5],"current_hp_per_floor":[71,71,64,64,65,64,64,55,51,37,37,17,38,38,34,0,0,0],"gold":215,"neow_bonus":"TEN_PERCENT_HP_BONUS","is_daily":false,"chose_seed":false,"campfire_upgraded":2,"win_rate":0.0,"timestamp":1610922539,"path_taken":["R","M","M","?","?","M","T","M","M","M","R","M","R","?","M","BOSS"],"items_purchased_type":["Card","Card"],"build_version":"2020-12-22","purchased_purges":0,"victory":false,"max_hp_per_floor":[71,71,71,71,71,71,71,71,71,71,71,71,71,71,71,71,71,71],"card_choices":[{"not_picked":["Slimebound:SplitBruiser","Slimebound:TongueLash"],"picked":"Slimebound:Repurpose","floor":2},{"not_picked":["Slimebound:LeechingTouch","Slimebound:ProtectTheBoss"],"picked":"Slimebound:LevelUp","floor":3},{"not_picked":["Slimebound:Prepare","Slimebound:SplitBruiser"],"picked":"Slimebound:RallyTheTroops","floor":5},{"not_picked":["Slimebound:Dissolve","Slimebound:SplitMire"],"picked":"Slimebound:SlimeTap","floor":6},{"not_picked":["Slimebound:ItLooksTasty","Slimebound:SplitMire"],"picked":"Slimebound:Schlurp","floor":8},{"not_picked":["Slimebound:FormOfPuddle","Slimebound:RollThrough"],"picked":"Slimebound:ViciousTackle","floor":9},{"not_picked":["Slimebound:LevelUp","Slimebound:FinishingTackle"],"picked":"Slimebound:RollThrough","floor":10},{"not_picked":["Slimebound:Schlurp","Slimebound:SlimeTap"],"picked":"Slimebound:RainOfGoop","floor":12},{"not_picked":["Slimebound:SplitMire","Slimebound:ComboTackle"],"picked":"Slimebound:GoopTackle","floor":15}],"player_experience":263883,"relics_obtained":[{"floor":7,"key":"Lantern"}],"event_choices":[],"is_beta":false,"boss_relics":[],"items_purged_floors":[],"is_endless":false,"potions_floor_spawned":[3,9,10,15],"killed_by":"WA_ARCHETYPE_RETAIN","ascension_level":0}}