{"host":"skr63qsdfgeey3it","time":1610874319,"event":{"mods":["BaseMod","Hubris","Minty Spire (QoL Compilation)","Replay The Spire","Spicy Shops","StSLib"],"gold_per_floor":[10,29,29,29,29,29,61,61,87,87,7,35,35,61,61,174,174,199,39,39,67,67,73,73],"floor_reached":23,"language":"ENG","playtime":1005,"items_purged":["Pain"],"score":312,"play_id":"c0678b8a-9eb7-4917-8f60-a9026e0b8dbd","local_time":"20210117030519","is_ascension_mode":true,"campfire_choices":[{"data":"Whirlwind","floor":6,"key":"SMITH"},{"data":"Uppercut","floor":8,"key":"SMITH"},{"data":"Bash","floor":10,"key":"SMITH"},{"floor":15,"key":"DIG"}],"circlet_count":0,"master_deck":["AscendersBane","Strike_R","Strike_R","Strike_R","Strike_R","Strike_R","Defend_R","Defend_R","Defend_R","Defend_R","Bash+1","Whirlwind+1","Flame Barrier+1","Metallicize+1","Flex+1","Uppercut+1","Normality","Heavy Blade+1","Fiend Fire","Replay:Many Hands","hubris:EnhanceAbility","Apotheosis","Replay:Sssssssssshield","hubris:Envy","hubris:StunningStrike"],"relics":["Black Blood","hubris:Towel","The Courier","Replay:Baseball","Bag of Preparation","ReplayTheSpireMod:CursedCoin","Guide Book","Replay:Bandana","Snack Pack","ReplayTheSpireMod:ShopPack","hubris:Icosahedron"],"acts_visited":["Exordium","TheCity"],"potions_floor_usage":[7,12,23],"damage_taken":[{"damage":7,"enemies":"2 Louse","floor":1,"turns":3},{"damage":15,"enemies":"Small Slimes","floor":2,"turns":4},{"damage":15,"enemies":"3 Sentries","floor":7,"turns":4},{"damage":1,"enemies":"Gremlin Nob","floor":12,"turns":3},{"damage":0,"enemies":"Cultist","floor":14,"turns":2},{"damage":40,"enemies":"Hexaghost","floor":16,"turns":10},{"damage":10,"enemies":"Spheric Guardian","floor":18,"turns":4},{"damage":33,"enemies":"Shell Parasite","floor":21,"turns":5},{"damage":59,"enemies":"Book of Stabbing","floor":23,"turns":7}],"seed_played":"-6250226325919091190","potions_obtained":[{"floor":1,"key":"Languid Potion"},{"floor":2,"key":"SteroidPotion"},{"floor":21,"key":"Reflective Coating"}],"is_trial":false,"path_per_floor":["M","M","?","?","?","R","E","R","T","R","$","E","?","M","R","B",null,"M","$","?","M","?","E"],"character_chosen":"IRONCLAD","items_purchased":["Bag of Preparation","ReplayTheSpireMod:CursedCoin","Guide Book","ReplayTheSpireMod:ShopPack","Replay:Many Hands"],"campfire_rested":0,"item_purchase_floors":[11,11,11,19,19],"current_hp_per_floor":[71,62,62,62,62,62,53,53,53,53,53,58,58,64,64,34,69,71,71,71,52,52,0,0],"gold":73,"neow_bonus":"THREE_RARE_CARDS","is_daily":false,"chose_seed":false,"campfire_upgraded":3,"win_rate":0.0,"timestamp":1610874319,"path_taken":["M","M","?","?","?","R","E","R","T","R","?","E","?","M","R","BOSS","M","?","?","?","?","E"],"items_purchased_type":["Relic","Relic","Relic","Relic","Card"],"build_version":"2020-12-22","purchased_purges":1,"victory":false,"max_hp_per_floor":[80,80,80,80,80,80,80,80,80,80,80,80,80,80,80,80,80,80,80,80,80,80,80,80],"card_choices":[{"not_picked":["Double Tap","Impervious"],"picked":"Demon Form","floor":0},{"not_picked":["Flex","Sentinel"],"picked":"Whirlwind","floor":1},{"not_picked":["hubris:ReadiedAction","Wild Strike"],"picked":"Flame Barrier","floor":2},{"not_picked":["Reckless Charge","Run Through"],"picked":"Uppercut","floor":7},{"not_picked":["Headbutt","Rage"],"picked":"Heavy Blade","floor":12},{"not_picked":["Fire Breathing","Heavy Blade","Pommel Strike"],"picked":"SKIP","floor":14},{"not_picked":["Corruption","Hemogenesis"],"picked":"Fiend Fire","floor":16},{"not_picked":["True Grit","Clash","Anger+1"],"picked":"SKIP","floor":18},{"not_picked":["Mayhem","Metamorphosis"],"picked":"hubris:EnhanceAbility","floor":19},{"not_picked":["Dark Shackles","Impatience"],"picked":"Apotheosis","floor":19},{"not_picked":["Crow Ritual","ReplayTheSpireMod:Uncanny Aura"],"picked":"Replay:Sssssssssshield","floor":19},{"not_picked":["Thunderclap","Perfected Strike+1","Flex"],"picked":"SKIP","floor":21}],"player_experience":746393,"relics_obtained":[{"floor":7,"key":"The Courier"},{"floor":9,"key":"Replay:Baseball"},{"floor":12,"key":"Replay:Bandana"},{"floor":15,"key":"Snack Pack"}],"event_choices":[{"damage_healed":0,"gold_gain":0,"player_choice":"Upgraded","damage_taken":0,"max_hp_gain":0,"max_hp_loss":0,"event_name":"Upgrade Shrine","floor":13,"gold_loss":0,"cards_upgraded":["Heavy Blade"]},{"damage_healed":0,"gold_gain":0,"player_choice":"2 cards matched","damage_taken":0,"max_hp_gain":0,"max_hp_loss":0,"event_name":"Match and Keep!","floor":20,"gold_loss":0,"cards_obtained":["hubris:Envy","hubris:StunningStrike"]}],"is_beta":false,"boss_relics":[{"not_picked":["ChewingGum","Busted Crown"],"picked":"Black Blood"}],"items_purged_floors":[11],"is_endless":false,"potions_floor_spawned":[1,2,21],"killed_by":"Book of Stabbing","ascension_level":12}}