{"host":"xttq6c038pg3qyaq","time":1610864705,"event":{"mods":["BaseMod","Bestiary","Downfall","Hermit","Marisa（霧雨　魔理沙）","Minty Spire (QoL Compilation)","StSLib"],"gold_per_floor":[211,17,17,31,44,44,119,119,142,178,201,201,201,225,225,329,329,348,54,67,90,107,142,142,164,164,48,73,73,113,125,137,149,149],"floor_reached":33,"language":"ENG","playtime":1402,"items_purged":["hermit:Strike_Hermit","hermit:Strike_Hermit"],"score":337,"play_id":"452ab03a-44d7-478c-9648-998514299237","local_time":"20210117165505","is_ascension_mode":false,"campfire_choices":[{"data":"hermit:GoldenBullet","floor":6,"key":"SMITH"},{"data":"hermit:FlashPowder","floor":8,"key":"SMITH"},{"floor":13,"key":"REST"},{"data":"hermit:Desperado","floor":15,"key":"SMITH"},{"floor":24,"key":"REST"},{"data":"hermit:Grudge","floor":29,"key":"SMITH"},{"floor":32,"key":"REST"}],"circlet_count":0,"master_deck":["hermit:Strike_Hermit+1","hermit:Strike_Hermit","hermit:Defend_Hermit","hermit:Defend_Hermit","hermit:Defend_Hermit","hermit:Defend_Hermit","hermit:Snapshot","hermit:Covet","hermit:SprayPray+1","hermit:Misfire+1","hermit:FlashPowder+1","hermit:GoldenBullet+1","hermit:Gambit","hermit:Desperado+1","hermit:Snipe","hermit:Reprieve","hermit:FlashPowder","hermit:Grudge+1","hermit:Snipe","hermit:WideOpen+1","hermit:HoleUp","hermit:Glare","hermit:LowProfile"],"relics":["hermit:Momento","Whetstone","Lantern","CeramicFish","Sozu","Ancient Tea Set","InkBottle","Sundial","MawBank"],"acts_visited":["Exordium","TheCity"],"potions_floor_usage":[11,33],"damage_taken":[{"damage":3,"enemies":"Jaw Worm","floor":1,"turns":3},{"damage":0,"enemies":"Small Slimes","floor":4,"turns":2},{"damage":0,"enemies":"Cultist","floor":5,"turns":2},{"damage":38,"enemies":"Lagavulin","floor":10,"turns":6},{"damage":10,"enemies":"Gremlin Gang","floor":11,"turns":4},{"damage":6,"enemies":"Red Slaver","floor":14,"turns":3},{"damage":0,"enemies":"Slime Boss","floor":16,"turns":7},{"damage":0,"enemies":"Spheric Guardian","floor":18,"turns":3},{"damage":14,"enemies":"2 Thieves","floor":20,"turns":3},{"damage":4,"enemies":"Centurion and Healer","floor":21,"turns":5},{"damage":25,"enemies":"Shelled Parasite and Fungi","floor":22,"turns":5},{"damage":22,"enemies":"Slavers","floor":23,"turns":3},{"damage":16,"enemies":"Snake Plant","floor":25,"turns":2},{"damage":11,"enemies":"Centurion and Healer","floor":28,"turns":5},{"damage":23,"enemies":"Book of Stabbing","floor":30,"turns":5},{"damage":63,"enemies":"Champ","floor":33,"turns":8}],"seed_played":"-8152700623195304676","potions_obtained":[{"floor":1,"key":"Guardian:BlockOnCardUsePotion"},{"floor":4,"key":"CultistPotion"},{"floor":11,"key":"LiquidMemories"}],"is_trial":false,"path_per_floor":["M","$","?","M","M","R","?","R","T","E","M","?","R","M","R","B",null,"M","$","M","M","M","E","R","M","T","$","M","R","E","$","R","B"],"character_chosen":"HERMIT","items_purchased":["hermit:Misfire","Whetstone","Ancient Tea Set","hermit:FlashPowder","hermit:HoleUp"],"campfire_rested":3,"item_purchase_floors":[2,2,19,19,27],"current_hp_per_floor":[72,72,72,72,72,72,61,61,61,23,13,13,35,29,29,29,75,75,75,69,69,44,22,44,28,28,28,25,25,18,18,40,0,0],"gold":149,"neow_bonus":"HUNDRED_GOLD","is_daily":false,"chose_seed":false,"campfire_upgraded":4,"win_rate":0.0,"timestamp":1610864705,"path_taken":["M","$","?","M","M","R","?","R","T","E","M","?","R","M","R","BOSS","M","$","M","?","M","E","R","M","T","$","?","R","E","?","R","BOSS"],"items_purchased_type":["Card","Relic","Relic","Card","Card"],"build_version":"2020-12-22","purchased_purges":2,"victory":false,"max_hp_per_floor":[75,75,75,75,75,75,75,75,75,75,75,75,75,75,75,75,75,75,75,75,75,75,75,75,75,75,75,75,75,75,75,75,75,75],"card_choices":[{"not_picked":["hermit:TakeCover","hermit:Virtue"],"picked":"hermit:SprayPray","floor":1},{"not_picked":["hermit:Misfire","hermit:Cheat"],"picked":"hermit:FlashPowder","floor":4},{"not_picked":["hermit:HighCaliber","hermit:Feint"],"picked":"hermit:GoldenBullet","floor":5},{"not_picked":["hermit:Magnum","hermit:ItchyTrigger"],"picked":"hermit:Gambit","floor":10},{"not_picked":["hermit:Vantage","hermit:Scavenge"],"picked":"hermit:Desperado","floor":11},{"not_picked":["hermit:Vantage","hermit:TakeCover"],"picked":"hermit:Snipe","floor":14},{"not_picked":["hermit:RoundhouseKick","hermit:Dissolve"],"picked":"hermit:Reprieve","floor":16},{"not_picked":["hermit:Spite","hermit:LoneWolf","hermit:CalledShot"],"picked":"SKIP","floor":18},{"not_picked":["hermit:Headshot+1","hermit:HighCaliber+1","hermit:Showdown"],"picked":"SKIP","floor":20},{"not_picked":["hermit:Deadeye","hermit:Gestalt+1"],"picked":"hermit:Grudge","floor":21},{"not_picked":["hermit:Headshot","hermit:CursedWeapon","hermit:HighCaliber+1"],"picked":"SKIP","floor":22},{"not_picked":["hermit:Virtue","hermit:Horror"],"picked":"hermit:Snipe","floor":23},{"not_picked":["hermit:Ricochet+1","hermit:GoldenBullet"],"picked":"hermit:WideOpen+1","floor":25},{"not_picked":["hermit:HighCaliber","hermit:FlashPowder+1"],"picked":"hermit:Glare","floor":28},{"not_picked":["hermit:DeadMansHand","hermit:GoldenBullet"],"picked":"hermit:LowProfile","floor":30}],"player_experience":586138,"relics_obtained":[{"floor":9,"key":"Lantern"},{"floor":10,"key":"CeramicFish"},{"floor":23,"key":"InkBottle"},{"floor":26,"key":"Sundial"},{"floor":30,"key":"MawBank"}],"event_choices":[{"damage_healed":0,"gold_gain":0,"player_choice":"Grow","damage_taken":0,"max_hp_gain":0,"max_hp_loss":0,"event_name":"Living Wall","floor":3,"gold_loss":0,"cards_upgraded":["hermit:SprayPray"]},{"damage_healed":0,"gold_gain":75,"player_choice":"Gather Gold","damage_taken":11,"max_hp_gain":0,"max_hp_loss":0,"event_name":"World of Goop","floor":7,"gold_loss":0},{"damage_healed":0,"gold_gain":0,"player_choice":"Ignored","damage_taken":0,"max_hp_gain":0,"max_hp_loss":0,"event_name":"NoteForYourself","floor":12,"gold_loss":0}],"is_beta":false,"boss_relics":[{"not_picked":["SlaversCollar","Tiny House"],"picked":"Sozu"}],"items_purged_floors":[19,27],"is_endless":false,"potions_floor_spawned":[1,4,11,20,22,25],"killed_by":"Champ","ascension_level":0}}