{"host":"wud4w7nw8qmq6f33","time":1610900105,"event":{"mods":["2.2 Compatiblity","Act Like it!","BaseMod","Better Third Choice","BetterRewards","Colored Map","Colored Powertips","Downfall","Energized Spire","Gremlin Skip","Minty Spire (QoL Compilation)","Permanent Neow","Quick Restart","Rare Cards Sparkle","StSLib","The Animator","everything is the same but u backflip on backflip","slay the spire mod where everything is the same but ironclad has a cowboy hat"],"gold_per_floor":[115,146,146,146,164,164,197,212,212,212,236,261,261,280,280,280,280],"floor_reached":16,"language":"ENG","playtime":820,"items_purged":[],"score":112,"play_id":"340a3fec-f862-424e-8216-4d5373238719","local_time":"20210117111505","is_ascension_mode":false,"campfire_choices":[{"data":"animator:Genos","floor":6.0,"key":"SMITH"},{"floor":15,"key":"REST"}],"circlet_count":0,"master_deck":["animator:Defend_OnePunchMan","animator:Strike","animator:Strike","animator:Strike","animator:Defend","animator:Defend","animator:Defend","animator:Genos+1","animator:MumenRider","animator:Genos+1","animator:NarberalGamma","animator:UneriGinkaku","animator:Hans","animator:Boros+1"],"relics":["animator:LivingPicture","animator:TheMissingPiece","Strawberry","Pantograph","Bottled Tornado"],"acts_visited":["Exordium"],"potions_floor_usage":[14],"damage_taken":[{"damage":0.0,"enemies":"Small Slimes","floor":1.0,"turns":2.0},{"damage":11.0,"enemies":"Jaw Worm","floor":2.0,"turns":4.0},{"damage":0.0,"enemies":"2 Louse","floor":5.0,"turns":1.0},{"damage":7.0,"enemies":"Gremlin Nob","floor":7.0,"turns":3.0},{"damage":17.0,"enemies":"Gremlin Gang","floor":8.0,"turns":4.0},{"damage":5.0,"enemies":"Looter","floor":11.0,"turns":4.0},{"damage":28,"enemies":"3 Sentries","floor":12,"turns":7},{"damage":0,"enemies":"Large Slime","floor":14,"turns":6},{"damage":52,"enemies":"The Guardian","floor":16,"turns":6}],"seed_played":"-6130962300450711336","potions_obtained":[{"floor":5.0,"key":"GamblersBrew"},{"floor":11.0,"key":"bronze:BurnAndBuffPotion"},{"floor":12,"key":"SkillPotion"}],"is_trial":false,"path_per_floor":["M","M","?","?","M","R","E","M","T","?","M","E","?","M","R","B"],"character_chosen":"THE_ANIMATOR","items_purchased":[],"campfire_rested":1,"item_purchase_floors":[],"current_hp_per_floor":[66,55,55,55,55,55,55,38,38,31,26,4,4,4,25,0,0],"gold":280,"neow_bonus":"THREE_CARDS","is_daily":false,"chose_seed":false,"campfire_upgraded":1,"win_rate":0.0,"timestamp":1610900105,"path_taken":["M","M","?","?","M","R","E","M","T","?","M","E","?","?","R","BOSS"],"items_purchased_type":[],"build_version":"2020-12-22","purchased_purges":0,"victory":false,"max_hp_per_floor":[66,66,66,66,66,66,73,73,73,73,73,73,73,73,73,73,73],"card_choices":[{"not_picked":["animator:Kazuma","animator:Entoma"],"picked":"animator:Genos","floor":0.0},{"not_picked":["animator:Berserker","animator:ZankiKiguchi"],"picked":"animator:NarberalGamma","floor":1.0},{"not_picked":["animator:Entoma","animator:ElricEdward"],"picked":"animator:UneriGinkaku","floor":2.0},{"not_picked":["animator:Shuna","animator:Shalltear"],"picked":"animator:Hans","floor":5.0},{"not_picked":["animator:Cocytus","animator:ElricEdward","animator:Scar"],"picked":"SKIP","floor":8.0},{"not_picked":["animator:MetalKnight","animator:Millim"],"picked":"animator:Boros","floor":11.0},{"not_picked":["animator:Shizu","animator:Hitei","animator:Saitama"],"picked":"SKIP","floor":12}],"player_experience":655824,"relics_obtained":[{"floor":7.0,"key":"Strawberry"},{"floor":9.0,"key":"Pantograph"},{"floor":12,"key":"Bottled Tornado"}],"event_choices":[{"damage_healed":0.0,"max_hp_gain":0.0,"max_hp_loss":0.0,"gold_gain":0.0,"event_name":"Living Wall","player_choice":"Grow","floor":3.0,"gold_loss":0.0,"damage_taken":0.0,"cards_upgraded":["animator:Genos"]},{"damage_healed":0.0,"max_hp_gain":0.0,"max_hp_loss":0.0,"gold_gain":0.0,"event_name":"betterThird:BetterSerpent","player_choice":"Ignored","floor":4.0,"gold_loss":0.0,"damage_taken":146.0},{"cards_removed":["animator:Strike_OnePunchMan"],"damage_healed":0.0,"max_hp_gain":0.0,"max_hp_loss":0.0,"gold_gain":0.0,"event_name":"Golden Wing","player_choice":"Card Removal","floor":10.0,"gold_loss":0.0,"damage_taken":7.0},{"damage_healed":0,"gold_gain":0,"player_choice":"Forge","damage_taken":0,"max_hp_gain":0,"max_hp_loss":0,"event_name":"Accursed Blacksmith","floor":13,"gold_loss":0,"cards_upgraded":["animator:Boros"]}],"is_beta":false,"boss_relics":[],"items_purged_floors":[],"is_endless":false,"potions_floor_spawned":[5,11,12],"killed_by":"The Guardian","ascension_level":0}}