{"host":"rmxeoilydwnfa1ap","time":1610896632,"event":{"mods":["2.2 Compatiblity","Act Like it!","BaseMod","Better Third Choice","BetterRewards","Defuse TimeMaze Blight","Hallownest","HololiveMod","Hubris","Humility","Minty Spire (QoL Compilation)","Rare Cards Sparkle","Remove Card Discount Mod","Shop Mod","Spicy Shops","StSLib","¡¾ÒÅÎï¿¨ÅÆ¡¿REMEMod"],"gold_per_floor":[382,307,291,291,177,177,177,177,177,177,195,225,225,243,243,338,338,355,137,137,287,287,287,287,108,108,108,108,108,28,47,47,145,145,162,120,144,144,111,111,111,111,134,134,97,124,124,150,150,247,247,260,260,202,202,89,89,89,123,123,123,154,154,194,194,194,295,295,315,315,315,270,234,234,261,261,286,286,286,286],"floor_reached":79,"language":"ZHS","playtime":2208,"items_purged":["Chill","Hololive_WolfAndLamb","Hololive_DiamondStrike","Hololive_FlareMind","Hololive_DurableLive","Hololive_Recruit","Hololive_AWSL","Hololive_OpenUp","Hololive_ASMR","Hololive_BeCareful","Doubt"],"score":1541,"play_id":"6a3b5854-1e35-4fee-ac82-130763aa7231","local_time":"20210117231712","daily_mods":["SealedDeck","Shiny","Vintage","Heirloom","Flight","Elite Swarm"],"is_ascension_mode":false,"campfire_choices":[{"data":"Hololive_HighAtkLowDef","floor":6.0,"key":"SMITH"},{"data":"Hololive_Thief","floor":7.0,"key":"SMITH"},{"data":"Hololive_IdolExercise","floor":8.0,"key":"SMITH"},{"data":"Hololive_CallAkiRosenthal","floor":10.0,"key":"SMITH"},{"data":"Hololive_CallAmaneKanata","floor":15.0,"key":"SMITH"},{"data":"Hololive_CallTsunomakiWatame","floor":23.0,"key":"SMITH"},{"data":"Hololive_MaximGun","floor":24.0,"key":"SMITH"},{"data":"Hololive_Nanodesu","floor":27.0,"key":"SMITH"},{"data":"Hololive_Thief","floor":28.0,"key":"SMITH"},{"data":"Hololive_CocoNews","floor":29.0,"key":"SMITH"},{"data":"Hallownest:skillCityofTearsMap","floor":32.0,"key":"SMITH"},{"data":"Hololive_MaximGun","floor":40.0,"key":"SMITH"},{"data":"Hololive_FlyingPonyTail","floor":41.0,"key":"SMITH"},{"data":"Hololive_IdolExercise","floor":42.0,"key":"SMITH"},{"data":"Hololive_CallShiroganeNoel","floor":44.0,"key":"SMITH"},{"data":"Hololive_DDD","floor":47.0,"key":"SMITH"},{"data":"Hololive_Nanodesu","floor":49.0,"key":"SMITH"},{"data":"Hololive_Thief","floor":57.0,"key":"SMITH"},{"data":"Hololive_Nanodesu","floor":58.0,"key":"SMITH"},{"data":"Hololive_CallYozoraMel","floor":61.0,"key":"SMITH"},{"data":"Hololive_CallHoushouMarine","floor":66.0,"key":"SMITH"},{"data":"Hololive_CallTokoyamiTowa","floor":74,"key":"SMITH"},{"data":"Hololive_IdolExercise","floor":76,"key":"SMITH"},{"data":"Hololive_CallKiryuuCoco","floor":78,"key":"SMITH"}],"circlet_count":1,"master_deck":["Hololive_Thief+1","Hololive_DDD+1","Hololive_Rebirth+1","Hololive_MaximGun+1","Hololive_IdolExercise+1","Hololive_StarCraft+1","Hololive_Nanodesu+1","Hololive_CallAyundaRisu","Hololive_Psychosis","Hololive_StrengthChampion","Hololive_CallKiryuuCoco+1","Hololive_CallTokoyamiTowa+1","Hololive_CallAkiRosenthal+1","Hololive_CallYozoraMel+1","Hololive_Rebound","Hololive_FlyingPonyTail+1","Hololive_CallShiroganeNoel+1","Hololive_CallAmaneKanata+1","Hololive_Thief+1","Hololive_IdolExercise+1","Hololive_CallUruhaRushia","Hololive_CocoNews+1","Hololive_CallTsunomakiWatame+1","Hallownest:skillCityofTearsMap+1","Hololive_MaximGun+1","Hololive_Thief+1","Hololive_IdolExercise+1","Hololive_Nanodesu+1","Hololive_Nanodesu+1","Hololive_CallHoushouMarine+1"],"relics":["Hololive_TheStar","REME_ComplimentaryCards","Old Coin","Meat on the Bone","Hallownest:BankAccountRelic","Hallownest:DreamNailRelic","Hololive_FriedShrimpLion","Eternal Feather","Bottled Flame","Oddly Smooth Stone","Juzu Bracelet","REME_LowDesire","Orichalcum","Blood Vial","Ancient Tea Set","Membership Card","hubris:Icosahedron","Calipers","War Paint","Torii","Anchor","hubris:Towel","Lantern","Bag of Preparation","PreservedInsect","Ice Cream","Mercury Hourglass","hubris:HollowSoul","Strawberry","Circlet","hubris:SlimyHat","hubris:CuriousFeather","Tiny Chest","hubris:PeanutButter","Hololive_LightStick"],"acts_visited":["Exordium","Hallownest:Greenpath","Hallownest:CityofTears","Hallownest:KingdomsEdge","Hallownest:Greenpath"],"potions_floor_usage":[],"damage_taken":[{"damage":4.0,"enemies":"Hallownest:monsterHuskWarrior","floor":1.0,"turns":3.0},{"damage":0.0,"enemies":"2_ Uuma","floor":11.0,"turns":3.0},{"damage":0.0,"enemies":"Hallownest:eliteCrystalGuardian","floor":12.0,"turns":4.0},{"damage":0.0,"enemies":"Hallownest:2_Tiktiks_and_1_Crawlid","floor":14.0,"turns":2.0},{"damage":0.0,"enemies":"Hallownest:BossFalseKnight","floor":16.0,"turns":5.0},{"damage":0.0,"enemies":"Hallownest:Flukemon_and_Top","floor":18.0,"turns":4.0},{"damage":0.0,"enemies":"Hallownest:3_Youths","floor":31.0,"turns":3.0},{"damage":0.0,"enemies":"Hallownest:BossMantisLord","floor":33.0,"turns":6.0},{"damage":0.0,"enemies":"Hallownest:2_Littles","floor":35.0,"turns":4.0},{"damage":0.0,"enemies":"Hallownest:eliteHiveKnight","floor":46.0,"turns":3.0},{"damage":0.0,"enemies":"Hallownest:StalkingDevout","floor":48.0,"turns":3.0},{"damage":0.0,"enemies":"Hallownest:BossGreyPrinceZote","floor":50.0,"turns":8.0},{"damage":0.0,"enemies":"Hallownest:monsterHuskGuard","floor":52.0,"turns":3.0},{"damage":0.0,"enemies":"Hallownest:eliteMossKnight","floor":59.0,"turns":2.0},{"damage":0.0,"enemies":"Hallownest:eliteCrystalGuardian","floor":62.0,"turns":3.0},{"damage":0.0,"enemies":"Hallownest:BossFalseKnight","floor":67.0,"turns":3.0},{"damage":0.0,"enemies":"Hallownest:2_Mistakes","floor":69.0,"turns":3.0},{"damage":0,"enemies":"Hallownest:eliteSoulWarrior","floor":75,"turns":2},{"damage":0,"enemies":"Hallownest:Nosk","floor":77,"turns":2},{"damage":0,"enemies":"Hallownest:eliteSoulWarrior","floor":79,"turns":1}],"seed_played":"1303445734575778995","potions_obtained":[{"floor":1.0,"key":"Energy Potion"},{"floor":11.0,"key":"Energy Potion"},{"floor":18.0,"key":"EntropicBrew"},{"floor":31.0,"key":"Block Potion"}],"is_trial":true,"path_per_floor":["M","?","$","?","$","R","R","R","T","R","M","?","T","M","R","B",null,"M","$","?","?","?","R","R","$","T","R","R","R","?","M","R","B",null,"M","$","?","?","$","R","R","R","T","R","$","E","R","E","R","B",null,"M","?","$","?","$","R","R","E","T","R","E","?","$","?","R","B",null,"M","?","?","?","$","R","E","R","E","R","E"],"character_chosen":"Hololive_HololiveCharacter","items_purchased":["Hololive_CallAmaneKanata","Hololive_FriedShrimpLion","Hololive_CallUruhaRushia","Membership Card","Hololive_CocoNews","Calipers","War Paint","Hololive_Thief","Lantern","PreservedInsect","Hololive_CallHoushouMarine","hubris:SlimyHat","hubris:CuriousFeather","Hololive_LightStick"],"campfire_rested":0,"item_purchase_floors":[3,5,19,19,19,25,25,36,39,45,54,54,56,73],"current_hp_per_floor":[32,32,32,32,32,32,32,32,32,36,36,36,36,36,36,36,36,36,36,36,36,36,36,36,36,36,36,36,36,36,36,36,36,36,36,36,36,36,36,36,36,36,36,36,36,36,36,36,36,36,36,43,43,43,34,34,43,43,43,43,43,43,36,36,36,36,36,36,36,36,36,42,42,42,42,42,42,42,42,42],"gold":286,"neow_bonus":"","is_daily":false,"chose_seed":false,"campfire_upgraded":24,"win_rate":0.0,"timestamp":1610896632,"path_taken":["M","?","$","?","$","R","R","R","T","R","?","?","?","?","R","BOSS","M","$","?","?","?","R","R","?","T","R","R","R","?","M","R","BOSS","M","$","?","?","$","R","R","R","T","R","$","E","R","E","R","BOSS","M","?","$","?","$","R","R","E","T","R","E","?","$","?","R","BOSS","M","?","?","?","$","R","E","R","E","R","E"],"items_purchased_type":["Card","Relic","Card","Relic","Card","Relic","Relic","Card","Relic","Relic","Card","Relic","Relic","Relic"],"build_version":"2020-12-22","purchased_purges":11,"victory":false,"max_hp_per_floor":[36,36,36,36,36,36,36,36,36,36,36,36,36,36,36,36,36,36,36,36,36,36,36,36,36,36,36,36,36,36,36,36,36,36,36,36,36,36,36,36,36,36,36,36,36,36,36,36,36,36,36,43,43,43,43,43,43,43,43,43,43,43,36,36,36,36,36,36,36,36,36,42,42,42,42,42,42,42,42,42],"card_choices":[{"not_picked":["Hololive_DiamondStrike","Hololive_DDD","Hololive_ASMR"],"picked":"Hololive_Thief","floor":12.0},{"not_picked":["Hololive_StarCraft","Hololive_DDD","Hololive_HighAtkLowDef"],"picked":"Hololive_IdolExercise","floor":16.0},{"not_picked":["Hololive_ScarfAndHalo","Hololive_HighAtkLowDef","Hololive_ASMR","Transmutation"],"picked":"Hololive_MaximGun","floor":33.0},{"not_picked":["Hololive_ScarfAndHalo","Hololive_DDD","Hololive_DiamondStrike","REME_BodyOfCthun"],"picked":"Hololive_IdolExercise","floor":46.0},{"not_picked":["Hololive_ASMR","Hololive_DurableLive","Hololive_Thief","Mayhem"],"picked":"Hololive_Nanodesu","floor":48.0},{"not_picked":["Hololive_ASMR","Hololive_WolfAndLamb","Hololive_ScarfAndHalo","Madness+1"],"picked":"Hololive_Nanodesu","floor":50.0},{"not_picked":["Hololive_Recruit","Hololive_BeCareful","Hololive_WolfAndLamb","Hololive_HighAtkLowDef","Swift Strike"],"picked":"SKIP","floor":59.0},{"not_picked":["Hololive_HighAtkLowDef","Hololive_DiamondStrike","Hololive_AWSL","Hololive_WolfAndLamb","REME_ShortnessOfBreath"],"picked":"SKIP","floor":62.0},{"not_picked":["Hololive_DDD","Hololive_Rebirth","Hololive_Thief","Hololive_DiamondStrike","Discovery"],"picked":"SKIP","floor":75},{"not_picked":["Hololive_IdolExercise","Hololive_StarCraft","Hololive_Thief","Hololive_AWSL","Impatience"],"picked":"SKIP","floor":77}],"player_experience":63613,"relics_obtained":[{"floor":1.0,"key":"Meat on the Bone"},{"floor":9.0,"key":"Eternal Feather"},{"floor":12.0,"key":"Bottled Flame"},{"floor":13.0,"key":"Oddly Smooth Stone"},{"floor":14.0,"key":"Juzu Bracelet"},{"floor":17.0,"key":"Orichalcum"},{"floor":17.0,"key":"Blood Vial"},{"floor":18.0,"key":"Ancient Tea Set"},{"floor":31.0,"key":"Torii"},{"floor":35.0,"key":"Anchor"},{"floor":43.0,"key":"Bag of Preparation"},{"floor":46.0,"key":"Ice Cream"},{"floor":48.0,"key":"Mercury Hourglass"},{"floor":52.0,"key":"Strawberry"},{"floor":60.0,"key":"Tiny Chest"},{"floor":69.0,"key":"hubris:PeanutButter"}],"event_choices":[],"is_beta":false,"boss_relics":[{"not_picked":["REME_DuelDisc","Snecko Eye"],"picked":"REME_LowDesire"},{"not_picked":["hubris:TerracottaHorce","hubris:VirtuousBlindfold","Fusion Hammer"]},{"not_picked":["Busted Crown","REME_ChargedStone"],"picked":"hubris:HollowSoul"},{"not_picked":["Hololive_Finger","Cursed Key","Calling Bell"]}],"items_purged_floors":[3,3,3,3,3,3,3,3,3,3,73],"is_endless":true,"potions_floor_spawned":[1,11,18,31,46,50,52,62,67,69,75],"killed_by":"Hallownest:eliteSoulWarrior","ascension_level":0}}