{"host":"cjhtzh7tp54jdfyv","time":1610911722,"event":{"mods":["AchievementEnabler","BaseMod","Colored Map","Colored Powertips","Curses Come First","DeckTracker","Filter the Spire","Minty Spire (QoL Compilation)","RNG Fix","Relic Sorter","Relic Stats","StSLib","UnlockEverythingMod","ojb\u0027s Better Paths Mod","ojb\u0027s Info Mod"],"gold_per_floor":[110,120,120,120,136,161,181,181,255,288,288,321,340,102,102,174,174,193,213,227,227,5,5,19,49,49,77,77,77,92,120,120,199,199,211,259,279,279,295,329,339,369,423,448,242,277,277,248,248,248,248,248,248,79,104,104],"floor_reached":57,"language":"ENG","playtime":4378,"items_purged":["Strike_P","SignatureMove+1","Strike_P+1"],"score":3696,"play_id":"171254cb-cc43-4296-a9d5-e72a4598d752","local_time":"20210117142842","is_ascension_mode":true,"campfire_choices":[{"data":"Eruption","floor":8.0,"key":"SMITH"},{"data":"Adaptation","floor":11.0,"key":"SMITH"},{"data":"Tantrum","floor":15.0,"key":"SMITH"},{"data":"Scrawl","floor":23.0,"key":"SMITH"},{"data":"Vigilance","floor":28.0,"key":"SMITH"},{"floor":32.0,"key":"RECALL"},{"data":"Madness","floor":49.0,"key":"SMITH"},{"data":"Master of Strategy","floor":53.0,"key":"SMITH"}],"circlet_count":0,"master_deck":["AscendersBane","Eruption+1","Vigilance+1","DeceiveReality+1","Sanctity+1","Tantrum+1","Adaptation+1","Adaptation+1","Scrawl+1","Master of Strategy+1","Master of Strategy","Madness+1"],"relics":["Astrolabe","Happy Flower","Sundial","Pen Nib","Ornamental Fan","Du-Vu Doll","DollysMirror","VioletLotus","Membership Card","Bottled Tornado","White Beast Statue","Smiling Mask","Empty Cage","Pocketwatch","Darkstone Periapt","Whetstone","Ancient Tea Set","Bag of Preparation","TheAbacus","Toy Ornithopter","HornCleat"],"acts_visited":["Exordium","TheCity","TheBeyond","TheEnding"],"potions_floor_usage":[56],"damage_taken":[{"damage":4.0,"enemies":"2 Louse","floor":1.0,"turns":3.0},{"damage":1.0,"enemies":"Small Slimes","floor":2.0,"turns":4.0},{"damage":4.0,"enemies":"Jaw Worm","floor":5.0,"turns":4.0},{"damage":36.0,"enemies":"Gremlin Nob","floor":6.0,"turns":4.0},{"damage":5.0,"enemies":"Blue Slaver","floor":7.0,"turns":4.0},{"damage":0.0,"enemies":"Lagavulin","floor":10.0,"turns":6.0},{"damage":0.0,"enemies":"Gremlin Nob","floor":12.0,"turns":3.0},{"damage":0.0,"enemies":"Large Slime","floor":13.0,"turns":2.0},{"damage":2.0,"enemies":"The Guardian","floor":16.0,"turns":4.0},{"damage":0.0,"enemies":"Spheric Guardian","floor":18.0,"turns":2.0},{"damage":0.0,"enemies":"Shell Parasite","floor":19.0,"turns":1.0},{"damage":0.0,"enemies":"Chosen and Byrds","floor":20.0,"turns":3.0},{"damage":0.0,"enemies":"3 Cultists","floor":24.0,"turns":2.0},{"damage":7.0,"enemies":"Slavers","floor":25.0,"turns":3.0},{"damage":0.0,"enemies":"Gremlin Leader","floor":27.0,"turns":3.0},{"damage":0.0,"enemies":"Centurion and Healer","floor":30.0,"turns":3.0},{"damage":0.0,"enemies":"Book of Stabbing","floor":31.0,"turns":3.0},{"damage":0.0,"enemies":"Champ","floor":33.0,"turns":3.0},{"damage":0.0,"enemies":"3 Shapes","floor":35.0,"turns":3.0},{"damage":0.0,"enemies":"2 Orb Walkers","floor":36.0,"turns":3.0},{"damage":0.0,"enemies":"Orb Walker","floor":37.0,"turns":3.0},{"damage":0.0,"enemies":"Jaw Worm Horde","floor":39.0,"turns":3.0},{"damage":0.0,"enemies":"Giant Head","floor":40.0,"turns":3.0},{"damage":0.0,"enemies":"Writhing Mass","floor":41.0,"turns":3.0},{"damage":0.0,"enemies":"Reptomancer","floor":42.0,"turns":3.0},{"damage":0.0,"enemies":"Giant Head","floor":44.0,"turns":3.0},{"damage":0.0,"enemies":"Reptomancer","floor":46.0,"turns":3.0},{"damage":0.0,"enemies":"Donu and Deca","floor":50.0,"turns":3.0},{"damage":0.0,"enemies":"Awakened One","floor":51.0,"turns":3.0},{"damage":0.0,"enemies":"Shield and Spear","floor":55.0,"turns":3.0},{"damage":0,"enemies":"The Heart","floor":56,"turns":4}],"seed_played":"5474991541983169271","potions_obtained":[{"floor":2.0,"key":"PowerPotion"},{"floor":10.0,"key":"StancePotion"},{"floor":13.0,"key":"PowerPotion"},{"floor":16.0,"key":"Swift Potion"},{"floor":27.0,"key":"Explosive Potion"},{"floor":30.0,"key":"Swift Potion"},{"floor":31.0,"key":"ColorlessPotion"},{"floor":35.0,"key":"Ancient Potion"},{"floor":36.0,"key":"CultistPotion"},{"floor":39.0,"key":"BottledMiracle"},{"floor":42.0,"key":"Fruit Juice"},{"floor":44.0,"key":"AttackPotion"},{"floor":46.0,"key":"Fruit Juice"},{"floor":55.0,"key":"DistilledChaos"}],"is_trial":false,"path_per_floor":["M","M","?","?","M","E","M","R","T","E","R","E","M","$","R","B",null,"M","M","M","?","$","R","M","E","T","E","R","?","M","E","R","B",null,"M","?","M","?","M","E","M","E","T","E","$","E","?","$","R","B","B",null,"R","$","E","B",null],"character_chosen":"WATCHER","items_purchased":["DollysMirror","Membership Card","Master of Strategy","Madness","SteroidPotion","TheAbacus","Toy Ornithopter"],"campfire_rested":0,"item_purchase_floors":[14,22,45,45,48,54,54],"current_hp_per_floor":[57,56,68,68,64,28,23,23,23,23,23,23,23,23,23,21,56,56,56,56,56,56,56,56,49,49,49,49,49,49,49,49,49,63,63,63,63,53,53,53,53,53,53,58,58,58,58,63,63,63,63,74,74,74,74,78],"gold":104,"neow_bonus":"BOSS_RELIC","is_daily":false,"chose_seed":false,"campfire_upgraded":7,"win_rate":0.0,"timestamp":1610911722,"path_taken":["M","M","?","?","M","E","M","R","T","E","R","E","?","$","R","BOSS","M","M","M","?","$","R","?","E","T","E","R","?","M","E","R","BOSS","M","?","M","?","M","E","M","E","T","E","?","E","?","$","R","BOSS","BOSS","R","$","E","BOSS"],"items_purchased_type":["Relic","Relic","Card","Card","Potion","Relic","Relic"],"build_version":"2020-12-22","purchased_purges":3,"victory":true,"max_hp_per_floor":[68,68,68,68,68,68,68,68,68,68,68,68,68,68,68,68,68,68,68,68,68,68,68,68,68,68,68,68,68,68,68,68,68,68,68,68,68,68,68,68,68,68,68,73,73,73,73,78,78,78,78,78,78,78,78,78],"relic_stats":{"Darkstone Periapt":0,"Happy Flower":[24],"counters":[31,97],"Astrolabe":["DeceiveReality","SignatureMove","Sanctity"],"Pen Nib":[32],"Bag of Preparation":[8],"Whetstone":["Strike_P"],"Smiling Mask":13,"TheAbacus":[432],"Sundial":[420],"Ornamental Fan":[452],"VioletLotus":[265],"obtain_stats":[{"Darkstone Periapt":40,"Happy Flower":10,"Astrolabe":0,"Pen Nib":25,"Bag of Preparation":46,"Whetstone":42,"Bottled Tornado":26,"Smiling Mask":31,"Empty Cage":34,"Ancient Tea Set":44,"White Beast Statue":27,"Du-Vu Doll":12,"TheAbacus":54,"HornCleat":55,"Ornamental Fan":6,"Sundial":9,"DollysMirror":14,"VioletLotus":17,"Membership Card":22,"PureWater":0,"Toy Ornithopter":54,"Pocketwatch":36},{"Darkstone Periapt":23,"Happy Flower":6,"Astrolabe":0,"Pen Nib":14,"Bag of Preparation":27,"Whetstone":25,"Bottled Tornado":14,"Smiling Mask":17,"Empty Cage":18,"Ancient Tea Set":26,"White Beast Statue":15,"Du-Vu Doll":7,"TheAbacus":29,"HornCleat":30,"Ornamental Fan":4,"Sundial":5,"DollysMirror":8,"VioletLotus":9,"Membership Card":12,"PureWater":0,"Toy Ornithopter":29,"Pocketwatch":20},{"Darkstone Periapt":72,"Happy Flower":25,"Astrolabe":0,"Pen Nib":45,"Bag of Preparation":84,"Whetstone":78,"Bottled Tornado":45,"Smiling Mask":54,"Empty Cage":57,"Ancient Tea Set":81,"White Beast Statue":48,"Du-Vu Doll":28,"TheAbacus":90,"HornCleat":93,"Ornamental Fan":15,"Sundial":19,"DollysMirror":30,"VioletLotus":34,"Membership Card":40,"PureWater":0,"Toy Ornithopter":90,"Pocketwatch":63}],"Toy Ornithopter":4,"Pocketwatch":[6]},"card_choices":[{"not_picked":["BowlingBash","ThirdEye"],"picked":"Tantrum","floor":1.0},{"not_picked":["Perseverance","Prostrate","EmptyFist"],"picked":"SKIP","floor":2.0},{"not_picked":["FollowUp","Evaluate","ClearTheMind"],"picked":"SKIP","floor":5.0},{"not_picked":["SandsOfTime","Consecrate"],"picked":"Adaptation","floor":6.0},{"not_picked":["Evaluate","ForeignInfluence","FlyingSleeves"],"picked":"SKIP","floor":7.0},{"not_picked":["Fasting2","SandsOfTime","Vengeance"],"picked":"SKIP","floor":10.0},{"not_picked":["BowlingBash","FlyingSleeves","Evaluate"],"picked":"SKIP","floor":12.0},{"not_picked":["Vengeance","SashWhip","PathToVictory"],"picked":"SKIP","floor":13.0},{"not_picked":["Judgement","Devotion"],"picked":"Scrawl","floor":16.0},{"not_picked":["FearNoEvil","Vengeance","Evaluate"],"picked":"SKIP","floor":18.0},{"not_picked":["EmptyFist","PathToVictory","EmptyBody"],"picked":"SKIP","floor":19.0},{"not_picked":["Crescendo","SashWhip","EmptyMind"],"picked":"SKIP","floor":20.0},{"not_picked":["Tantrum","FollowUp","Omniscience"],"picked":"SKIP","floor":24.0},{"not_picked":["Swivel","Halt","ThirdEye"],"picked":"SKIP","floor":25.0},{"not_picked":["Conclude","CutThroughFate","DevaForm"],"picked":"SKIP","floor":27.0},{"not_picked":["CutThroughFate","Study","FlurryOfBlows"],"picked":"SKIP","floor":30.0},{"not_picked":["Conclude","Ragnarok","EmptyMind"],"picked":"SKIP","floor":31.0},{"not_picked":["Conclude","Ragnarok","EmptyMind"],"picked":"SKIP","floor":31.0},{"not_picked":["Crescendo","Prostrate","TalkToTheHand"],"picked":"SKIP","floor":35.0},{"not_picked":["WheelKick","Halt+1","FlyingSleeves"],"picked":"SKIP","floor":37.0},{"not_picked":["Forethought","Swift Strike"],"picked":"Secret Weapon","floor":38.0},{"not_picked":["Swift Strike","Finesse"],"picked":"Master of Strategy","floor":38.0},{"not_picked":["Protect","ClearTheMind","Pray"],"picked":"SKIP","floor":39.0},{"not_picked":["WindmillStrike","Swivel","BowlingBash"],"picked":"SKIP","floor":40.0},{"not_picked":["Prostrate","EmptyFist+1","Conclude"],"picked":"SKIP","floor":41.0},{"not_picked":["Pray","CrushJoints","Halt+1"],"picked":"SKIP","floor":42.0},{"not_picked":["Meditate+1","CrushJoints","ClearTheMind"],"picked":"SKIP","floor":44.0},{"not_picked":["Fasting2","JustLucky","EmptyBody"],"picked":"SKIP","floor":46.0},{"not_picked":["EmptyFist","Weave+1","BattleHymn"],"picked":"SKIP","floor":55.0}],"player_experience":4574622,"relics_obtained":[{"floor":6.0,"key":"Ornamental Fan"},{"floor":9.0,"key":"Sundial"},{"floor":10.0,"key":"Happy Flower"},{"floor":12.0,"key":"Du-Vu Doll"},{"floor":25.0,"key":"Pen Nib"},{"floor":26.0,"key":"Bottled Tornado"},{"floor":27.0,"key":"White Beast Statue"},{"floor":31.0,"key":"Smiling Mask"},{"floor":36.0,"key":"Pocketwatch"},{"floor":40.0,"key":"Darkstone Periapt"},{"floor":42.0,"key":"Whetstone"},{"floor":44.0,"key":"Ancient Tea Set"},{"floor":46.0,"key":"Bag of Preparation"},{"floor":55.0,"key":"HornCleat"}],"event_choices":[{"damage_healed":12.0,"max_hp_gain":0.0,"max_hp_loss":0.0,"gold_gain":0.0,"event_name":"Wheel of Change","player_choice":"Full Heal","floor":3.0,"gold_loss":0.0,"damage_taken":0.0},{"cards_removed":["Defend_P"],"damage_healed":0.0,"max_hp_gain":0.0,"max_hp_loss":0.0,"gold_gain":0.0,"event_name":"Bonfire Elementals","player_choice":"Offered Basic","floor":4.0,"gold_loss":0.0,"damage_taken":0.0},{"damage_healed":0.0,"max_hp_gain":0.0,"max_hp_loss":0.0,"gold_gain":0.0,"event_name":"The Mausoleum","player_choice":"Ignored","floor":21.0,"gold_loss":0.0,"damage_taken":0.0},{"damage_healed":0.0,"max_hp_gain":0.0,"max_hp_loss":0.0,"gold_gain":0.0,"event_name":"Vampires","player_choice":"Ignored","floor":29.0,"gold_loss":0.0,"damage_taken":0.0},{"damage_healed":0.0,"max_hp_gain":0.0,"max_hp_loss":0.0,"gold_gain":0.0,"event_name":"Mysterious Sphere","player_choice":"Fight","floor":36.0,"gold_loss":0.0,"damage_taken":0.0},{"damage_healed":0.0,"max_hp_gain":0.0,"max_hp_loss":0.0,"gold_gain":0.0,"event_name":"SensoryStone","player_choice":"Memory 3","floor":38.0,"gold_loss":0.0,"damage_taken":10.0},{"cards_removed":["Secret Weapon"],"damage_healed":0.0,"max_hp_gain":0.0,"max_hp_loss":0.0,"gold_gain":0.0,"event_name":"Wheel of Change","player_choice":"Card Removal","floor":47.0,"gold_loss":0.0,"damage_taken":0.0}],"is_beta":false,"boss_relics":[{"not_picked":["Runic Dome","Cursed Key"],"picked":"VioletLotus"},{"not_picked":["Philosopher\u0027s Stone","Busted Crown"],"picked":"Empty Cage"}],"items_purged_floors":[14,22,45],"is_endless":false,"potions_floor_spawned":[2,10,13,16,18,27,30,31,33,35,36,37,39,40,41,42,44,46,55],"ascension_level":20}}