{"host":"c6u7e77myxvw4d0m","time":1610869925,"event":{"mods":["AchievementEnabler","BaseMod","Bestiary","Colored Map","Colored Powertips","Minty Spire (QoL Compilation)","Rare Cards Sparkle","Relic Stats","everything is the same but u backflip on backflip"],"gold_per_floor":[111,111,123,123,135,166,166,196,219,50,50,75,93,93,93,164,164,180,204,224,244,244,244],"floor_reached":22,"language":"ENG","playtime":1460,"items_purged":[],"score":367,"play_id":"abf63b8f-1363-4d39-8074-3c5ab1980ffd","local_time":"20210117095205","is_ascension_mode":true,"campfire_choices":[{"floor":7,"key":"REST"},{"floor":15,"key":"REST"}],"circlet_count":0,"master_deck":["AscendersBane","Strike_G+1","Strike_G","Strike_G","Strike_G","Defend_G","Defend_G","Defend_G","Defend_G+1","Defend_G","Survivor","Neutralize+1","Poisoned Stab","Eviscerate","Bane","Backstab","Acrobatics","Blade Dance","Dash","Quick Slash","Dodge and Roll","A Thousand Cuts","Escape Plan","Quick Slash+1","Slice+1"],"relics":["Ring of the Snake","Centennial Puzzle","Nunchaku","Tiny Chest","Sundial","Snecko Eye","Dream Catcher"],"acts_visited":["Exordium","TheCity"],"potions_floor_usage":[8,16,16],"damage_taken":[{"damage":1,"enemies":"2 Louse","floor":1,"turns":4},{"damage":3,"enemies":"Small Slimes","floor":3,"turns":5},{"damage":0,"enemies":"Cultist","floor":5,"turns":4},{"damage":37,"enemies":"Lagavulin","floor":6,"turns":7},{"damage":12,"enemies":"Gremlin Nob","floor":8,"turns":3},{"damage":7,"enemies":"3 Sentries","floor":12,"turns":7},{"damage":0,"enemies":"Blue Slaver","floor":13,"turns":3},{"damage":20,"enemies":"Hexaghost","floor":16,"turns":13},{"damage":9,"enemies":"2 Thieves","floor":18,"turns":4},{"damage":34,"enemies":"Shell Parasite","floor":20,"turns":5},{"damage":4,"enemies":"Centurion and Healer","floor":21,"turns":6},{"damage":9,"enemies":"Snecko","floor":22,"turns":3}],"seed_played":"-5064104370223693939","potions_obtained":[{"floor":6,"key":"Energy Potion"},{"floor":12,"key":"EssenceOfSteel"},{"floor":13,"key":"Weak Potion"},{"floor":18,"key":"Fire Potion"}],"is_trial":false,"path_per_floor":["M","?","M","?","M","E","R","E","T","$","?","E","M","?","R","B",null,"M","T","M","M","M"],"character_chosen":"THE_SILENT","items_purchased":["Blade Dance","Dash","Quick Slash"],"campfire_rested":2,"item_purchase_floors":[10,10,10],"current_hp_per_floor":[64,64,61,39,39,2,23,11,11,11,11,4,4,4,25,5,55,46,46,12,8,0,0],"gold":244,"neow_bonus":"TEN_PERCENT_HP_BONUS","is_daily":false,"chose_seed":false,"campfire_upgraded":0,"win_rate":0.0,"timestamp":1610869925,"path_taken":["M","?","M","?","M","E","R","E","T","$","?","E","?","?","R","BOSS","M","?","M","?","M"],"items_purchased_type":["Card","Card","Card"],"build_version":"2020-12-22","purchased_purges":0,"victory":false,"max_hp_per_floor":[72,72,72,72,72,72,72,72,72,72,72,72,72,72,72,72,72,72,72,72,72,72,72],"relic_stats":{"Centennial Puzzle":[18],"Nunchaku":[10],"Dream Catcher":0,"counters":[12,64],"Sundial":[6],"Snecko Eye":[39,30,37,49],"Tiny Chest":1,"obtain_stats":[{"Centennial Puzzle":6,"Nunchaku":8,"Dream Catcher":19,"Sundial":12,"Snecko Eye":17,"Tiny Chest":9,"Ring of the Snake":0},{"Centennial Puzzle":4,"Nunchaku":5,"Dream Catcher":9,"Sundial":6,"Snecko Eye":8,"Tiny Chest":5,"Ring of the Snake":0},{"Centennial Puzzle":20,"Nunchaku":23,"Dream Catcher":50,"Sundial":30,"Snecko Eye":46,"Tiny Chest":23,"Ring of the Snake":0}],"Ring of the Snake":[24]},"card_choices":[{"not_picked":["Blade Dance","Bane"],"picked":"Poisoned Stab","floor":1},{"not_picked":["Accuracy","Concentrate"],"picked":"Eviscerate","floor":3},{"not_picked":["Deflect","Bullet Time"],"picked":"Bane","floor":5},{"not_picked":["Flying Knee","Setup"],"picked":"Backstab","floor":6},{"not_picked":["Blur","Phantasmal Killer"],"picked":"Acrobatics","floor":8},{"not_picked":["Bane","Flechettes"],"picked":"Dodge and Roll","floor":12},{"not_picked":["All Out Attack","Quick Slash","Dagger Throw"],"picked":"SKIP","floor":13},{"not_picked":["All Out Attack","Quick Slash","Dagger Throw"],"picked":"SKIP","floor":13},{"not_picked":["Malaise","Night Terror"],"picked":"A Thousand Cuts","floor":16},{"not_picked":["Dodge and Roll","Dash"],"picked":"Escape Plan","floor":18},{"not_picked":["Blade Dance","Heel Hook"],"picked":"Quick Slash+1","floor":20},{"not_picked":["Dodge and Roll","Quick Slash"],"picked":"Slice+1","floor":21}],"player_experience":381749,"relics_obtained":[{"floor":6,"key":"Centennial Puzzle"},{"floor":8,"key":"Nunchaku"},{"floor":9,"key":"Tiny Chest"},{"floor":12,"key":"Sundial"},{"floor":19,"key":"Dream Catcher"}],"event_choices":[{"damage_healed":0,"gold_gain":0,"player_choice":"Grow","damage_taken":0,"max_hp_gain":0,"max_hp_loss":0,"event_name":"Living Wall","floor":2,"gold_loss":0,"cards_upgraded":["Neutralize"]},{"damage_healed":0,"gold_gain":0,"player_choice":"Entered Light","damage_taken":22,"max_hp_gain":0,"max_hp_loss":0,"event_name":"Shining Light","floor":4,"gold_loss":0,"cards_upgraded":["Defend_G","Strike_G"]},{"cards_removed":["Strike_G"],"damage_healed":0,"gold_gain":0,"player_choice":"Purged","damage_taken":0,"max_hp_gain":0,"max_hp_loss":0,"event_name":"Purifier","floor":11,"gold_loss":0},{"damage_healed":0,"gold_gain":0,"player_choice":"Fled","damage_taken":0,"max_hp_gain":0,"max_hp_loss":0,"event_name":"Scrap Ooze","floor":14,"gold_loss":0}],"is_beta":false,"boss_relics":[{"not_picked":["Velvet Choker","Runic Dome"],"picked":"Snecko Eye"}],"items_purged_floors":[],"is_endless":false,"potions_floor_spawned":[6,12,13,18],"killed_by":"Snecko","ascension_level":16}}