{"host":"ndpbn7fqb3wjbd7p","time":1610844874,"event":{"mods":["AchievementEnabler","Act Like it!","AlwaysNeverKeys","BaseMod","Better Vampires","Block Reminder","Colored Powertips","DeckTracker","Defuse TimeMaze Blight","Friendly Minions","Hallownest","Hermit","Highlight Path","MarisaÅiñ∂âJÅ@ñÇóùçπÅj","Minty Spire (QoL Compilation)","Permanent Neow","Shade Mod","StSLib","SuperFastMode","Synergy Search","The Mystic","Unceasing Turn Reminder","Wandering Minibosses","egg"],"gold_per_floor":[118,138,153,172,97,126,126,126,126,152,52,52,28,47,47,47,47],"floor_reached":16,"language":"ENG","playtime":1078,"items_purged":["Strike_G","Strike_G"],"score":174,"play_id":"d2114d2d-93f9-436e-9886-249b1fa874d6","local_time":"20210117015434","is_ascension_mode":true,"campfire_choices":[{"floor":7,"key":"REST"},{"data":"Flechettes","floor":15,"key":"SMITH"}],"circlet_count":0,"master_deck":["AscendersBane","Strike_G","Strike_G","Defend_G","Defend_G","Defend_G","Defend_G","Defend_G","Survivor","Neutralize","Master of Strategy","Flechettes+1","Expertise","Caltrops","Calculated Gamble","Backflip","Acrobatics","Footwork"],"relics":["Ring of the Snake","Pantograph","Strawberry","Bronze Scales"],"acts_visited":["Exordium"],"potions_floor_usage":[6,10,16],"damage_taken":[{"damage":0,"enemies":"2_ Uuma","floor":1,"turns":10},{"damage":5,"enemies":"Hallownest:2_Tiktiks_and_1_Crawlid","floor":3,"turns":4},{"damage":7,"enemies":"Hallownest:monsterHuskGuard","floor":4,"turns":5},{"damage":28,"enemies":"Hallownest:eliteCrystalGuardian","floor":6,"turns":10},{"damage":14,"enemies":"Hallownest:eliteVengeflyKing","floor":10,"turns":9},{"damage":4,"enemies":"Hallownest:Wandering_and_Horned","floor":14,"turns":6},{"damage":37,"enemies":"Hallownest:BossBrokenVessel","floor":16,"turns":10}],"seed_played":"-5320250343208135396","potions_obtained":[{"floor":4,"key":"PowerPotion"},{"floor":6,"key":"LiquidMemories"},{"floor":10,"key":"Weak Potion"}],"is_trial":false,"path_per_floor":["M","?","M","M","$","E","R","?","T","?","$","?","$","M","R","B"],"character_chosen":"THE_SILENT","items_purchased":["Acrobatics"],"campfire_rested":1,"item_purchase_floors":[13],"current_hp_per_floor":[44,44,39,32,32,4,23,23,30,16,16,16,16,12,12,0,0],"gold":47,"neow_bonus":"RANDOM_COLORLESS_2","is_daily":false,"chose_seed":false,"campfire_upgraded":1,"win_rate":0.0,"timestamp":1610844874,"path_taken":["M","?","M","M","$","E","R","?","T","?","$","?","$","?","R","BOSS"],"items_purchased_type":["Card"],"build_version":"2020-12-22","purchased_purges":2,"victory":false,"max_hp_per_floor":[66,66,66,66,66,66,66,66,73,73,73,73,73,73,73,73,73],"card_choices":[{"not_picked":["HandOfGreed","Transmutation"],"picked":"Master of Strategy","floor":0},{"not_picked":["Predator","Flying Knee"],"picked":"Flechettes","floor":1},{"not_picked":["Quick Slash","Dagger Throw"],"picked":"Expertise","floor":3},{"not_picked":["Sucker Punch","Bane"],"picked":"Caltrops","floor":4},{"not_picked":["Corpse Explosion","Dodge and Roll","Endless Agony"],"picked":"SKIP","floor":6},{"not_picked":["Sucker Punch","Deflect"],"picked":"Backflip","floor":10},{"not_picked":["Calculated Gamble","Deflect"],"picked":"Footwork","floor":14}],"player_experience":1140505,"relics_obtained":[{"floor":6,"key":"Pantograph"},{"floor":9,"key":"Strawberry"},{"floor":10,"key":"Bronze Scales"}],"event_choices":[],"is_beta":false,"boss_relics":[],"items_purged_floors":[5,11],"is_endless":false,"potions_floor_spawned":[4,6,10],"killed_by":"Hallownest:BossBrokenVessel","ascension_level":15}}