{"host":"684z1xpuwaoqmmh1","time":1610891944,"event":{"mods":["Bard","BaseMod","Downfall","Hermit","Jorbs\u0027s Wanderer Trilogy","Marisa????????","Minty Spire (QoL Compilation)","Robot Space Explorer","Shade Mod","StSLib","The Bug Knight","The Cursed","The Hayseed","The Hierophant","The Marked","The Mystic","The Runesmith","The Senshi","The Spell Scribe"],"gold_per_floor":[118,135,135,152,166,166,201,201,248,264,264,299,317,350,350,454,454,467,201,219,237,237,265,265,295,295,295,308,308,339,349,349,446,446,459,459,472,105,117,117,143,158,158,169,169,179,211,511,511,511,511,511,51,86,86,86],"floor_reached":55,"language":"ENG","playtime":4689,"items_purged":["RobotSpaceExplorer:Strike","RobotSpaceExplorer:Defend","RobotSpaceExplorer:Strike"],"score":1234,"play_id":"f66b2905-5cf3-4fb5-9b28-953a434a9159","local_time":"20210117155904","is_ascension_mode":true,"campfire_choices":[{"data":"RobotSpaceExplorer:MiniLasers","floor":6.0,"key":"SMITH"},{"floor":11.0,"key":"REST"},{"data":"RobotSpaceExplorer:MiniDrones","floor":15.0,"key":"SMITH"},{"floor":24,"key":"REST"},{"floor":29,"key":"REST"},{"data":"RobotSpaceExplorer:Accelerator","floor":32,"key":"SMITH"},{"floor":40,"key":"RECALL"},{"data":"RobotSpaceExplorer:Jetpack","floor":45,"key":"SMITH"},{"data":"RobotSpaceExplorer:TrailblazerForm","floor":49,"key":"SMITH"},{"floor":52,"key":"REST"}],"circlet_count":0,"master_deck":["RobotSpaceExplorer:Strike","RobotSpaceExplorer:Defend","RobotSpaceExplorer:Defend","RobotSpaceExplorer:Defend","RobotSpaceExplorer:Scan","RobotSpaceExplorer:MiniLasers+1","RobotSpaceExplorer:ToxicBomb+1","RobotSpaceExplorer:MiniDrones","RobotSpaceExplorer:MiniDrones+1","RobotSpaceExplorer:ScrapToss","RobotSpaceExplorer:Autoloader","RobotSpaceExplorer:GearShield","RobotSpaceExplorer:Smokescreen","RobotSpaceExplorer:MiniDrones","RobotSpaceExplorer:SurgingShield","RobotSpaceExplorer:Accelerator+1","RobotSpaceExplorer:FrostMissile+1","RobotSpaceExplorer:DualCore","RobotSpaceExplorer:StarLightning+1","RobotSpaceExplorer:FreezeRay","RobotSpaceExplorer:Ammunition+1","RobotSpaceExplorer:Jetpack+1","RobotSpaceExplorer:TrailblazerForm+1","RobotSpaceExplorer:Electroshield+1","RobotSpaceExplorer:DualCore","RobotSpaceExplorer:Pulsar+1","RobotSpaceExplorer:StarDust+1","RobotSpaceExplorer:Probe","RobotSpaceExplorer:StarLightning+1","RobotSpaceExplorer:Discharger","RobotSpaceExplorer:PlasmaMissile","Panache","RobotSpaceExplorer:PowerCollector+1"],"relics":["RobotSpaceExplorer:RoboCore","Runesmith:Nanobots","Potion Belt","Akabeko","Dream Catcher","sneckomod:SneckoTalon","Medical Kit","Bottled Tornado","hexamod:BolsterEngine","Guardian:PocketSentry","Philosopher\u0027s Stone","Membership Card","Sundial","theSenshi:FeatherClipsRelic","Mercury Hourglass","RobotSpaceExplorer:BottledGravity","Art of War","Frozen Eye","sneckomod:BlankCard"],"acts_visited":["Exordium","TheCity","TheBeyond","TheEnding"],"potions_floor_usage":[21,25,33,35,37,42,46,54,55,55,55],"damage_taken":[{"damage":2.0,"enemies":"Jaw Worm","floor":1.0,"turns":5.0},{"damage":1.0,"enemies":"Cultist","floor":2.0,"turns":3.0},{"damage":0.0,"enemies":"Small Slimes","floor":4.0,"turns":3.0},{"damage":3.0,"enemies":"Red Slaver","floor":5.0,"turns":4.0},{"damage":24.0,"enemies":"Lagavulin","floor":7.0,"turns":7.0},{"damage":16.0,"enemies":"Exordium Thugs","floor":10.0,"turns":5.0},{"damage":0.0,"enemies":"3 Sentries","floor":12.0,"turns":4.0},{"damage":0.0,"enemies":"Large Slime","floor":13.0,"turns":5.0},{"damage":18.0,"enemies":"Lagavulin","floor":14.0,"turns":10.0},{"damage":7.0,"enemies":"Hexaghost","floor":16.0,"turns":11.0},{"damage":13.0,"enemies":"Spheric Guardian","floor":18.0,"turns":4.0},{"damage":1,"enemies":"2 Thieves","floor":20,"turns":4},{"damage":8,"enemies":"Shelled Parasite and Fungi","floor":21,"turns":7},{"damage":23,"enemies":"Gremlin Leader","floor":23,"turns":7},{"damage":12,"enemies":"Book of Stabbing","floor":25,"turns":5},{"damage":0,"enemies":"Snecko","floor":28,"turns":6},{"damage":0,"enemies":"Gremlin Leader","floor":30,"turns":6},{"damage":1,"enemies":"Sentry and Sphere","floor":31,"turns":3},{"damage":13,"enemies":"Champ","floor":33,"turns":9},{"damage":0,"enemies":"Orb Walker","floor":35,"turns":3},{"damage":0,"enemies":"3 Shapes","floor":37,"turns":5},{"damage":0,"enemies":"Maw","floor":39,"turns":8},{"damage":1,"enemies":"Giant Head","floor":41,"turns":9},{"damage":16,"enemies":"Spire Growth","floor":42,"turns":5},{"damage":0,"enemies":"Jaw Worm Horde","floor":44,"turns":3},{"damage":20,"enemies":"Writhing Mass","floor":46,"turns":6},{"damage":0,"enemies":"Nemesis","floor":47,"turns":7},{"damage":44,"enemies":"Time Eater","floor":50,"turns":9},{"damage":17,"enemies":"Shield and Spear","floor":54,"turns":6},{"damage":72,"enemies":"The Heart","floor":55,"turns":3}],"seed_played":"-6861830851338213963","potions_obtained":[{"floor":0.0,"key":"Energy Potion"},{"floor":0.0,"key":"SkillPotion"},{"floor":0.0,"key":"Weak Potion"},{"floor":2.0,"key":"Weak Potion"},{"floor":4.0,"key":"champ:CounterPotion"},{"floor":10.0,"key":"Swift Potion"},{"floor":12.0,"key":"Fruit Juice"},{"floor":16.0,"key":"RobotSpaceExplorer:RecyclePotion"},{"floor":18,"key":"hexamod:SoulburnPotion"},{"floor":25,"key":"Weak Potion"},{"floor":30,"key":"Energy Potion"},{"floor":31,"key":"Swift Potion"},{"floor":33,"key":"ColorlessPotion"},{"floor":35,"key":"Dexterity Potion"},{"floor":37,"key":"RobotSpaceExplorer:RecyclePotion"}],"is_trial":false,"path_per_floor":["M","M","?","M","M","R","E","?","T","M","R","E","M","E","R","B",null,"M","$","M","M","$","E","R","E","T","?","M","R","E","M","R","B",null,"M","?","M","$","M","R","E","M","T","M","R","M","E","?","R","B",null,"R","$","E","B"],"character_chosen":"RobotSpaceExplorer","items_purchased":["RobotSpaceExplorer:DualCore","Medical Kit","Membership Card","Sundial","RobotSpaceExplorer:DualCore","Art of War","RobotSpaceExplorer:Discharger","RobotSpaceExplorer:PlasmaMissile","PowerPotion","Frozen Eye","Ancient Potion","ColorlessPotion","Panache"],"campfire_rested":4,"item_purchase_floors":[19,19,38,38,38,53,53,53,53,53,53,53,53],"current_hp_per_floor":[66,65,65,65,62,62,38,38,38,22,44,44,44,26,26,19,61,48,48,47,39,39,16,38,26,26,26,26,48,48,47,47,34,65,70,70,70,70,70,70,69,59,59,65,65,51,57,57,57,19,65,80,80,69,0,0],"gold":86,"neow_bonus":"THREE_SMALL_POTIONS","is_daily":false,"chose_seed":false,"campfire_upgraded":5,"win_rate":0.0,"timestamp":1610891944,"path_taken":["M","M","?","M","?","R","E","?","T","M","R","E","M","E","R","BOSS","M","$","M","M","$","E","R","E","T","?","M","R","E","M","R","BOSS","M","?","?","$","M","R","E","M","T","M","R","M","E","?","R","BOSS","R","$","E","BOSS"],"items_purchased_type":["Card","Relic","Relic","Relic","Card","Relic","Card","Card","Potion","Relic","Potion","Potion","Card"],"build_version":"2020-12-22","purchased_purges":3,"victory":false,"max_hp_per_floor":[75,75,75,75,75,75,75,75,75,75,75,75,75,75,75,75,75,75,75,75,75,75,75,75,75,75,75,75,75,75,75,75,75,75,80,80,80,80,80,80,80,80,80,80,80,80,80,80,80,80,80,80,80,80,80,80],"card_choices":[{"not_picked":["RobotSpaceExplorer:GlueSpray","RobotSpaceExplorer:SurgingShield"],"picked":"RobotSpaceExplorer:ToxicBomb","floor":1.0},{"not_picked":["RobotSpaceExplorer:ImprovisedAttack","RobotSpaceExplorer:SelfCleaning"],"picked":"RobotSpaceExplorer:MiniDrones","floor":2.0},{"not_picked":["RobotSpaceExplorer:FrostMissile","RobotSpaceExplorer:Discharger"],"picked":"RobotSpaceExplorer:MiniDrones","floor":4.0},{"not_picked":["RobotSpaceExplorer:SurgingStrike","RobotSpaceExplorer:StunGrenade"],"picked":"RobotSpaceExplorer:ScrapToss","floor":5.0},{"not_picked":["RobotSpaceExplorer:DoubleBlock","RobotSpaceExplorer:MiniDrones"],"picked":"RobotSpaceExplorer:Autoloader","floor":7.0},{"not_picked":["RobotSpaceExplorer:ImprovisedAttack","RobotSpaceExplorer:ShovelStrike"],"picked":"RobotSpaceExplorer:GearShield","floor":10.0},{"not_picked":["RobotSpaceExplorer:SurgingStrike","RobotSpaceExplorer:Pulsar"],"picked":"RobotSpaceExplorer:Smokescreen","floor":12.0},{"not_picked":["RobotSpaceExplorer:SurgingStrike","RobotSpaceExplorer:FranticSearch"],"picked":"RobotSpaceExplorer:MiniDrones","floor":13.0},{"not_picked":["RobotSpaceExplorer:LaserBurst","RobotSpaceExplorer:SlimeMissile"],"picked":"RobotSpaceExplorer:SurgingShield","floor":14.0},{"not_picked":["RobotSpaceExplorer:Blaster","RobotSpaceExplorer:ShockMissile"],"picked":"RobotSpaceExplorer:Accelerator","floor":16.0},{"not_picked":["RobotSpaceExplorer:SwiftStep","RobotSpaceExplorer:Counterblock+1"],"picked":"RobotSpaceExplorer:FrostMissile+1","floor":18},{"not_picked":["RobotSpaceExplorer:StunGrenade","RobotSpaceExplorer:GlueShot","RobotSpaceExplorer:Smokescreen"],"picked":"SKIP","floor":20},{"not_picked":["RobotSpaceExplorer:Calculate","RobotSpaceExplorer:MakeshiftVolley","RobotSpaceExplorer:ShovelStrike"],"picked":"SKIP","floor":21},{"not_picked":["RobotSpaceExplorer:ShovelStrike","RobotSpaceExplorer:RigExplosive"],"picked":"RobotSpaceExplorer:StarLightning+1","floor":23},{"not_picked":["RobotSpaceExplorer:ShovelStrike","RobotSpaceExplorer:Counterblock","RobotSpaceExplorer:MakeshiftVolley"],"picked":"SKIP","floor":25},{"not_picked":["RobotSpaceExplorer:SwiftStep","RobotSpaceExplorer:Pulsar"],"picked":"RobotSpaceExplorer:FreezeRay","floor":28},{"not_picked":["RobotSpaceExplorer:Blitz+1","RobotSpaceExplorer:MiniDrones+1"],"picked":"RobotSpaceExplorer:Ammunition+1","floor":29},{"not_picked":["RobotSpaceExplorer:Ammunition","RobotSpaceExplorer:Calculate"],"picked":"RobotSpaceExplorer:Jetpack","floor":30},{"not_picked":["RobotSpaceExplorer:Electropulse+1","RobotSpaceExplorer:ToxicBomb","RobotSpaceExplorer:ImprovisedAttack"],"picked":"SKIP","floor":31},{"not_picked":["RobotSpaceExplorer:HighVoltage","RobotSpaceExplorer:Wormhole"],"picked":"RobotSpaceExplorer:TrailblazerForm","floor":33},{"not_picked":["RobotSpaceExplorer:MakeshiftVolley","RobotSpaceExplorer:Counterblock+1","RobotSpaceExplorer:Ammunition"],"picked":"SKIP","floor":35},{"not_picked":["RobotSpaceExplorer:FreezeRay","RobotSpaceExplorer:GlueShot+1"],"picked":"RobotSpaceExplorer:Electroshield+1","floor":37},{"not_picked":["RobotSpaceExplorer:SurgingStrike","RobotSpaceExplorer:Counterblock"],"picked":"RobotSpaceExplorer:Pulsar+1","floor":39},{"not_picked":["RobotSpaceExplorer:FrostMissile","RobotSpaceExplorer:PlasmaMissile"],"picked":"RobotSpaceExplorer:StarDust+1","floor":41},{"not_picked":["RobotSpaceExplorer:StarDust+1","RobotSpaceExplorer:Ammunition"],"picked":"RobotSpaceExplorer:Probe","floor":42},{"not_picked":["RobotSpaceExplorer:FrostMissile","RobotSpaceExplorer:FreezeRay","RobotSpaceExplorer:Smokescreen+1"],"picked":"SKIP","floor":44},{"not_picked":["RobotSpaceExplorer:GlueShot","RobotSpaceExplorer:Pulsar","RobotSpaceExplorer:LaserBurst"],"picked":"SKIP","floor":46},{"not_picked":["RobotSpaceExplorer:ShockKick+1","RobotSpaceExplorer:Scanner"],"picked":"RobotSpaceExplorer:StarLightning+1","floor":47},{"not_picked":["RobotSpaceExplorer:Ammunition","RobotSpaceExplorer:GlueSpray+1"],"picked":"RobotSpaceExplorer:PowerCollector+1","floor":54}],"player_experience":2853088,"relics_obtained":[{"floor":7.0,"key":"Runesmith:Nanobots"},{"floor":9.0,"key":"Potion Belt"},{"floor":12.0,"key":"Akabeko"},{"floor":14.0,"key":"Dream Catcher"},{"floor":23,"key":"Bottled Tornado"},{"floor":25,"key":"hexamod:BolsterEngine"},{"floor":30,"key":"Guardian:PocketSentry"},{"floor":41,"key":"theSenshi:FeatherClipsRelic"},{"floor":43,"key":"Mercury Hourglass"},{"floor":47,"key":"RobotSpaceExplorer:BottledGravity"},{"floor":54,"key":"sneckomod:BlankCard"}],"event_choices":[{"damage_healed":0.0,"max_hp_gain":0.0,"max_hp_loss":0.0,"gold_gain":0.0,"event_name":"Upgrade Shrine","player_choice":"Upgraded","floor":3.0,"gold_loss":0.0,"damage_taken":0.0,"cards_upgraded":["RobotSpaceExplorer:ToxicBomb"]},{"damage_healed":0.0,"max_hp_gain":0.0,"max_hp_loss":0.0,"gold_gain":0.0,"event_name":"Shining Light","player_choice":"Ignored","floor":8.0,"gold_loss":0.0,"damage_taken":0.0},{"damage_healed":0,"gold_gain":0,"player_choice":"Ignored","damage_taken":0,"max_hp_gain":0,"max_hp_loss":0,"event_name":"Ghosts","floor":27,"gold_loss":0},{"cards_removed":["RobotSpaceExplorer:Strike"],"damage_healed":0,"gold_gain":0,"player_choice":"Offered Basic","damage_taken":0,"max_hp_gain":0,"max_hp_loss":0,"event_name":"Bonfire Elementals","floor":36,"gold_loss":0},{"damage_healed":0,"gold_gain":300,"player_choice":"Gold","damage_taken":0,"max_hp_gain":0,"max_hp_loss":0,"event_name":"Wheel of Change","floor":48,"gold_loss":0}],"is_beta":false,"boss_relics":[{"not_picked":["RobotSpaceExplorer:TurboCore","theSenshi:MoonKaleidoScopeRelic"],"picked":"sneckomod:SneckoTalon"},{"not_picked":["Runesmith:UraniumAnvil","Calling Bell"],"picked":"Philosopher\u0027s Stone"}],"items_purged_floors":[19,38,53],"is_endless":false,"potions_floor_spawned":[2,4,10,12,16,18,25,30,31,33,35,37,41],"killed_by":"The Heart","ascension_level":9}}