{"host":"ml2ro5l6hu6y0pll","time":1610917203,"event":{"mods":["AchievementEnabler","BaseMod","Colored Map","Colored Powertips","Custom Start","Googly Eyes","Minty Spire (QoL Compilation)","Quick Restart","Rare Cards Sparkle","Relic Stats","StSLib","everything is the same but u backflip on backflip"],"gold_per_floor":[112,126,142,25,25,60,85,123,169,169,204,241,107,142,142,217,217,243,158,172,109,124,153,153,193,193,228,67,67,101,130,142,237,294,321,344,274,287,303,332,365,397,397,425,425,186,186,211,211,211,211,211,211,8,50,50],"floor_reached":57,"language":"ENG","playtime":1962,"items_purged":["Strike_R+1","Strike_R+1","Strike_R+1","Strike_R+1"],"score":3905,"play_id":"597232c4-4004-4d6b-add7-dc93142326cd","local_time":"20210117210003","daily_mods":["Flight","DeadlyEvents"],"is_ascension_mode":true,"campfire_choices":[{"data":"Heavy Blade","floor":10.0,"key":"SMITH"},{"data":"Uppercut","floor":15.0,"key":"SMITH"},{"data":"Impervious","floor":24.0,"key":"SMITH"},{"data":"Fiend Fire","floor":29.0,"key":"SMITH"},{"data":"Feel No Pain","floor":32,"key":"SMITH"},{"floor":45,"key":"RECALL"},{"data":"Immolate","floor":47,"key":"SMITH"},{"data":"Fiend Fire","floor":49,"key":"SMITH"},{"floor":53,"key":"REST"}],"circlet_count":0,"master_deck":["DevaForm+1","Wraith Form v2+1","Bash+1","Demon Form+1","Echo Form+1","Sword Boomerang","Heavy Blade+1","Echo Form+1","Impervious+1","Fiend Fire+1","Feel No Pain+1","Uppercut+1","Shockwave+1","Heavy Blade+1","Dark Embrace","Immolate+1","Fiend Fire+1","Feel No Pain","Rage+1","Power Through+1","Shrug It Off","Barricade"],"relics":["Burning Blood","Membership Card","Snecko Eye","DollysMirror","Bag of Preparation","Letter Opener","CeramicFish","Mummified Hand","Regal Pillow","Chemical X","Boot","Philosopher\u0027s Stone","Mercury Hourglass","Paper Frog","Pen Nib","Bottled Lightning","Akabeko","Lantern","Singing Bowl","MawBank","Pandora\u0027s Box","Strawberry","Art of War","The Courier","Red Skull","War Paint","Torii","Molten Egg 2","Bronze Scales","Orrery","Bottled Tornado","Bag of Marbles","Mango","Happy Flower"],"acts_visited":["Exordium","TheCity","TheBeyond","TheEnding"],"potions_floor_usage":[38,42,56,56],"damage_taken":[{"damage":4.0,"enemies":"Jaw Worm","floor":1.0,"turns":3.0},{"damage":6.0,"enemies":"2 Louse","floor":2.0,"turns":3.0},{"damage":0.0,"enemies":"Small Slimes","floor":3.0,"turns":2.0},{"damage":0.0,"enemies":"Lagavulin","floor":6.0,"turns":4.0},{"damage":14.0,"enemies":"3 Sentries","floor":7.0,"turns":4.0},{"damage":0.0,"enemies":"Lagavulin","floor":8.0,"turns":4.0},{"damage":1.0,"enemies":"Gremlin Nob","floor":11.0,"turns":3.0},{"damage":0.0,"enemies":"Lagavulin","floor":12.0,"turns":4.0},{"damage":12.0,"enemies":"3 Sentries","floor":14.0,"turns":5.0},{"damage":0.0,"enemies":"Slime Boss","floor":16.0,"turns":3.0},{"damage":1.0,"enemies":"Spheric Guardian","floor":18.0,"turns":3.0},{"damage":1.0,"enemies":"Chosen","floor":20.0,"turns":3.0},{"damage":0.0,"enemies":"Centurion and Healer","floor":22.0,"turns":3.0},{"damage":0.0,"enemies":"Slavers","floor":23.0,"turns":2.0},{"damage":2.0,"enemies":"Book of Stabbing","floor":25.0,"turns":3.0},{"damage":7.0,"enemies":"Slavers","floor":27.0,"turns":3.0},{"damage":4.0,"enemies":"Book of Stabbing","floor":30.0,"turns":3.0},{"damage":0,"enemies":"Gremlin Leader","floor":31,"turns":1},{"damage":0,"enemies":"Champ","floor":33,"turns":4},{"damage":0,"enemies":"Orb Walker","floor":35,"turns":1},{"damage":0,"enemies":"3 Shapes","floor":36,"turns":2},{"damage":6,"enemies":"Writhing Mass","floor":38,"turns":4},{"damage":0,"enemies":"Sphere and 2 Shapes","floor":39,"turns":3},{"damage":0,"enemies":"Nemesis","floor":40,"turns":3},{"damage":0,"enemies":"Giant Head","floor":41,"turns":3},{"damage":0,"enemies":"Nemesis","floor":42,"turns":3},{"damage":0,"enemies":"Giant Head","floor":44,"turns":4},{"damage":0,"enemies":"Reptomancer","floor":48,"turns":2},{"damage":20,"enemies":"Time Eater","floor":50,"turns":4},{"damage":36,"enemies":"Awakened One","floor":51,"turns":5},{"damage":1,"enemies":"Shield and Spear","floor":55,"turns":4},{"damage":35,"enemies":"The Heart","floor":56,"turns":6}],"seed_played":"-5299824246108640274","potions_obtained":[{"floor":2.0,"key":"ColorlessPotion"},{"floor":6.0,"key":"BlessingOfTheForge"},{"floor":7.0,"key":"Block Potion"},{"floor":8.0,"key":"BloodPotion"},{"floor":31,"key":"Energy Potion"},{"floor":38,"key":"EssenceOfSteel"},{"floor":40,"key":"DistilledChaos"},{"floor":41,"key":"DuplicationPotion"},{"floor":55,"key":"PowerPotion"}],"is_trial":true,"path_per_floor":["M","M","M","$","?","E","E","E","T","R","E","E","$","E","R","B",null,"M","?","M","$","M","E","R","E","T","E","$","R","E","E","R","B",null,"M","M","$","M","M","E","E","E","T","E","R","$","R","E","R","B","B",null,"R","$","E","B",null],"character_chosen":"IRONCLAD","items_purchased":["DollysMirror","Chemical X","Lantern","Strawberry","Molten Egg 2","Bronze Scales","Orrery","Bag of Marbles","Mango"],"campfire_rested":1,"item_purchase_floors":[4,13,28,37,46,46,46,54,54],"current_hp_per_floor":[70,70,75,75,80,80,72,78,78,78,80,80,80,74,74,80,80,80,80,80,80,80,80,80,80,80,79,79,79,82,84,84,84,84,86,88,95,97,99,101,103,105,105,107,107,117,117,119,119,105,75,108,119,133,133,104],"gold":50,"neow_bonus":"","is_daily":false,"chose_seed":false,"campfire_upgraded":7,"win_rate":0.0,"timestamp":1610917203,"path_taken":["M","M","M","$","?","E","E","E","T","R","E","E","$","E","R","BOSS","M","?","M","$","M","E","R","E","T","E","$","R","E","E","R","BOSS","M","M","$","M","M","E","E","E","T","E","R","$","R","E","R","BOSS","BOSS","R","$","E","BOSS"],"items_purchased_type":["Relic","Relic","Relic","Relic","Relic","Relic","Relic","Relic","Relic"],"build_version":"2020-12-22","purchased_purges":4,"victory":true,"max_hp_per_floor":[75,75,75,75,80,80,80,80,80,80,80,80,80,80,80,80,80,80,80,80,80,80,80,80,80,80,80,80,80,82,84,84,84,84,86,88,95,97,99,101,103,105,105,107,107,117,117,119,119,119,119,119,119,133,133,133],"relic_stats":{"Regal Pillow":0,"Singing Bowl":32,"Torii":14,"Happy Flower":[2],"counters":[32,104],"CeramicFish":117,"Pen Nib":[11],"Bag of Preparation":[56],"Letter Opener":[70],"War Paint":["Power Through","Rage"],"Boot":[36],"MawBank":72,"Burning Blood":84,"Mercury Hourglass":[269],"Mummified Hand":[301],"Bronze Scales":[142],"Snecko Eye":[175,208,198,196],"Pandora\u0027s Box":["Fiend Fire","Feel No Pain","Rage","Power Through","Shrug It Off"],"Art of War":[2],"Chemical X":[1],"obtain_stats":[{"Regal Pillow":12,"Lantern":28,"Singing Bowl":30,"Torii":44,"CeramicFish":8,"Mango":54,"Bag of Preparation":6,"Bottled Tornado":48,"Boot":14,"Burning Blood":0,"DollysMirror":4,"Mummified Hand":11,"Strawberry":37,"Philosopher\u0027s Stone":17,"Chemical X":13,"Red Skull":42,"Paper Frog":23,"Happy Flower":55,"Pen Nib":25,"The Courier":41,"Letter Opener":7,"War Paint":43,"MawBank":31,"Akabeko":27,"Mercury Hourglass":19,"Bronze Scales":46,"Snecko Eye":0,"Orrery":46,"Pandora\u0027s Box":34,"Molten Egg 2":46,"Art of War":40,"Bag of Marbles":54,"Membership Card":0,"Bottled Lightning":26},{"Regal Pillow":8,"Lantern":16,"Singing Bowl":17,"Torii":27,"CeramicFish":6,"Mango":30,"Bag of Preparation":4,"Bottled Tornado":28,"Boot":9,"Burning Blood":0,"DollysMirror":3,"Mummified Hand":7,"Strawberry":21,"Philosopher\u0027s Stone":10,"Chemical X":8,"Red Skull":26,"Paper Frog":14,"Happy Flower":31,"Pen Nib":15,"The Courier":25,"Letter Opener":5,"War Paint":26,"MawBank":18,"Akabeko":16,"Mercury Hourglass":11,"Bronze Scales":27,"Snecko Eye":0,"Orrery":27,"Pandora\u0027s Box":19,"Molten Egg 2":27,"Art of War":24,"Bag of Marbles":30,"Membership Card":0,"Bottled Lightning":15},{"Regal Pillow":27,"Lantern":52,"Singing Bowl":55,"Torii":83,"CeramicFish":20,"Mango":94,"Bag of Preparation":12,"Bottled Tornado":85,"Boot":32,"Burning Blood":0,"DollysMirror":8,"Mummified Hand":23,"Strawberry":63,"Philosopher\u0027s Stone":35,"Chemical X":27,"Red Skull":79,"Paper Frog":46,"Happy Flower":98,"Pen Nib":49,"The Courier":76,"Letter Opener":16,"War Paint":79,"MawBank":56,"Akabeko":52,"Mercury Hourglass":38,"Bronze Scales":83,"Snecko Eye":0,"Orrery":83,"Pandora\u0027s Box":60,"Molten Egg 2":83,"Art of War":73,"Bag of Marbles":94,"Membership Card":0,"Bottled Lightning":49}]},"card_choices":[{"not_picked":["Spot Weakness","Anger"],"picked":"Sword Boomerang","floor":1.0},{"not_picked":["Hemokinesis","Anger","Burning Pact"],"picked":"SKIP","floor":2.0},{"not_picked":["Body Slam","Evolve"],"picked":"Heavy Blade","floor":3.0},{"not_picked":["Inflame","Reckless Charge","Bloodletting"],"picked":"SKIP","floor":6.0},{"not_picked":["Shrug It Off","Cleave"],"picked":"Impervious","floor":7.0},{"not_picked":["True Grit","Cleave"],"picked":"Fiend Fire","floor":8.0},{"not_picked":["Pommel Strike","Warcry"],"picked":"Feel No Pain","floor":11.0},{"not_picked":["True Grit","Burning Pact"],"picked":"Uppercut","floor":12.0},{"not_picked":["Body Slam","Iron Wave","Searing Blow"],"picked":"SKIP","floor":14.0},{"not_picked":["Infernal Blade","Havoc"],"picked":"Shockwave+1","floor":18.0},{"not_picked":["Anger","Inflame","Clash"],"picked":"SKIP","floor":20.0},{"not_picked":["Anger","Inflame","Clash"],"picked":"SKIP","floor":20.0},{"not_picked":["Thunderclap","Anger","Power Through"],"picked":"SKIP","floor":22.0},{"not_picked":["Intimidate","Seeing Red","Pommel Strike"],"picked":"SKIP","floor":23.0},{"not_picked":["Berserk","Wild Strike"],"picked":"Heavy Blade+1","floor":25.0},{"not_picked":["Iron Wave","Combust"],"picked":"Dark Embrace","floor":27.0},{"not_picked":["Reckless Charge","Shrug It Off","Hemokinesis"],"picked":"Singing Bowl","floor":30.0},{"not_picked":["Shockwave","Cleave","Uppercut+1"],"picked":"Singing Bowl","floor":31},{"not_picked":["Juggernaut","Fiend Fire"],"picked":"Immolate","floor":33},{"not_picked":["Body Slam+1","Perfected Strike+1","Sever Soul"],"picked":"Singing Bowl","floor":35},{"not_picked":["Thunderclap","Sever Soul","Iron Wave+1"],"picked":"Singing Bowl","floor":36},{"not_picked":["Heavy Blade","Disarm","Body Slam"],"picked":"Singing Bowl","floor":38},{"not_picked":["Anger","Thunderclap","Intimidate"],"picked":"Singing Bowl","floor":39},{"not_picked":["Sentinel","Pommel Strike","Juggernaut"],"picked":"Singing Bowl","floor":40},{"not_picked":["Clothesline","Iron Wave","Wild Strike"],"picked":"Singing Bowl","floor":41},{"not_picked":["Pommel Strike","Dark Embrace","Battle Trance"],"picked":"Singing Bowl","floor":42},{"not_picked":["Anger+1","Wild Strike","Offering"],"picked":"Singing Bowl","floor":44},{"not_picked":["Sword Boomerang+1","Body Slam+1","Spot Weakness"],"picked":"Singing Bowl","floor":46},{"not_picked":["Combust+1","Shrug It Off","Havoc"],"picked":"Singing Bowl","floor":46},{"not_picked":["Clothesline+1","Clash+1","Headbutt+1"],"picked":"Singing Bowl","floor":46},{"not_picked":["Havoc+1","Flex","Battle Trance"],"picked":"Singing Bowl","floor":46},{"not_picked":["Twin Strike+1","Feel No Pain+1","Hemokinesis+1"],"picked":"Singing Bowl","floor":46},{"not_picked":["Flex","Wild Strike+1","True Grit"],"picked":"SKIP","floor":48},{"not_picked":["Flex","Wild Strike+1","True Grit"],"picked":"Singing Bowl","floor":48},{"not_picked":["Burning Pact","Fire Breathing"],"picked":"Barricade","floor":55}],"player_experience":813723,"relics_obtained":[{"floor":6.0,"key":"Bag of Preparation"},{"floor":7.0,"key":"Letter Opener"},{"floor":8.0,"key":"CeramicFish"},{"floor":11.0,"key":"Mummified Hand"},{"floor":12.0,"key":"Regal Pillow"},{"floor":14.0,"key":"Boot"},{"floor":23.0,"key":"Paper Frog"},{"floor":25.0,"key":"Pen Nib"},{"floor":26.0,"key":"Bottled Lightning"},{"floor":27.0,"key":"Akabeko"},{"floor":30.0,"key":"Singing Bowl"},{"floor":31,"key":"MawBank"},{"floor":40,"key":"Art of War"},{"floor":41,"key":"The Courier"},{"floor":42,"key":"Red Skull"},{"floor":43,"key":"War Paint"},{"floor":44,"key":"Torii"},{"floor":48,"key":"Bottled Tornado"},{"floor":55,"key":"Happy Flower"}],"event_choices":[{"damage_healed":0.0,"max_hp_gain":5.0,"max_hp_loss":0.0,"gold_gain":0.0,"event_name":"Big Fish","player_choice":"Donut","floor":5.0,"gold_loss":0.0,"damage_taken":0.0},{"damage_healed":0.0,"max_hp_gain":0.0,"max_hp_loss":0.0,"gold_gain":0.0,"event_name":"Addict","player_choice":"Obtained Relic","floor":19.0,"gold_loss":85.0,"damage_taken":0.0,"relics_obtained":["Mercury Hourglass"]}],"is_beta":false,"boss_relics":[{"not_picked":["Sozu","Ectoplasm"],"picked":"Philosopher\u0027s Stone"},{"not_picked":["Tiny House","Runic Cube"],"picked":"Pandora\u0027s Box"}],"items_purged_floors":[4,13,21,28],"is_endless":false,"potions_floor_spawned":[2,6,7,8,14,18,22,27,31,38,40,41,55],"ascension_level":20}}