{"host":"5raohst9sk3kvp5v","time":1610858713,"event":{"mods":["BaseMod","Colored Powertips","Highlight Path","Minty Spire (QoL Compilation)","Quick Restart","Relic Stats","StSLib"],"gold_per_floor":[119,194,194,214,40,40,75,88,88,121,138,149,163,183,183,260,260,274,292,292,22,42,42,42,74,74,93,93,93,108,128,128,205,205,221,143,143,143,153,153,180,11,11,11,11,30,46,59,59,59,59],"floor_reached":50,"language":"ENG","playtime":2706,"items_purged":["Strike_R"],"score":1109,"play_id":"cabc2521-a017-4052-b208-218a596d48f5","local_time":"20210116224513","is_ascension_mode":true,"campfire_choices":[{"data":"Dark Embrace","floor":6.0,"key":"SMITH"},{"data":"Berserk","floor":15.0,"key":"SMITH"},{"data":"Uppercut","floor":23.0,"key":"SMITH"},{"data":"True Grit","floor":28.0,"key":"SMITH"},{"data":"Body Slam","floor":32.0,"key":"SMITH"},{"data":"Mind Blast","floor":40.0,"key":"SMITH"},{"data":"Feel No Pain","floor":45.0,"key":"SMITH"},{"floor":49,"key":"RECALL"}],"circlet_count":0,"master_deck":["AscendersBane","Bash","Sword Boomerang","Headbutt","Dark Embrace+1","Offering","Feel No Pain+1","Sever Soul","Berserk+1","Cleave","Clothesline","Shrug It Off","Feel No Pain","Reaper","Blood for Blood","Body Slam+1","Second Wind","Immolate","Evolve","Uppercut+1","True Grit+1","Pommel Strike","Barricade","Corruption","Evolve","Entrench","Bludgeon","Disarm","Dropkick","Rupture","True Grit","Entrench","Finesse","Mind Blast+1","Pummel","Good Instincts","True Grit","Pommel Strike","Burning Pact+1"],"relics":["Burning Blood","NeowsBlessing","Red Skull","Eternal Feather","Pen Nib","Busted Crown","Smiling Mask","Pandora\u0027s Box","Unceasing Top","Question Card"],"acts_visited":["Exordium","TheCity","TheBeyond"],"potions_floor_usage":[48],"damage_taken":[{"damage":0.0,"enemies":"Jaw Worm","floor":1.0,"turns":1.0},{"damage":0.0,"enemies":"2 Louse","floor":4.0,"turns":1.0},{"damage":0.0,"enemies":"3 Sentries","floor":7.0,"turns":1.0},{"damage":0.0,"enemies":"Small Slimes","floor":8.0,"turns":2.0},{"damage":27.0,"enemies":"Gremlin Nob","floor":10.0,"turns":4.0},{"damage":14.0,"enemies":"3 Louse","floor":11.0,"turns":3.0},{"damage":6.0,"enemies":"Blue Slaver","floor":12.0,"turns":1.0},{"damage":0.0,"enemies":"Looter","floor":13.0,"turns":2.0},{"damage":1.0,"enemies":"Red Slaver","floor":14.0,"turns":2.0},{"damage":36.0,"enemies":"Hexaghost","floor":16.0,"turns":8.0},{"damage":35.0,"enemies":"Shell Parasite","floor":18.0,"turns":5.0},{"damage":5.0,"enemies":"Spheric Guardian","floor":19.0,"turns":3.0},{"damage":12.0,"enemies":"3 Cultists","floor":22.0,"turns":5.0},{"damage":12.0,"enemies":"Gremlin Leader","floor":25.0,"turns":5.0},{"damage":24.0,"enemies":"Snake Plant","floor":27.0,"turns":2.0},{"damage":21.0,"enemies":"Snecko","floor":30.0,"turns":5.0},{"damage":26.0,"enemies":"Centurion and Healer","floor":31.0,"turns":6.0},{"damage":46.0,"enemies":"Automaton","floor":33.0,"turns":7.0},{"damage":6.0,"enemies":"Orb Walker","floor":35.0,"turns":3.0},{"damage":16.0,"enemies":"3 Shapes","floor":39.0,"turns":5.0},{"damage":49.0,"enemies":"Nemesis","floor":41.0,"turns":7.0},{"damage":11.0,"enemies":"Spire Growth","floor":46.0,"turns":4.0},{"damage":27.0,"enemies":"4 Shapes","floor":47.0,"turns":6.0},{"damage":34,"enemies":"3 Darklings","floor":48,"turns":4},{"damage":68,"enemies":"Awakened One","floor":50,"turns":6}],"seed_played":"-8793366072092243523","potions_obtained":[{"floor":4.0,"key":"DistilledChaos"},{"floor":7.0,"key":"GamblersBrew"},{"floor":8.0,"key":"Ancient Potion"},{"floor":12.0,"key":"DistilledChaos"},{"floor":14.0,"key":"SteroidPotion"},{"floor":19.0,"key":"LiquidMemories"},{"floor":25.0,"key":"BlessingOfTheForge"},{"floor":30.0,"key":"LiquidMemories"},{"floor":35.0,"key":"Explosive Potion"},{"floor":41.0,"key":"Fire Potion"}],"is_trial":false,"path_per_floor":["M","?","?","M","$","R","E","M","T","E","M","M","M","M","R","B",null,"M","M","?","$","M","R","?","E","T","M","R","?","M","M","R","B",null,"M","$","?","?","M","R","E","$","T","?","R","M","M","M","R","B"],"character_chosen":"IRONCLAD","items_purchased":["Dark Embrace","Offering","Immolate","Evolve","Entrench","Good Instincts","True Grit","Pommel Strike"],"campfire_rested":0,"item_purchase_floors":[5,5,21,21,36,42,42,42],"current_hp_per_floor":[74,63,40,46,46,46,52,58,58,37,29,29,35,40,52,22,62,33,34,34,34,35,50,50,53,53,35,50,50,42,42,60,34,65,65,65,65,55,55,73,44,44,44,44,65,60,46,38,59,0,0],"gold":59,"neow_bonus":"THREE_ENEMY_KILL","is_daily":false,"chose_seed":false,"campfire_upgraded":7,"win_rate":0.0,"timestamp":1610858713,"path_taken":["M","?","?","M","$","R","E","M","T","E","M","M","M","M","R","BOSS","M","M","?","$","M","R","?","E","T","M","R","?","M","M","R","BOSS","M","?","?","?","M","R","E","$","T","?","R","M","M","?","R","BOSS"],"items_purchased_type":["Card","Card","Card","Card","Card","Card","Card","Card"],"build_version":"2020-12-22","purchased_purges":1,"victory":false,"max_hp_per_floor":[75,75,75,75,75,75,75,75,75,75,75,75,75,75,75,75,75,75,75,75,75,75,75,75,75,75,75,75,75,75,75,75,75,75,75,75,75,75,75,75,75,75,75,71,71,71,71,71,71,71,71],"relic_stats":{"Busted Crown":34,"counters":[25,98],"Eternal Feather":120,"Pandora\u0027s Box":["Corruption","Evolve","Entrench","Bludgeon","Disarm","Dropkick","Rupture","True Grit"],"Pen Nib":[17],"Smiling Mask":0,"Question Card":3,"obtain_stats":[{"Busted Crown":17,"NeowsBlessing":0,"Eternal Feather":9,"Pandora\u0027s Box":34,"Pen Nib":10,"Smiling Mask":25,"Question Card":43,"Burning Blood":0,"Red Skull":7,"Unceasing Top":41},{"Busted Crown":10,"NeowsBlessing":0,"Eternal Feather":4,"Pandora\u0027s Box":18,"Pen Nib":5,"Smiling Mask":14,"Question Card":21,"Burning Blood":0,"Red Skull":3,"Unceasing Top":21},{"Busted Crown":25,"NeowsBlessing":0,"Eternal Feather":5,"Pandora\u0027s Box":63,"Pen Nib":9,"Smiling Mask":43,"Question Card":78,"Burning Blood":0,"Red Skull":3,"Unceasing Top":78}],"Burning Blood":144,"Unceasing Top":[8]},"card_choices":[{"not_picked":["Wild Strike","Thunderclap"],"picked":"Sword Boomerang","floor":1.0},{"not_picked":["Armaments","Hemokinesis"],"picked":"Headbutt","floor":4.0},{"not_picked":["Havoc","Headbutt"],"picked":"Feel No Pain","floor":7.0},{"not_picked":["Clothesline","Flex"],"picked":"Sever Soul","floor":8.0},{"not_picked":["Infernal Blade","Limit Break"],"picked":"Berserk","floor":10.0},{"not_picked":["Flex","Twin Strike"],"picked":"Cleave","floor":11.0},{"not_picked":["Pommel Strike","Burning Pact"],"picked":"Clothesline","floor":12.0},{"not_picked":["Cleave","Flex"],"picked":"Shrug It Off","floor":13.0},{"not_picked":["Carnage","Combust"],"picked":"Feel No Pain","floor":14.0},{"not_picked":["Exhume","Impervious"],"picked":"Reaper","floor":16.0},{"not_picked":[],"picked":"Blood for Blood","floor":18.0},{"not_picked":[],"picked":"Body Slam","floor":19.0},{"not_picked":[],"picked":"Uppercut","floor":22.0},{"not_picked":[],"picked":"True Grit","floor":25.0},{"not_picked":["Twin Strike"],"picked":"SKIP","floor":27.0},{"not_picked":["Heavy Blade"],"picked":"SKIP","floor":30.0},{"not_picked":["Heavy Blade"],"picked":"SKIP","floor":31.0},{"not_picked":[],"picked":"Barricade","floor":33.0},{"not_picked":["Clash"],"picked":"SKIP","floor":35.0},{"not_picked":[],"picked":"Finesse","floor":38.0},{"not_picked":[],"picked":"Mind Blast","floor":38.0},{"not_picked":["Thunderclap"],"picked":"SKIP","floor":39.0},{"not_picked":[],"picked":"Pummel","floor":41.0},{"not_picked":["Sword Boomerang"],"picked":"Burning Pact+1","floor":46.0},{"not_picked":["Heavy Blade","Rampage+1"],"picked":"SKIP","floor":47.0},{"not_picked":["Pommel Strike+1","Uppercut+1"],"picked":"SKIP","floor":48}],"player_experience":1706766,"relics_obtained":[{"floor":7.0,"key":"Red Skull"},{"floor":9.0,"key":"Eternal Feather"},{"floor":10.0,"key":"Pen Nib"},{"floor":25.0,"key":"Smiling Mask"},{"floor":41.0,"key":"Unceasing Top"},{"floor":43.0,"key":"Question Card"}],"event_choices":[{"damage_healed":0.0,"max_hp_gain":0.0,"max_hp_loss":0.0,"gold_gain":75.0,"event_name":"World of Goop","player_choice":"Gather Gold","floor":2.0,"gold_loss":0.0,"damage_taken":11.0},{"damage_healed":0.0,"max_hp_gain":0.0,"max_hp_loss":0.0,"gold_gain":0.0,"event_name":"Shining Light","player_choice":"Entered Light","floor":3.0,"gold_loss":0.0,"damage_taken":23.0,"cards_upgraded":["Strike_R","Defend_R"]},{"damage_healed":0.0,"max_hp_gain":0.0,"max_hp_loss":0.0,"gold_gain":0.0,"event_name":"The Library","player_choice":"Read","floor":20.0,"gold_loss":0.0,"damage_taken":0.0,"cards_obtained":["Second Wind"]},{"damage_healed":0.0,"max_hp_gain":0.0,"max_hp_loss":0.0,"gold_gain":0.0,"event_name":"Vampires","player_choice":"Ignored","floor":24.0,"gold_loss":0.0,"damage_taken":0.0},{"damage_healed":0.0,"max_hp_gain":0.0,"max_hp_loss":0.0,"gold_gain":0.0,"event_name":"Match and Keep!","player_choice":"1 cards matched","floor":29.0,"gold_loss":0.0,"damage_taken":0.0,"cards_obtained":["Pommel Strike"]},{"damage_healed":0.0,"max_hp_gain":0.0,"max_hp_loss":0.0,"gold_gain":0.0,"event_name":"Tomb of Lord Red Mask","player_choice":"Ignored","floor":37.0,"gold_loss":0.0,"damage_taken":0.0},{"damage_healed":0.0,"max_hp_gain":0.0,"max_hp_loss":0.0,"gold_gain":0.0,"event_name":"SensoryStone","player_choice":"Memory 3","floor":38.0,"gold_loss":0.0,"damage_taken":10.0},{"damage_healed":0.0,"max_hp_gain":0.0,"max_hp_loss":4.0,"gold_gain":0.0,"event_name":"Winding Halls","player_choice":"Max HP","floor":44.0,"gold_loss":0.0,"damage_taken":0.0}],"is_beta":false,"boss_relics":[{"not_picked":["Calling Bell","Runic Dome"],"picked":"Busted Crown"},{"not_picked":["Fusion Hammer","Snecko Eye"],"picked":"Pandora\u0027s Box"}],"items_purged_floors":[21],"is_endless":false,"potions_floor_spawned":[4,7,8,12,14,19,25,30,35,41],"killed_by":"Awakened One","ascension_level":19}}