{"host":"h4qgcirtxz6qax9j","time":1610867216,"event":{"mods":["AchievementEnabler","Astrologer","BaseMod","Colored Powertips","Lobotomy","Minty Spire (QoL Compilation)","StSLib","SuperFastMode","The Cursed"],"gold_per_floor":[112,129,27,27,27,59,59,159,159,159,186,203,215,215,215,311,311,330,349,17,33,50,50,50,50],"floor_reached":24,"language":"KOR","playtime":624,"items_purged":[],"score":303,"play_id":"29991f7c-85d1-4d94-aa16-654af49687b2","local_time":"20210117160656","is_ascension_mode":true,"campfire_choices":[{"floor":15,"key":"REST"}],"circlet_count":0,"master_deck":["SpecialBullet","SpecialBullet","SpecialBullet","SpecialBullet","SpecialBullet","SpecialBullet","SpecialBullet","SpecialBullet","WristCuter","SolemnVow","Beak","Wingbeat","TodaysExpression","Heaven","UniverseFragment","Horn","WristCuter","GoldRush","Horn","LaLuna","CherryBlossom","Horn","Mimicry","Penitence","Horn"],"relics":["CogitoBucket","HornCleat","Bottled Flame","Meat on the Bone","SacredBark","Anchor"],"acts_visited":["Exordium","TheCity"],"potions_floor_usage":[11,11,12,21,22,22,24],"damage_taken":[{"damage":10,"enemies":"Small Slimes","floor":1,"turns":2},{"damage":12,"enemies":"Jaw Worm","floor":2,"turns":2},{"damage":36,"enemies":"3 Sentries","floor":6,"turns":7},{"damage":22,"enemies":"Lagavulin","floor":11,"turns":4},{"damage":0,"enemies":"Cultist","floor":12,"turns":2},{"damage":12,"enemies":"3 Louse","floor":13,"turns":3},{"damage":33,"enemies":"Slime Boss","floor":16,"turns":8},{"damage":28,"enemies":"Shell Parasite","floor":18,"turns":5},{"damage":6,"enemies":"Chosen","floor":19,"turns":3},{"damage":24,"enemies":"Snake Plant","floor":21,"turns":4},{"damage":12,"enemies":"Centurion and Healer","floor":22,"turns":6},{"damage":115,"enemies":"Slavers","floor":24,"turns":8}],"seed_played":"7622507556844913614","potions_obtained":[{"floor":0,"key":"DuplicationPotion"},{"floor":0,"key":"Strength Potion"},{"floor":0,"key":"DistilledChaos"},{"floor":6,"key":"FairyPotion"},{"floor":11,"key":"Explosive Potion"},{"floor":13,"key":"Weak Potion"},{"floor":19,"key":"Weak Potion"},{"floor":21,"key":"SpeedPotion"},{"floor":22,"key":"AttackPotion"}],"is_trial":false,"path_per_floor":["M","M","$","?","$","E","R","?","T","R","E","M","M","?","R","B",null,"M","M","$","M","M","R","E"],"character_chosen":"Angela","items_purchased":["Beak","Wingbeat","Horn","Anchor","Mimicry"],"campfire_rested":1,"item_purchase_floors":[3,3,20,20,20],"current_hp_per_floor":[53,41,41,64,64,28,28,28,28,28,6,18,18,18,39,37,62,46,40,40,30,30,30,0,0],"gold":50,"neow_bonus":"THREE_SMALL_POTIONS","is_daily":false,"chose_seed":false,"campfire_upgraded":0,"win_rate":0.0,"timestamp":1610867216,"path_taken":["M","M","$","?","$","E","R","?","T","R","E","M","?","?","R","BOSS","M","M","$","M","M","R","E"],"items_purchased_type":["Card","Card","Card","Relic","Card"],"build_version":"2020-12-22","purchased_purges":0,"victory":false,"max_hp_per_floor":[70,70,70,70,70,70,70,70,70,70,70,70,70,70,70,70,70,70,70,70,70,70,70,70,70],"card_choices":[{"not_picked":["FeatherOfHonor"],"picked":"WristCuter","floor":1},{"not_picked":["Reverberation"],"picked":"SolemnVow","floor":2},{"not_picked":["RedShoes","UniverseFragment"],"picked":"PunishingBird","floor":6},{"not_picked":["BearPaw"],"picked":"TodaysExpression","floor":6},{"not_picked":["Porccubus","MHz","HeroicMonk"],"picked":"Singing Bowl","floor":11},{"not_picked":["Harvest","Spore"],"picked":"Heaven","floor":11},{"not_picked":["OldLady","WallGazer"],"picked":"UniverseFragment","floor":12},{"not_picked":["MagicBullet","Discord"],"picked":"Horn","floor":12},{"not_picked":["BlackSwan","WhitesApple","Variant"],"picked":"Singing Bowl","floor":13},{"not_picked":["OSAHOGD","GalaxyChild"],"picked":"BigBird","floor":13},{"not_picked":["Regret_ego","Laetitia_ego"],"picked":"WristCuter","floor":13},{"not_picked":["Scorched","CherryBlossoms","MeatLantern"],"picked":"Singing Bowl","floor":16},{"not_picked":["Pinks","CENSORED_ego"],"picked":"GoldRush","floor":16},{"not_picked":["WallGazer","QueenBee","Yin"],"picked":"Singing Bowl","floor":18},{"not_picked":["Hornet+1","Laetitia_ego"],"picked":"Horn","floor":18},{"not_picked":["LittlePrince","MeatLantern"],"picked":"LaLuna","floor":19},{"not_picked":["MagicBullet","Laetitia_ego+1"],"picked":"CherryBlossom","floor":19},{"not_picked":["SnowQueen","SpiderBud","LittlePrince"],"picked":"Singing Bowl","floor":21},{"not_picked":["Tough","Hornet"],"picked":"Penitence","floor":21},{"not_picked":["ShyLook","HeroicMonk"],"picked":"LongBird","floor":22},{"not_picked":["Galaxy","RedEyes"],"picked":"Horn","floor":22}],"player_experience":164747,"relics_obtained":[{"floor":6,"key":"HornCleat"},{"floor":9,"key":"Bottled Flame"},{"floor":11,"key":"Meat on the Bone"}],"event_choices":[{"damage_healed":23,"gold_gain":0,"player_choice":"Banana","damage_taken":0,"max_hp_gain":0,"max_hp_loss":0,"event_name":"Big Fish","floor":4,"gold_loss":0},{"damage_healed":0,"gold_gain":100,"player_choice":"Pray","damage_taken":0,"max_hp_gain":0,"max_hp_loss":0,"event_name":"Golden Shrine","floor":8,"gold_loss":0},{"damage_healed":0,"gold_gain":0,"player_choice":"Searched \u00271\u0027 times","damage_taken":0,"max_hp_gain":0,"max_hp_loss":0,"event_name":"Dead Adventurer","floor":14,"gold_loss":0}],"is_beta":false,"boss_relics":[{"not_picked":["Snecko Eye","Busted Crown"],"picked":"SacredBark"}],"items_purged_floors":[],"is_endless":false,"potions_floor_spawned":[6,11,13,19,21,22],"killed_by":"Slavers","ascension_level":7}}