{"host":"8n2lgrrkrt9pi315","time":1610905427,"event":{"mods":["BaseMod","Colored Map","Downfall","Minty Spire (QoL Compilation)","StSLib","The Cursed"],"gold_per_floor":[99,112,129,148,148,148,148,148,168,2,17,2,2,0,15,116,116,116,127,141,141,155,155,155,172,183,197,197,217,217,217,232,332,332,332,345,355,355,371,371,447,461,419,434,445,445,112,112,123,123],"floor_reached":51,"language":"ENG","playtime":2853,"items_purged":["downfall:Malfunctioning","Slimebound:GoopTackle","Slimebound:CorrosiveSpit"],"score":622,"play_id":"d9d9f969-4966-4ab1-b3fe-104b309f3bcc","local_time":"20210117184347","is_ascension_mode":false,"campfire_choices":[{"data":"Slimebound:Split","floor":1,"key":"SMITH"},{"data":"Slimebound:SplitAcid","floor":6,"key":"SMITH"},{"floor":13,"key":"REST"},{"data":"Slimebound:OneTwoCombo","floor":18,"key":"SMITH"},{"data":"Slimebound:SplitLeeching","floor":23,"key":"SMITH"},{"data":"Slimebound:GoopSpray","floor":28,"key":"SMITH"},{"data":"Slimebound:SplitLeeching","floor":30,"key":"SMITH"},{"data":"Slimebound:DisruptingSlam","floor":35,"key":"SMITH"},{"data":"Slimebound:SplitAcid","floor":40,"key":"SMITH"},{"data":"Slimebound:OneTwoCombo","floor":46,"key":"SMITH"}],"circlet_count":0,"master_deck":["Slimebound:Tackle","Slimebound:Split+1","Slimebound:MassRepurpose+1","Slimebound:SplitAcid+1","Slimebound:SlimeBarrage+1","Slimebound:SplitLeeching+1","Slimebound:LeadByExample","Slimebound:RallyTheTroops","Slimebound:PressTheAttack","Slimebound:OneTwoCombo+1","Slimebound:GoopSpray+1","Slimebound:SlimeTap","Slimebound:SplitLeeching+1","Slimebound:LevelUp+1","Slimebound:RainOfGoop+1","Slimebound:DisruptingSlam+1","Slimebound:GrowthPunch","Slimebound:RejuvenatingLick","Slimebound:SamplingLick","Slimebound:RallyTheTroops","Slimebound:SplitAcid+1","Slimebound:Repurpose+1","Slimebound:OneTwoCombo+1","Slimebound:SplitLeeching","Slimebound:Repurpose","Slimebound:SlimeBrawl+1","Slimebound:SplitMire+1","Slimebound:SplitAcid","Slimebound:MinionMaster","Slimebound:PressTheAttack"],"relics":["Slimebound:AbsorbEndCombatUpgraded","Bottled Lightning","Pen Nib","Incense Burner","Pandora\u0027s Box","Blue Candle","Orrery"],"acts_visited":["Exordium","TheCity","TheBeyond"],"potions_floor_usage":[4,16,16,26,33,49],"damage_taken":[{"damage":6,"enemies":"Jaw Worm","floor":2,"turns":4},{"damage":2,"enemies":"2 Louse","floor":3,"turns":3},{"damage":6,"enemies":"Cultist","floor":4,"turns":4},{"damage":7,"enemies":"Blue Slaver","floor":9,"turns":4},{"damage":0,"enemies":"downfall:FleeingMerchant","floor":10,"turns":4},{"damage":12,"enemies":"3 Louse","floor":11,"turns":3},{"damage":0,"enemies":"downfall:FleeingMerchant","floor":12,"turns":4},{"damage":10,"enemies":"downfall:FleeingMerchant","floor":14,"turns":4},{"damage":0,"enemies":"2 Fungi Beasts","floor":15,"turns":2},{"damage":23,"enemies":"IC_STATUS_ARCHETYPE","floor":16,"turns":5},{"damage":11,"enemies":"Shell Parasite","floor":19,"turns":4},{"damage":12,"enemies":"Spheric Guardian","floor":20,"turns":4},{"damage":14,"enemies":"Centurion and Healer","floor":22,"turns":5},{"damage":0,"enemies":"Cultist and Chosen","floor":25,"turns":4},{"damage":0,"enemies":"3 Cultists","floor":26,"turns":5},{"damage":14,"enemies":"Shelled Parasite and Fungi","floor":27,"turns":4},{"damage":14,"enemies":"Centurion and Healer","floor":29,"turns":3},{"damage":0,"enemies":"Snake Plant","floor":32,"turns":3},{"damage":43,"enemies":"DF_ARCHETYPE_CLAW","floor":33,"turns":8},{"damage":0,"enemies":"Orb Walker","floor":36,"turns":2},{"damage":20,"enemies":"3 Shapes","floor":37,"turns":3},{"damage":30,"enemies":"Spire Growth","floor":39,"turns":5},{"damage":0,"enemies":"Writhing Mass","floor":42,"turns":4},{"damage":9,"enemies":"downfall:FleeingMerchant","floor":43,"turns":3},{"damage":1,"enemies":"4 Shapes","floor":44,"turns":4},{"damage":2,"enemies":"Maw","floor":45,"turns":5},{"damage":36,"enemies":"3 Darklings","floor":49,"turns":3},{"damage":12,"enemies":"WA_ARCHETYPE_DIVINITY","floor":50,"turns":8}],"seed_played":"6171739551151661726","potions_obtained":[{"floor":2,"key":"DistilledChaos"},{"floor":11,"key":"Swift Potion"},{"floor":15,"key":"FearPotion"},{"floor":25,"key":"SkillPotion"},{"floor":26,"key":"sneckomod:MuddlingPotion"},{"floor":27,"key":"LiquidMemories"},{"floor":31,"key":"CultistPotion"},{"floor":37,"key":"CultistPotion"}],"is_trial":false,"path_per_floor":["R","M","M","M","?","R","T","?","M","$","M","$","R","$","M","B",null,"R","M","M","?","M","R","T","M","M","M","R","M","R","?","M","B",null,"R","M","M","?","M","R","T","M","$","M","M","R","$","?","M","B",null],"character_chosen":"SLIMEBOUND","items_purchased":["Slimebound:LeadByExample","Slimebound:SplitLeeching","Slimebound:Repurpose","Orrery","Slimebound:MinionMaster","Slimebound:PressTheAttack"],"campfire_rested":1,"item_purchase_floors":[10,43,43,43,47,47],"current_hp_per_floor":[47,42,40,36,36,36,36,36,31,32,20,21,40,33,33,13,65,65,58,52,65,57,57,57,63,65,53,53,41,41,41,43,10,65,65,65,53,53,29,29,29,35,32,37,41,41,41,41,7,9],"gold":123,"neow_bonus":"THREE_RARE_CARDS","is_daily":false,"chose_seed":false,"campfire_upgraded":9,"win_rate":0.0,"timestamp":1610905427,"path_taken":["R","M","M","M","?","R","T","?","M","?","M","$","R","?","M","BOSS","R","M","M","?","M","R","T","?","M","M","R","M","R","?","M","BOSS","R","M","M","?","M","R","T","M","$","M","M","R","$","?","M","BOSS"],"items_purchased_type":["Card","Card","Card","Relic","Card","Card"],"build_version":"2020-12-22","purchased_purges":3,"victory":true,"max_hp_per_floor":[65,65,65,65,65,65,65,65,65,65,65,65,65,65,65,65,65,65,65,65,65,65,65,65,65,65,65,65,65,65,65,65,65,65,65,65,65,65,65,65,65,65,65,65,65,65,65,65,65,65],"card_choices":[{"not_picked":["Slimebound:LeechLife","Slimebound:FirmFortitude"],"picked":"Slimebound:MassRepurpose","floor":0},{"not_picked":["Slimebound:SlimeSpikes","Slimebound:LivingWall"],"picked":"Slimebound:SplitAcid","floor":2},{"not_picked":["Slimebound:GoopSpray","Slimebound:Grow","Slimebound:RollThrough"],"picked":"SKIP","floor":3},{"not_picked":["Slimebound:Gluttony","Slimebound:ItLooksTasty"],"picked":"Slimebound:SlimeBarrage","floor":4},{"not_picked":["Slimebound:ItLooksTasty","Slimebound:Prepare","Slimebound:SamplingLick"],"picked":"SKIP","floor":9},{"not_picked":["Slimebound:SlimeBarrage","Slimebound:RollThrough"],"picked":"Slimebound:SplitLeeching","floor":10},{"not_picked":["Slimebound:FinishingTackle","Slimebound:LeechingTouch","Slimebound:TongueLash"],"picked":"SKIP","floor":11},{"not_picked":["Slimebound:FlameTackle","Slimebound:FinishingTackle"],"picked":"Slimebound:RallyTheTroops","floor":12},{"not_picked":["Slimebound:Dissolve","Slimebound:TongueLash","Slimebound:SlimeBarrage"],"picked":"SKIP","floor":14},{"not_picked":["Slimebound:SplitMire","Slimebound:Prepare"],"picked":"Slimebound:PressTheAttack","floor":15},{"not_picked":["Slimebound:Overexert","Slimebound:DuplicatedForm"],"picked":"Slimebound:OneTwoCombo","floor":16},{"not_picked":["Slimebound:LivingWall","Slimebound:SlimeSpikes","Slimebound:RollThrough"],"picked":"SKIP","floor":19},{"not_picked":["Slimebound:GoopTackle+1","Slimebound:RollThrough+1"],"picked":"Slimebound:GoopSpray","floor":20},{"not_picked":["Slimebound:SplitBruiser","Slimebound:RejuvenatingLick","Slimebound:LeechingTouch"],"picked":"SKIP","floor":22},{"not_picked":["Slimebound:ViciousTackle","Slimebound:ComboTackle"],"picked":"Slimebound:SlimeTap","floor":25},{"not_picked":["Slimebound:Teamwork","Slimebound:ItLooksTasty+1"],"picked":"Slimebound:SplitLeeching","floor":26},{"not_picked":["Slimebound:SplitBruiser","Slimebound:MegaLick"],"picked":"Slimebound:LevelUp+1","floor":27},{"not_picked":["Slimebound:LevelUp","Slimebound:FlameTackle"],"picked":"Slimebound:RainOfGoop+1","floor":29},{"not_picked":["Slimebound:ForwardTackle","Slimebound:LeechEnergy","Slimebound:LeechingTouch"],"picked":"SKIP","floor":32},{"not_picked":["Slimebound:SamplingLick","Slimebound:FinishingTackle+1"],"picked":"Slimebound:SplitAcid","floor":36},{"not_picked":["Slimebound:SplitBruiser","Slimebound:ItLooksTasty"],"picked":"Slimebound:Repurpose+1","floor":37},{"not_picked":["Slimebound:LeechingTouch","Slimebound:SplitAcid","Slimebound:HauntingLick"],"picked":"SKIP","floor":39},{"not_picked":["Slimebound:RollThrough+1","Slimebound:RejuvenatingLick","Slimebound:FlameTackle+1"],"picked":"SKIP","floor":42},{"not_picked":["Slimebound:ForwardTackle+1","Slimebound:Gluttony+1"],"picked":"Slimebound:OneTwoCombo","floor":43},{"not_picked":["Slimebound:DisruptingSlam","Slimebound:LeechingTouch"],"picked":"Slimebound:SlimeBrawl+1","floor":43},{"not_picked":["Slimebound:GoopSpray+1","Slimebound:LivingWall"],"picked":"Slimebound:SplitMire+1","floor":43},{"not_picked":["Slimebound:GrowthPunch+1","Slimebound:SamplingLick"],"picked":"Slimebound:SplitAcid","floor":43},{"not_picked":["Slimebound:GrowthPunch+1","Slimebound:SamplingLick+1","Slimebound:LeechingTouch+1"],"picked":"SKIP","floor":44},{"not_picked":["Slimebound:LeechEnergy","Slimebound:LeechingTouch","Slimebound:Prepare+1"],"picked":"SKIP","floor":45},{"not_picked":["Slimebound:LivingWall+1","Slimebound:DuplicatedForm","Slimebound:Replication+1"],"picked":"SKIP","floor":49}],"player_experience":77921,"relics_obtained":[{"floor":7,"key":"Bottled Lightning"},{"floor":24,"key":"Incense Burner"},{"floor":41,"key":"Blue Candle"}],"event_choices":[{"damage_healed":13,"gold_gain":0,"player_choice":"Full Heal","damage_taken":0,"max_hp_gain":0,"max_hp_loss":0,"event_name":"Wheel of Change","floor":21,"gold_loss":0},{"cards_removed":["Slimebound:ProtectTheBoss"],"damage_healed":0,"gold_gain":0,"player_choice":"Removed Power","damage_taken":0,"max_hp_gain":0,"max_hp_loss":0,"event_name":"Falling","floor":38,"gold_loss":0}],"is_beta":false,"boss_relics":[{"not_picked":["Snecko Eye","Astrolabe"],"picked":"Slimebound:AbsorbEndCombatUpgraded"},{"not_picked":["Black Star","Tiny House"],"picked":"Pandora\u0027s Box"}],"items_purged_floors":[10,43,47],"is_endless":false,"potions_floor_spawned":[2,11,15,25,26,27,37,42,44],"ascension_level":0}}