{"host":"36mulxq349byzoa2","time":1610847202,"event":{"mods":["AchievementEnabler","BaseMod","Block Reminder","Colored Map","Colored Powertips","Minty Spire (QoL Compilation)","Rare Cards Sparkle","StSLib","SuperFastMode"],"gold_per_floor":[118,118,138,63,7,7,7,23,23,23,59,74,98,132,132,228,228,243,243,267,66,89,89,104,104,151,151,169,169,193,193,193,267,267,286,300,300,300,300],"floor_reached":38,"language":"ENG","playtime":1331,"items_purged":[],"score":733,"play_id":"54987637-6936-4d57-9d40-ed83ba28e980","local_time":"20210116203322","is_ascension_mode":true,"campfire_choices":[{"data":"Static Discharge","floor":6,"key":"SMITH"},{"data":"Sweeping Beam","floor":15,"key":"SMITH"},{"floor":23,"key":"REST"},{"floor":25,"key":"REST"},{"floor":32,"key":"REST"}],"circlet_count":0,"master_deck":["AscendersBane","Strike_B","Strike_B","Strike_B","Defend_B","Defend_B","Defend_B","Zap+1","Dualcast","Conserve Battery","Static Discharge+1","Rebound","Sweeping Beam+1","Streamline","Coolheaded","Cold Snap","Barrage","Echo Form","Force Field","Defragment","Glacier","Buffer"],"relics":["Cracked Core","NeowsBlessing","Bloody Idol","CaptainsWheel","Toy Ornithopter","Oddly Smooth Stone","Snecko Eye","Membership Card","Ancient Tea Set","Nilry\u0027s Codex","SlaversCollar"],"acts_visited":["Exordium","TheCity","TheBeyond"],"potions_floor_usage":[14,14,20,24,30,30,33,38],"damage_taken":[{"damage":0,"enemies":"Jaw Worm","floor":1,"turns":1},{"damage":0,"enemies":"2 Louse","floor":3,"turns":1},{"damage":0,"enemies":"Small Slimes","floor":8,"turns":1},{"damage":13,"enemies":"Lagavulin","floor":11,"turns":6},{"damage":9,"enemies":"2 Fungi Beasts","floor":12,"turns":3},{"damage":16,"enemies":"Red Slaver","floor":13,"turns":2},{"damage":13,"enemies":"3 Sentries","floor":14,"turns":3},{"damage":19,"enemies":"Slime Boss","floor":16,"turns":8},{"damage":6,"enemies":"Shell Parasite","floor":18,"turns":4},{"damage":25,"enemies":"2 Thieves","floor":20,"turns":3},{"damage":9,"enemies":"3 Cultists","floor":22,"turns":6},{"damage":29,"enemies":"Shelled Parasite and Fungi","floor":24,"turns":6},{"damage":5,"enemies":"Centurion and Healer","floor":28,"turns":4},{"damage":7,"enemies":"Snake Plant","floor":30,"turns":3},{"damage":14,"enemies":"Automaton","floor":33,"turns":11},{"damage":17,"enemies":"3 Darklings","floor":35,"turns":4},{"damage":36,"enemies":"3 Shapes","floor":36,"turns":4},{"damage":17,"enemies":"3 Darklings","floor":38,"turns":2}],"seed_played":"-3513979225242712038","potions_obtained":[{"floor":1,"key":"PowerPotion"},{"floor":8,"key":"Regen Potion"},{"floor":14,"key":"SteroidPotion"},{"floor":16,"key":"DuplicationPotion"},{"floor":22,"key":"Fire Potion"},{"floor":24,"key":"EssenceOfSteel"},{"floor":30,"key":"PowerPotion"},{"floor":36,"key":"DistilledChaos"}],"is_trial":false,"path_per_floor":["M","?","M","?","$","R","?","M","T","?","E","M","M","E","R","B",null,"M","?","M","$","M","R","M","R","T","?","M","?","M","?","R","B",null,"M","M","?","M"],"character_chosen":"DEFECT","items_purchased":["Rebound","Membership Card","Defragment"],"campfire_rested":3,"item_purchase_floors":[5,21,21],"current_hp_per_floor":[64,64,64,64,64,64,64,64,64,64,51,42,26,32,32,13,51,45,45,25,25,16,35,11,30,30,9,4,4,7,7,26,22,54,42,11,11,0,0],"gold":300,"neow_bonus":"THREE_ENEMY_KILL","is_daily":false,"chose_seed":false,"campfire_upgraded":2,"win_rate":0.0,"timestamp":1610847202,"path_taken":["M","?","M","?","?","R","?","?","T","?","E","?","M","E","R","BOSS","M","?","M","$","M","R","M","R","T","?","M","?","?","?","R","BOSS","M","M","?","M"],"items_purchased_type":["Card","Relic","Card"],"build_version":"2020-12-22","purchased_purges":0,"victory":false,"max_hp_per_floor":[71,64,64,64,64,64,64,64,64,64,64,64,64,64,64,64,64,64,64,64,64,64,64,64,64,64,64,64,64,64,64,64,64,64,64,64,61,61,61],"card_choices":[{"not_picked":["Steam Power","Hologram"],"picked":"Conserve Battery","floor":1},{"not_picked":["Barrage","Gash"],"picked":"Static Discharge","floor":3},{"not_picked":["Go for the Eyes","Machine Learning"],"picked":"Sweeping Beam","floor":8},{"not_picked":["Redo","Chaos"],"picked":"Streamline","floor":11},{"not_picked":["Stack","Streamline"],"picked":"Coolheaded","floor":12},{"not_picked":["BootSequence","Force Field"],"picked":"Cold Snap","floor":13},{"not_picked":["Coolheaded","Rainbow"],"picked":"Barrage","floor":14},{"not_picked":["Seek","Reboot"],"picked":"Echo Form","floor":16},{"not_picked":["Gash","Tempest","Beam Cell"],"picked":"SKIP","floor":18},{"not_picked":["Compile Driver","Melter"],"picked":"Force Field","floor":20},{"not_picked":["Gash+1","Conserve Battery","Compile Driver+1"],"picked":"SKIP","floor":22},{"not_picked":["Compile Driver","Loop"],"picked":"Glacier","floor":24},{"not_picked":["Stack","Turbo","Hologram"],"picked":"SKIP","floor":28},{"not_picked":["Conserve Battery","Gash","Amplify"],"picked":"SKIP","floor":30},{"not_picked":["Machine Learning","Amplify"],"picked":"Buffer","floor":33},{"not_picked":["Beam Cell","Reprogram","Genetic Algorithm"],"picked":"SKIP","floor":35},{"not_picked":["Barrage+1","Genetic Algorithm","Reprogram"],"picked":"SKIP","floor":36}],"player_experience":1036701,"relics_obtained":[{"floor":9,"key":"CaptainsWheel"},{"floor":11,"key":"Toy Ornithopter"},{"floor":14,"key":"Oddly Smooth Stone"},{"floor":26,"key":"Ancient Tea Set"},{"floor":27,"key":"Nilry\u0027s Codex"}],"event_choices":[{"damage_healed":0,"gold_gain":0,"player_choice":"Lose Max HP","damage_taken":0,"relics_obtained":["Golden Idol"],"max_hp_gain":0,"max_hp_loss":7,"event_name":"Golden Idol","floor":2,"gold_loss":0},{"cards_removed":["Defend_B"],"damage_healed":0,"gold_gain":0,"player_choice":"Card Removal","damage_taken":0,"max_hp_gain":0,"max_hp_loss":0,"event_name":"The Cleric","floor":4,"gold_loss":75},{"damage_healed":0,"gold_gain":0,"player_choice":"Upgraded","damage_taken":0,"max_hp_gain":0,"max_hp_loss":0,"event_name":"Upgrade Shrine","floor":7,"gold_loss":0,"cards_upgraded":["Zap"]},{"damage_healed":0,"gold_gain":0,"player_choice":"Got Potions","damage_taken":0,"max_hp_gain":0,"max_hp_loss":0,"event_name":"Lab","floor":10,"gold_loss":0},{"damage_healed":0,"gold_gain":0,"player_choice":"Ignored","damage_taken":0,"max_hp_gain":0,"max_hp_loss":0,"event_name":"Vampires","floor":19,"gold_loss":0},{"damage_healed":0,"gold_gain":0,"player_choice":"Obtained Book","damage_taken":21,"max_hp_gain":0,"max_hp_loss":0,"event_name":"Cursed Tome","floor":27,"gold_loss":0},{"cards_removed":["Strike_B"],"damage_healed":0,"gold_gain":0,"player_choice":"Purged","damage_taken":0,"max_hp_gain":0,"max_hp_loss":0,"event_name":"Purifier","floor":29,"gold_loss":0},{"damage_healed":0,"gold_gain":0,"player_choice":"Gave Idol","damage_taken":0,"relics_obtained":["Bloody Idol"],"max_hp_gain":0,"max_hp_loss":0,"event_name":"Forgotten Altar","floor":31,"relics_lost":["Golden Idol"],"gold_loss":0},{"damage_healed":0,"gold_gain":0,"player_choice":"Max HP","damage_taken":0,"max_hp_gain":0,"max_hp_loss":3,"event_name":"Winding Halls","floor":37,"gold_loss":0}],"is_beta":false,"boss_relics":[{"not_picked":["Calling Bell","Cursed Key"],"picked":"Snecko Eye"},{"not_picked":["Nuclear Battery","Runic Pyramid"],"picked":"SlaversCollar"}],"items_purged_floors":[],"is_endless":false,"potions_floor_spawned":[1,8,12,14,16,22,24,30,36],"killed_by":"3 Darklings","ascension_level":18}}