{"host":"cv77zuuuekizn3ic","time":1610902919,"event":{"mods":["AchievementEnabler","Act Like it!","BaseMod","Gensokyo","Marisa£®ÏF”Í°°ƒß¿Ì…≥£©","Minty Spire (QoL Compilation)","StSLib"],"gold_per_floor":[112,126,138,138,63,91,108,141,141,157,177,177,510,530,530,602,602,613,630,161,179,196,196,226,246,246,81,111,130,130,158,158,232,232,242,132,144,144,144,144,194,223,223,242,258,271,299,325,337,349,361,373,207,236,236],"floor_reached":56,"language":"ZHS","playtime":5123,"items_purged":["Doom and Gloom","Dualcast","BootSequence"],"score":2287,"play_id":"d376a1a6-a407-466b-87f2-2843f57a4212","local_time":"20210118010159","is_ascension_mode":true,"campfire_choices":[{"data":"Recycle","floor":12.0,"key":"SMITH"},{"data":"Reboot","floor":15.0,"key":"SMITH"},{"data":"Amplify","floor":23.0,"key":"SMITH"},{"data":"Heatsinks","floor":30.0,"key":"SMITH"},{"data":"Creative AI","floor":32.0,"key":"SMITH"},{"data":"Defragment","floor":40.0,"key":"SMITH"},{"floor":49.0,"key":"RECALL"},{"data":"Impatience","floor":52.0,"key":"SMITH"}],"circlet_count":0,"master_deck":["AscendersBane","Zap","Biased Cognition","Hologram","Genetic Algorithm","Creative AI+1","Hyperbeam+1","Reboot+1","Hologram","Defragment+1","Leap","Heatsinks+1","Recycle+1","Defragment","Cold Snap","Turbo","Amplify+1","Coolheaded+1","Impatience+1","Machine Learning","Chill","Echo Form","Madness","Madness","Storm","Blizzard+1","Heatsinks","Reboot+1"],"relics":["Pandora\u0027s Box","Bronze Scales","Dream Catcher","Meat on the Bone","Old Coin","Black Star","Sundial","Molten Egg 2","Bottled Tornado","Pear","ClockworkSouvenir","Tiny Chest","Vajra","Art of War","Regal Pillow","Inserter","Turnip","InkBottle","Toxic Egg 2","MawBank","Bottled Lightning","Orichalcum","Bird Faced Urn"],"acts_visited":["Exordium","TheCity","TheBeyond","TheEnding"],"potions_floor_usage":[55,55],"damage_taken":[{"damage":11.0,"enemies":"Jaw Worm","floor":1.0,"turns":2.0},{"damage":3.0,"enemies":"Cultist","floor":2.0,"turns":3.0},{"damage":1.0,"enemies":"Small Slimes","floor":3.0,"turns":3.0},{"damage":13.0,"enemies":"Gremlin Nob","floor":6.0,"turns":5.0},{"damage":13.0,"enemies":"Blue Slaver","floor":7.0,"turns":6.0},{"damage":15.0,"enemies":"Lagavulin","floor":8.0,"turns":9.0},{"damage":1.0,"enemies":"Exordium Thugs","floor":10.0,"turns":5.0},{"damage":3.0,"enemies":"Exordium Wildlife","floor":11.0,"turns":3.0},{"damage":9.0,"enemies":"Gremlin Nob","floor":13.0,"turns":4.0},{"damage":0.0,"enemies":"Gremlin Gang","floor":14.0,"turns":1.0},{"damage":5.0,"enemies":"Hexaghost","floor":16.0,"turns":13.0},{"damage":20.0,"enemies":"2 Thieves","floor":18.0,"turns":4.0},{"damage":0.0,"enemies":"Spheric Guardian","floor":19.0,"turns":7.0},{"damage":7.0,"enemies":"Snecko","floor":21.0,"turns":7.0},{"damage":23.0,"enemies":"Shelled Parasite and Fungi","floor":22.0,"turns":6.0},{"damage":22.0,"enemies":"Gremlin Leader","floor":24.0,"turns":7.0},{"damage":0.0,"enemies":"Centurion and Healer","floor":25.0,"turns":7.0},{"damage":0.0,"enemies":"Book of Stabbing","floor":28.0,"turns":7.0},{"damage":0.0,"enemies":"Snake Plant","floor":29.0,"turns":4.0},{"damage":0.0,"enemies":"Gremlin Leader","floor":31.0,"turns":7.0},{"damage":0.0,"enemies":"Champ","floor":33.0,"turns":5.0},{"damage":0.0,"enemies":"3 Darklings","floor":35.0,"turns":4.0},{"damage":0.0,"enemies":"Orb Walker","floor":37.0,"turns":4.0},{"damage":3.0,"enemies":"Giant Head","floor":42.0,"turns":4.0},{"damage":0.0,"enemies":"3 Darklings","floor":44.0,"turns":3.0},{"damage":0.0,"enemies":"Transient","floor":45.0,"turns":5.0},{"damage":0.0,"enemies":"Jaw Worm Horde","floor":46.0,"turns":3.0},{"damage":0.0,"enemies":"Nemesis","floor":47.0,"turns":5.0},{"damage":0.0,"enemies":"Maw","floor":48.0,"turns":4.0},{"damage":20.0,"enemies":"Time Eater","floor":50.0,"turns":10.0},{"damage":19,"enemies":"Shield and Spear","floor":54,"turns":4},{"damage":27,"enemies":"The Heart","floor":55,"turns":7}],"seed_played":"-3848433036436330481","potions_obtained":[{"floor":2.0,"key":"Block Potion"},{"floor":7.0,"key":"Explosive Potion"},{"floor":10.0,"key":"GamblersBrew"},{"floor":13.0,"key":"GamblersBrew"},{"floor":16.0,"key":"Dexterity Potion"},{"floor":19.0,"key":"SpeedPotion"},{"floor":31.0,"key":"BlessingOfTheForge"},{"floor":37.0,"key":"PowerPotion"},{"floor":45.0,"key":"Dexterity Potion"}],"is_trial":false,"path_per_floor":["M","M","M","?","$","E","M","E","T","M","M","R","E","M","R","B",null,"M","M","$","M","M","R","E","M","T","$","E","M","R","E","R","B",null,"M","?","M","?","T","R","?","E","T","M","M","M","E","M","R","B",null,"R","$","E","B",null],"character_chosen":"DEFECT","items_purchased":["Sundial","Impatience","ClockworkSouvenir","BlessingOfTheForge"],"campfire_rested":0,"item_purchase_floors":[20,20,27,53],"current_hp_per_floor":[53,50,49,49,49,36,23,8,8,19,28,28,31,43,43,38,63,43,43,43,36,25,25,15,27,37,37,49,49,49,49,49,49,73,73,73,73,58,58,58,58,55,55,55,55,55,55,55,55,47,73,73,73,54,79],"gold":236,"neow_bonus":"BOSS_RELIC","is_daily":false,"chose_seed":false,"campfire_upgraded":7,"win_rate":0.0,"timestamp":1610902919,"path_taken":["M","M","M","?","$","E","M","E","T","M","M","R","E","M","R","BOSS","M","?","$","M","M","R","E","M","T","$","E","M","R","E","R","BOSS","M","?","?","?","?","R","?","E","T","M","?","M","E","M","R","BOSS","R","$","E","BOSS"],"items_purchased_type":["Relic","Card","Relic","Potion"],"build_version":"2020-12-22","purchased_purges":3,"victory":true,"max_hp_per_floor":[71,71,71,71,71,71,71,71,71,71,71,71,71,71,71,71,71,71,71,71,71,71,71,71,71,81,81,81,81,81,81,81,81,81,81,81,81,81,81,81,81,81,81,81,81,81,81,81,81,81,81,81,81,81,81],"card_choices":[{"not_picked":["Defragment","Cold Snap"],"picked":"Hologram","floor":1.0},{"not_picked":["Hologram","Melter"],"picked":"Defragment","floor":2.0},{"not_picked":["Storm","Stack"],"picked":"Leap","floor":3.0},{"not_picked":["Chaos","Barrage"],"picked":"Heatsinks","floor":6.0},{"not_picked":["Fusion","Lockon"],"picked":"Recycle","floor":7.0},{"not_picked":["Seek","FTL"],"picked":"Defragment","floor":8.0},{"not_picked":["Leap","Redo"],"picked":"Cold Snap","floor":10.0},{"not_picked":["Consume","Coolheaded"],"picked":"Turbo","floor":11.0},{"not_picked":["Chaos","Compile Driver","Auto Shields"],"picked":"SKIP","floor":13.0},{"not_picked":["Reinforced Body","Gash","Recycle"],"picked":"SKIP","floor":14.0},{"not_picked":["Meteor Strike","Electrodynamics"],"picked":"Amplify","floor":16.0},{"not_picked":["Glacier","Go for the Eyes"],"picked":"Coolheaded","floor":18.0},{"not_picked":["White Noise","Rebound","Loop"],"picked":"SKIP","floor":19.0},{"not_picked":["Beam Cell","Static Discharge+1","Coolheaded"],"picked":"SKIP","floor":21.0},{"not_picked":["Defragment","Scrape","Cold Snap"],"picked":"SKIP","floor":22.0},{"not_picked":["Hologram","Cold Snap+1","Stack"],"picked":"SKIP","floor":24.0},{"not_picked":["Beam Cell+1","Genetic Algorithm","Steam"],"picked":"SKIP","floor":25.0},{"not_picked":["Rip and Tear+1","Hologram"],"picked":"BootSequence","floor":28.0},{"not_picked":["Genetic Algorithm","Go for the Eyes+1"],"picked":"Machine Learning","floor":29.0},{"not_picked":["Steam","Gash+1"],"picked":"Chill","floor":31.0},{"not_picked":["Amplify","Seek"],"picked":"Echo Form","floor":33.0},{"not_picked":["Go for the Eyes+1","Lockon+1","Ball Lightning+1"],"picked":"SKIP","floor":35.0},{"not_picked":["Stack","Barrage+1","Streamline+1"],"picked":"SKIP","floor":37.0},{"not_picked":["Sunder+1","Aggregate","Capacitor"],"picked":"SKIP","floor":42.0},{"not_picked":["Compile Driver+1","Turbo+1","Go for the Eyes+1"],"picked":"SKIP","floor":44.0},{"not_picked":["Cold Snap+1","Ball Lightning+1","Reprogram+1"],"picked":"SKIP","floor":45.0},{"not_picked":["Reprogram+1","Gash+1"],"picked":"Storm","floor":46.0},{"not_picked":["Chill+1","Cold Snap+1"],"picked":"Blizzard+1","floor":47.0},{"not_picked":["Hologram+1","Consume+1"],"picked":"Heatsinks","floor":48.0},{"not_picked":["Stack+1","Tempest+1"],"picked":"Reboot+1","floor":54}],"player_experience":948140,"relics_obtained":[{"floor":6.0,"key":"Bronze Scales"},{"floor":8.0,"key":"Dream Catcher"},{"floor":9.0,"key":"Meat on the Bone"},{"floor":13.0,"key":"Old Coin"},{"floor":24.0,"key":"Molten Egg 2"},{"floor":24.0,"key":"Bottled Tornado"},{"floor":26.0,"key":"Pear"},{"floor":28.0,"key":"Tiny Chest"},{"floor":28.0,"key":"Vajra"},{"floor":31.0,"key":"Art of War"},{"floor":31.0,"key":"Regal Pillow"},{"floor":42.0,"key":"Turnip"},{"floor":42.0,"key":"InkBottle"},{"floor":43.0,"key":"Toxic Egg 2"},{"floor":47.0,"key":"MawBank"},{"floor":47.0,"key":"Bottled Lightning"},{"floor":54,"key":"Orichalcum"},{"floor":54,"key":"Bird Faced Urn"}],"event_choices":[{"damage_healed":0.0,"max_hp_gain":0.0,"max_hp_loss":0.0,"gold_gain":0.0,"event_name":"Upgrade Shrine","player_choice":"Upgraded","floor":4.0,"gold_loss":0.0,"damage_taken":0.0,"cards_upgraded":["Hyperbeam"]},{"cards_removed":["Auto Shields"],"damage_healed":0.0,"max_hp_gain":0.0,"max_hp_loss":0.0,"gold_gain":0.0,"event_name":"Designer","player_choice":"Upgrade and Remove","floor":36.0,"gold_loss":110.0,"damage_taken":0.0,"cards_upgraded":["Coolheaded"]},{"damage_healed":0.0,"max_hp_gain":0.0,"max_hp_loss":0.0,"gold_gain":0.0,"event_name":"Winding Halls","player_choice":"Embrace Madness","floor":38.0,"gold_loss":0.0,"damage_taken":15.0,"cards_obtained":["Madness","Madness"]},{"damage_healed":0.0,"max_hp_gain":0.0,"max_hp_loss":0.0,"gold_gain":50.0,"event_name":"Golden Shrine","player_choice":"Pray","floor":41.0,"gold_loss":0.0,"damage_taken":0.0}],"is_beta":false,"boss_relics":[{"not_picked":["Fusion Hammer","Cursed Key"],"picked":"Black Star"},{"not_picked":["Runic Pyramid","Velvet Choker"],"picked":"Inserter"}],"items_purged_floors":[5,20,53],"is_endless":false,"potions_floor_spawned":[2,7,10,13,16,19,21,24,28,31,33,37,45],"ascension_level":16}}