{"host":"2se5dq1do2gp0x9k","time":1610852559,"event":{"mods":["AchievementEnabler","BaseMod","Block Reminder","Colored Map","Colored Powertips","Minty Spire (QoL Compilation)","Relic Stats","StSLib","SuperFastMode"],"gold_per_floor":[111,111,124,139,139,139,169,169,195,207,207],"floor_reached":10,"language":"ENG","playtime":160,"items_purged":[],"score":132,"play_id":"469fc4ef-5788-4324-8372-89f15c5570ff","local_time":"20210116190239","is_ascension_mode":true,"campfire_choices":[{"data":"Reprogram","floor":6,"key":"SMITH"},{"floor":8,"key":"REST"}],"circlet_count":0,"master_deck":["AscendersBane","Strike_B","Strike_B","Strike_B","Strike_B","Defend_B","Defend_B","Defend_B","Defend_B","Zap","Dualcast","Streamline+1","Defragment","Reprogram+1","Genetic Algorithm"],"relics":["Cracked Core","NeowsBlessing","Oddly Smooth Stone","Bottled Flame","MawBank"],"acts_visited":["Exordium"],"potions_floor_usage":[],"damage_taken":[{"damage":0,"enemies":"Small Slimes","floor":1,"turns":1},{"damage":0,"enemies":"2 Louse","floor":3,"turns":1},{"damage":0,"enemies":"Cultist","floor":4,"turns":1},{"damage":26,"enemies":"Lagavulin","floor":7,"turns":5},{"damage":36,"enemies":"Gremlin Nob","floor":10,"turns":3}],"seed_played":"-8896403047399815650","potions_obtained":[{"floor":4,"key":"SteroidPotion"},{"floor":7,"key":"Strength Potion"}],"is_trial":false,"path_per_floor":["M","?","M","M","?","R","E","R","T","E"],"character_chosen":"DEFECT","items_purchased":[],"campfire_rested":1,"item_purchase_floors":[],"current_hp_per_floor":[64,64,64,64,38,38,12,33,33,0,0],"gold":207,"neow_bonus":"THREE_ENEMY_KILL","is_daily":false,"chose_seed":false,"campfire_upgraded":1,"win_rate":0.0,"timestamp":1610852559,"path_taken":["M","?","M","M","?","R","E","R","T","E"],"items_purchased_type":[],"build_version":"2020-12-22","purchased_purges":0,"victory":false,"max_hp_per_floor":[71,71,71,71,71,71,71,71,71,71,71],"relic_stats":{"counters":[5,11],"MawBank":12,"obtain_stats":[{"Bottled Flame":7,"NeowsBlessing":0,"Oddly Smooth Stone":5,"Cracked Core":0,"MawBank":9},{"Bottled Flame":4,"NeowsBlessing":0,"Oddly Smooth Stone":3,"Cracked Core":0,"MawBank":4},{"Bottled Flame":8,"NeowsBlessing":0,"Oddly Smooth Stone":3,"Cracked Core":0,"MawBank":8}]},"card_choices":[{"not_picked":["Chill","Loop"],"picked":"Streamline","floor":1},{"not_picked":["Scrape","Conserve Battery"],"picked":"Defragment","floor":3},{"not_picked":["White Noise","Aggregate"],"picked":"Reprogram","floor":4},{"not_picked":["White Noise","FTL"],"picked":"Genetic Algorithm","floor":7}],"player_experience":3874197,"relics_obtained":[{"floor":7,"key":"Bottled Flame"},{"floor":9,"key":"MawBank"}],"event_choices":[{"damage_healed":0,"gold_gain":0,"player_choice":"Grow","damage_taken":0,"max_hp_gain":0,"max_hp_loss":0,"event_name":"Living Wall","floor":2,"gold_loss":0,"cards_upgraded":["Streamline"]},{"damage_healed":0,"gold_gain":0,"player_choice":"Success","damage_taken":26,"relics_obtained":["Oddly Smooth Stone"],"max_hp_gain":0,"max_hp_loss":0,"event_name":"Scrap Ooze","floor":5,"gold_loss":0}],"is_beta":false,"boss_relics":[],"items_purged_floors":[],"is_endless":false,"potions_floor_spawned":[4,7],"killed_by":"Gremlin Nob","ascension_level":20}}