{"host":"0rxdudjy6rylha1k","time":1610918334,"event":{"mods":["Aspiration","BaseMod","Colored Map","Colored Powertips","Downfall","Highlight Path","Hubris","Minty Spire (QoL Compilation)","StSLib"],"gold_per_floor":[99,119,135,154,154,167,191,210,26,40,40,53,53,63,82,82,82],"floor_reached":16,"language":"ENG","playtime":2458,"items_purged":[],"score":98,"play_id":"f6b84737-13f0-425f-b048-fb1ba63b2eb3","local_time":"20210117141854","is_ascension_mode":false,"campfire_choices":[{"floor":1.0,"key":"RECALL"},{"data":"bronze:Repair","floor":11.0,"key":"SMITH"},{"data":"bronze:Format","floor":13.0,"key":"SMITH"}],"circlet_count":0,"master_deck":["bronze:Strike","bronze:Strike","bronze:Strike","bronze:Strike","bronze:Defend","bronze:Defend","bronze:Defend","bronze:Defend","bronze:Replicate","bronze:Goto","bronze:FineTuning","bronze:Shell","bronze:Repair+1","bronze:DelayedSlice","bronze:ClassDefault","bronze:ItsAFeature","bronze:Format+1","bronze:Shell","bronze:Assembly"],"relics":["bronze:BronzeCore","The Courier","Akabeko","Lee\u0027s Waffle"],"acts_visited":[],"potions_floor_usage":[16],"damage_taken":[{"damage":3.0,"enemies":"Cultist","floor":2.0,"turns":5.0},{"damage":3.0,"enemies":"2 Louse","floor":3.0,"turns":3.0},{"damage":17.0,"enemies":"Jaw Worm","floor":4.0,"turns":6.0},{"damage":15.0,"enemies":"Gremlin Gang","floor":6.0,"turns":7.0},{"damage":5.0,"enemies":"Exordium Wildlife","floor":8.0,"turns":4.0},{"damage":1.0,"enemies":"downfall:FleeingMerchant","floor":9.0,"turns":4.0},{"damage":0.0,"enemies":"Blue Slaver","floor":10.0,"turns":4.0},{"damage":0.0,"enemies":"3 Louse","floor":12.0,"turns":3.0},{"damage":0.0,"enemies":"Large Slime","floor":14.0,"turns":8.0},{"damage":16,"enemies":"Exordium Thugs","floor":15,"turns":6},{"damage":99,"enemies":"DF_ARCHETYPE_STREAMLINE","floor":16,"turns":15}],"seed_played":"5756664539376346173","potions_obtained":[{"floor":6.0,"key":"ColorlessPotion"},{"floor":8.0,"key":"sneckomod:MuddlingPotion"},{"floor":10.0,"key":"Weak Potion"},{"floor":15,"key":"Energy Potion"}],"is_trial":false,"path_per_floor":["R","M","M","M","T","M","T","M","$","M","R","M","R","M","M","B"],"character_chosen":"THE_AUTOMATON","items_purchased":["Lee\u0027s Waffle","bronze:Format"],"campfire_rested":0,"item_purchase_floors":[9,9],"current_hp_per_floor":[77,74,71,54,54,46,46,48,84,84,84,84,84,84,68,0,0],"gold":82,"neow_bonus":"TEN_PERCENT_HP_BONUS","is_daily":false,"chose_seed":false,"campfire_upgraded":2,"win_rate":0.0,"timestamp":1610918334,"path_taken":["R","M","M","M","?","?","T","M","$","?","R","M","R","?","M","BOSS"],"items_purchased_type":["Relic","Card"],"build_version":"2020-12-22","purchased_purges":0,"victory":false,"max_hp_per_floor":[77,77,77,77,77,77,77,77,84,84,84,84,84,84,84,84,84],"card_choices":[{"not_picked":["bronze:Invalidate","bronze:CutThrough"],"picked":"bronze:FineTuning","floor":2.0},{"not_picked":["bronze:Shield","bronze:ForLoop"],"picked":"bronze:Shell","floor":3.0},{"not_picked":["bronze:Shield","bronze:Virus"],"picked":"bronze:Repair","floor":4.0},{"not_picked":["bronze:FineTuning","bronze:BronzeArmor"],"picked":"bronze:DelayedSlice","floor":6.0},{"not_picked":["bronze:Invalidate","bronze:CutThrough"],"picked":"bronze:ClassDefault","floor":8.0},{"not_picked":["bronze:BitShift","bronze:Invalidate"],"picked":"bronze:ItsAFeature","floor":9.0},{"not_picked":["bronze:BitShift","bronze:BronzeArmor"],"picked":"bronze:Shell","floor":10.0},{"not_picked":["bronze:CloningBeam","bronze:ChildClass"],"picked":"bronze:Assembly","floor":12.0},{"not_picked":["bronze:CloningBeam","bronze:Overheat","bronze:Turbo"],"picked":"SKIP","floor":14.0},{"not_picked":["bronze:Invalidate","bronze:Shield","bronze:BugBarrage"],"picked":"SKIP","floor":15}],"player_experience":2547286,"relics_obtained":[{"floor":5.0,"key":"The Courier"},{"floor":7.0,"key":"Akabeko"}],"event_choices":[],"is_beta":false,"boss_relics":[],"items_purged_floors":[],"is_endless":false,"potions_floor_spawned":[6,8,10,12,15],"killed_by":"DF_ARCHETYPE_STREAMLINE","ascension_level":0}}