{"host":"cw25u8qal1h0d7ia","time":1610927698,"event":{"mods":["BaseMod","Downfall","Minty Spire (QoL Compilation)","StSLib"],"gold_per_floor":[99,115,131,141,161,175,175,175,175,100,50,79,29,76,87,87,87,87],"floor_reached":16,"language":"ENG","playtime":901,"items_purged":[],"score":122,"play_id":"b8624fdb-4229-4ae1-b550-b9936bb743b5","local_time":"20210118005458","is_ascension_mode":true,"campfire_choices":[{"data":"Slimebound:Split","floor":1,"key":"SMITH"},{"floor":11,"key":"REST"},{"floor":13,"key":"REST"}],"circlet_count":0,"master_deck":["Slimebound:Strike_Slimebound","Slimebound:Strike_Slimebound","Slimebound:Strike_Slimebound","Slimebound:Tackle","Slimebound:Defend_Slimebound","Slimebound:Defend_Slimebound+1","Slimebound:Defend_Slimebound","Slimebound:Defend_Slimebound","Slimebound:Split+1","Slimebound:CorrosiveSpit+1","Secret Weapon+1","Slimebound:LivingWall","Slimebound:DivideAndConquer","Slimebound:SplitBruiser","downfall:Malfunctioning","Slimebound:LevelUp"],"relics":["Slimebound:AbsorbEndCombat","Slimebound:SlimedTailRelic","downfall:ShatteredFragment","Slimebound:GreedOozeRelic","Prayer Wheel","Blood Vial"],"acts_visited":["Exordium"],"potions_floor_usage":[16],"damage_taken":[{"damage":0,"enemies":"Cultist","floor":2,"turns":3},{"damage":4,"enemies":"2 Louse","floor":3,"turns":2},{"damage":3,"enemies":"Small Slimes","floor":4,"turns":3},{"damage":9,"enemies":"3 Louse","floor":5,"turns":3},{"damage":14,"enemies":"Red Slaver","floor":6,"turns":3},{"damage":20,"enemies":"Lagavulin","floor":12,"turns":5},{"damage":0,"enemies":"Large Slime","floor":15,"turns":4},{"damage":40,"enemies":"SI_SHIV_ARCHETYPE","floor":16,"turns":5}],"seed_played":"8399660610095795441","potions_obtained":[{"floor":6,"key":"SneckoOil"},{"floor":12,"key":"SkillPotion"}],"is_trial":false,"path_per_floor":["R","M","M","M","M","M","T","?","?","?","R","E","R","T","M","B"],"character_chosen":"SLIMEBOUND","items_purchased":[],"campfire_rested":2,"item_purchase_floors":[],"current_hp_per_floor":[47,49,47,44,37,24,24,24,6,6,25,11,30,30,34,0,0,0],"gold":87,"neow_bonus":"RANDOM_COLORLESS_2","is_daily":false,"chose_seed":false,"campfire_upgraded":1,"win_rate":0.0,"timestamp":1610927698,"path_taken":["R","M","M","M","?","M","T","?","?","?","R","E","R","?","M","BOSS"],"items_purchased_type":[],"build_version":"2020-12-22","purchased_purges":0,"victory":false,"max_hp_per_floor":[65,65,65,65,65,65,65,65,65,65,65,65,65,65,65,65,65,65],"card_choices":[{"not_picked":["Thinking Ahead","Magnetism"],"picked":"Secret Weapon","floor":0},{"not_picked":["Slimebound:SlimeSpikes","Slimebound:GoopSpray"],"picked":"Slimebound:LivingWall","floor":2},{"not_picked":["Slimebound:SplitBruiser","Slimebound:Repurpose"],"picked":"Slimebound:DivideAndConquer","floor":3},{"not_picked":["Slimebound:TongueLash","Slimebound:SplitAcid"],"picked":"Slimebound:SplitBruiser","floor":4},{"not_picked":["Slimebound:FinishingTackle","Slimebound:ItLooksTasty","Slimebound:FlameTackle"],"picked":"SKIP","floor":5},{"not_picked":["Slimebound:Dissolve","Slimebound:MegaLick","Slimebound:Prepare"],"picked":"SKIP","floor":6},{"not_picked":["Slimebound:ForwardTackle","Slimebound:RollThrough","Slimebound:SlimeSpikes"],"picked":"SKIP","floor":12},{"not_picked":["Slimebound:LeechingTouch","Slimebound:RollThrough"],"picked":"Slimebound:LevelUp","floor":15},{"not_picked":["Slimebound:FormOfPuddle","Slimebound:SamplingLick","Slimebound:SplitAcid"],"picked":"SKIP","floor":15}],"player_experience":568718,"relics_obtained":[{"floor":7,"key":"Slimebound:SlimedTailRelic"},{"floor":12,"key":"Prayer Wheel"},{"floor":14,"key":"Blood Vial"}],"event_choices":[],"is_beta":false,"boss_relics":[],"items_purged_floors":[],"is_endless":false,"potions_floor_spawned":[6,12],"killed_by":"SI_SHIV_ARCHETYPE","ascension_level":4}}