{"host":"a1u4jo6xlg3w0wsm","time":1610879095,"event":{"mods":["BaseMod","Better Third Choice","DeckTracker","Downfall","Hermit","Hubris","Minty Spire (QoL Compilation)","Rare Cards Sparkle","Replay The Spire","StSLib","The Cursed"],"gold_per_floor":[364,11,186,35,47,47,57,87,110,110,110,141,101,129,129,129,129],"floor_reached":16,"playtime":735,"items_purged":["hermit:Defend_Hermit"],"score":139,"play_id":"82d9340e-f3ba-4e13-bae0-8e32f9466f7c","local_time":"20210117232455","is_ascension_mode":true,"campfire_choices":[{"data":"hermit:Determination","floor":6.0,"key":"SMITH"},{"data":"hermit:ShadowCloak","floor":11.0,"key":"SMITH"},{"floor":15.0,"key":"REST"}],"circlet_count":0,"master_deck":["hermit:Strike_Hermit","hermit:Strike_Hermit","hermit:Strike_Hermit","hermit:Strike_Hermit","hermit:Defend_Hermit","hermit:Defend_Hermit","hermit:Defend_Hermit","hermit:Snapshot","hermit:Covet","hexamod:Strike","Guardian:Defend_Guardian","hermit:ShadowCloak+1","hermit:Dive","hermit:Glare","hermit:Malice","hermit:Brawl","Doubt","hermit:FullyLoaded","hermit:Determination+1","hermit:Coalescence","hermit:EyeOfTheStorm","hermit:Grudge","Regret","hermit:Manifest","hermit:HoleUp"],"relics":["hermit:Momento","BargainBundle","Orichalcum","Boot","PreservedInsect","Bag of Marbles","Toy Ornithopter","Pet Ghost"],"acts_visited":["Exordium"],"potions_floor_usage":[16],"damage_taken":[{"damage":1.0,"enemies":"Cultist","floor":1.0,"turns":4.0},{"damage":5.0,"enemies":"Small Slimes","floor":5.0,"turns":3.0},{"damage":1.0,"enemies":"Jaw Worm","floor":7.0,"turns":4.0},{"damage":20.0,"enemies":"Gremlin Nob","floor":8.0,"turns":5.0},{"damage":5.0,"enemies":"3 Sentries","floor":12.0,"turns":3.0},{"damage":18.0,"enemies":"Gremlin Nob","floor":14.0,"turns":5.0},{"damage":30,"enemies":"Slime Boss","floor":16,"turns":7}],"seed_played":"2772443184945940133","potions_obtained":[{"floor":1.0,"key":"Elixir"},{"floor":7.0,"key":"CultistPotion"},{"floor":14.0,"key":"ColorlessPotion"}],"is_trial":false,"path_per_floor":["M","$","?","$","M","R","M","E","T","?","R","E","?","E","R","B"],"character_chosen":"HERMIT","items_purchased":["BargainBundle","hermit:Dive","hermit:Glare","hermit:Malice","hermit:Brawl","LiquidMemories","CultistPotion","Orichalcum","hermit:FullyLoaded","hermit:Determination"],"campfire_rested":1,"item_purchase_floors":[2,2,2,2,2,2,2,2,4,4],"current_hp_per_floor":[74,74,74,74,69,69,68,48,48,48,48,43,43,25,47,22,22],"gold":129,"neow_bonus":"TWO_FIFTY_GOLD","is_daily":false,"chose_seed":false,"campfire_upgraded":2,"win_rate":0.0,"timestamp":1610879095,"path_taken":["M","$","?","$","M","R","M","E","T","?","R","E","?","E","R","BOSS"],"items_purchased_type":["Relic","Card","Card","Card","Card","Potion","Potion","Relic","Card","Card"],"build_version":"2020-12-13","purchased_purges":1,"victory":false,"max_hp_per_floor":[75,75,75,75,75,75,75,75,75,75,75,75,75,75,75,75,75],"card_choices":[{"not_picked":["hermit:Cheat","hermit:SprayPray"],"picked":"hermit:ShadowCloak","floor":1.0},{"not_picked":["hermit:TakeAim","hermit:ItchyTrigger"],"picked":"hermit:Coalescence","floor":5.0},{"not_picked":["hermit:Headshot","hermit:Desperado"],"picked":"hermit:EyeOfTheStorm","floor":7.0},{"not_picked":["hermit:Roughhouse","hermit:Midnight"],"picked":"hermit:Grudge","floor":8.0},{"not_picked":["hermit:Glare","hermit:Scavenge"],"picked":"hermit:Manifest","floor":12.0},{"not_picked":["hermit:Manifest","hermit:DeadMansHand"],"picked":"hermit:HoleUp","floor":14.0}],"player_experience":356430,"relics_obtained":[{"floor":8.0,"key":"Boot"},{"floor":9.0,"key":"PreservedInsect"},{"floor":12.0,"key":"Toy Ornithopter"},{"floor":14.0,"key":"Pet Ghost"}],"event_choices":[{"damage_healed":0.0,"max_hp_gain":0.0,"max_hp_loss":0.0,"gold_gain":175.0,"event_name":"betterThird:BetterSerpent","player_choice":"AGREE","floor":3.0,"gold_loss":0.0,"damage_taken":11.0},{"damage_healed":0.0,"max_hp_gain":0.0,"max_hp_loss":0.0,"gold_gain":0.0,"event_name":"Big Fish","player_choice":"Box","floor":10.0,"gold_loss":0.0,"damage_taken":0.0,"relics_obtained":["Bag of Marbles"],"cards_obtained":["Regret"]},{"damage_healed":0.0,"max_hp_gain":0.0,"max_hp_loss":0.0,"gold_gain":0.0,"event_name":"betterThird:BetterGoop","player_choice":"Left","floor":13.0,"gold_loss":40.0,"damage_taken":0.0}],"is_beta":false,"boss_relics":[],"items_purged_floors":[2],"is_endless":false,"potions_floor_spawned":[1,7,14],"killed_by":"Slime Boss","ascension_level":4}}