{"host":"r10yh36zs2k9z1sa","time":1610890815,"event":{"mods":["Astrologer","BaseMod","Colored Map","Hermit","Marisa¡]Ãú«B¡@Å]²z¨F¡^","Minty Spire (QoL Compilation)","Permanent Neow","Remilia¡]Á¢¦Ì²ú?¡^","StSLib","The Animator","The Bug Knight","The Cursed","The Gatherer","The Hierophant","The Necromancer","The Runesmith","The Servant 0.9.4"],"gold_per_floor":[359,374,60,77,152,184,195,195,247,258,258,287,0,28,28,126,126,108,122,136,150,150,183,183,214,214,229,256,36,46,75,75,178,178,190,240,255,255,180,209,209,431,431,431,462,476,50,83,83,83],"floor_reached":51,"language":"ZHS","playtime":5668,"items_purged":["Strike_S","Strike_S","Defend_S","Defend_S","Defend_S"],"score":1187,"play_id":"9a405078-fae8-4dca-af6f-e99856681746","local_time":"20210117214015","is_ascension_mode":true,"campfire_choices":[{"data":"MurderousAura","floor":8,"key":"SMITH"},{"data":"Contraction","floor":11,"key":"SMITH"},{"data":"Apotheosis","floor":15,"key":"SMITH"},{"data":"Defy","floor":24,"key":"SMITH"},{"data":"SoulSculpture","floor":32,"key":"SMITH"},{"data":"BottledTime","floor":49,"key":"SMITH"}],"circlet_count":0,"master_deck":["Strike_S","Strike_S+1","KidneyShot+1","Exchange","SpecialFormula","Read","Flash of Steel","FastForward","MurderousAura+1","Contraction+1","ShatteredReality","Defy+1","Apotheosis+1","MurderousAura","Shame","Alleviate","StarChef","SoulSculpture+1","SoulSculpture","FastForward+1","Collapse+1","Deep Breath","Deep Breath","BottledTime+1","Deep Breath"],"relics":["Uniform","Runesmith:AutoHammer","Singing Bowl","Whetstone","Bag of Marbles","Membership Card","Mercury Hourglass","Black Star","Bronze Scales","Torii","Happy Flower","White Beast Statue","Runesmith:Locket","InkBottle","Red Mask","Strawberry","Pen Nib","Ginger","Coffee Dripper","Bird Faced Urn","Letter Opener","CaptainsWheel","Eternal Feather","KneeBrace","CeramicFish","Turnip","Sling","Gambling Chip","Ancient Tea Set"],"acts_visited":["Exordium","TheCity","TheBeyond"],"potions_floor_usage":[18,18,28,28,31,31,35,40,46,50,50,50],"damage_taken":[{"damage":2,"enemies":"Jaw Worm","floor":1,"turns":6},{"damage":5,"enemies":"Cultist","floor":2,"turns":6},{"damage":0,"enemies":"Small Slimes","floor":4,"turns":3},{"damage":7,"enemies":"HollowMod:MossKnight","floor":6,"turns":21},{"damage":4,"enemies":"Blue Slaver","floor":7,"turns":4},{"damage":1,"enemies":"Looter","floor":10,"turns":3},{"damage":10,"enemies":"3 Sentries","floor":12,"turns":9},{"damage":0,"enemies":"Lagavulin","floor":14,"turns":7},{"damage":0,"enemies":"Hexaghost","floor":16,"turns":10},{"damage":6,"enemies":"2 Thieves","floor":18,"turns":4},{"damage":7,"enemies":"3 Byrds","floor":19,"turns":6},{"damage":10,"enemies":"Snecko","floor":20,"turns":8},{"damage":7,"enemies":"Snake Plant","floor":21,"turns":5},{"damage":0,"enemies":"HollowMod:Nosk","floor":23,"turns":9},{"damage":1,"enemies":"Book of Stabbing","floor":25,"turns":5},{"damage":2,"enemies":"Centurion and Healer","floor":27,"turns":7},{"damage":16,"enemies":"Masked Bandits","floor":28,"turns":4},{"damage":2,"enemies":"Snecko","floor":30,"turns":6},{"damage":13,"enemies":"Gremlin Leader","floor":31,"turns":7},{"damage":0,"enemies":"Champ","floor":33,"turns":12},{"damage":1,"enemies":"3 Darklings","floor":35,"turns":3},{"damage":0,"enemies":"Mind Bloom Boss Battle","floor":36,"turns":6},{"damage":0,"enemies":"Orb Walker","floor":37,"turns":2},{"damage":27,"enemies":"Reptomancer","floor":40,"turns":8},{"damage":0,"enemies":"Giant Head","floor":45,"turns":7},{"damage":0,"enemies":"Jaw Worm Horde","floor":46,"turns":4},{"damage":0,"enemies":"HollowMod:StalkingDevout","floor":48,"turns":4},{"damage":23,"enemies":"Time Eater","floor":50,"turns":9}],"seed_played":"7725846521094275823","potions_obtained":[{"floor":1,"key":"FearPotion"},{"floor":6,"key":"SmokeBomb"},{"floor":7,"key":"Regen Potion"},{"floor":14,"key":"FearPotion"},{"floor":21,"key":"LiquidMemories"},{"floor":23,"key":"Swift Potion"},{"floor":28,"key":"Energy Potion"},{"floor":30,"key":"Dexterity Potion"},{"floor":31,"key":"Explosive Potion"},{"floor":33,"key":"Energy Potion"},{"floor":35,"key":"Fire Potion"},{"floor":36,"key":"LiquidMemories"},{"floor":40,"key":"BlessingOfTheForge"},{"floor":46,"key":"Ancient Potion"}],"is_trial":false,"path_per_floor":["M","M","$","M","?","E","M","R","T","M","R","E","$","E","R","B",null,"M","M","M","M","?","E","R","E","T","M","?","$","M","E","R","B",null,"M","?","M","?","$","E","?","?","T","?","E","M","$","E","R","B",null],"character_chosen":"THE_SERVANT","items_purchased":["Runesmith:AutoHammer","Flash of Steel","Membership Card","Apotheosis","SoulSculpture","Strawberry","BottledTime","Deep Breath","Turnip","Sling","AttackPotion","Swift Potion"],"campfire_rested":0,"item_purchase_floors":[3,3,13,13,29,29,47,47,47,47,47,47],"current_hp_per_floor":[57,52,52,57,52,50,51,51,51,55,55,50,50,57,57,61,61,63,65,57,60,60,70,70,69,69,73,57,64,69,66,66,74,84,84,84,86,82,82,84,76,76,76,76,88,90,90,92,92,74],"gold":83,"neow_bonus":"TWO_FIFTY_GOLD","is_daily":false,"chose_seed":false,"campfire_upgraded":6,"win_rate":0.0,"timestamp":1610890815,"path_taken":["M","M","$","M","?","E","?","R","T","M","R","E","$","E","R","BOSS","M","M","M","M","?","E","R","E","T","M","?","$","M","E","R","BOSS","M","?","M","?","$","E","?","?","T","?","E","M","$","E","R","BOSS"],"items_purchased_type":["Relic","Card","Relic","Card","Card","Relic","Card","Card","Relic","Relic","Potion","Potion"],"build_version":"2020-12-22","purchased_purges":5,"victory":true,"max_hp_per_floor":[59,59,59,59,59,59,59,59,59,59,59,59,59,61,61,61,61,63,65,67,69,69,71,71,71,71,73,73,80,82,84,84,84,84,84,84,86,82,82,84,86,86,86,86,88,90,90,92,92,92],"card_choices":[{"not_picked":["TimeTheft","Ricochet"],"picked":"SpecialFormula","floor":1},{"not_picked":["TimeWarp","Replace"],"picked":"Read","floor":2},{"not_picked":["TimeWarp","ShatteredReality"],"picked":"FastForward","floor":4},{"not_picked":["Replace","Potential"],"picked":"MurderousAura","floor":6},{"not_picked":["Rearm","FastForward"],"picked":"Contraction","floor":7},{"not_picked":["Revamp","Starlight"],"picked":"ShatteredReality","floor":10},{"not_picked":["SpecialFormula","Deadline"],"picked":"Defy","floor":12},{"not_picked":["FastForward","FloweringNight","Starlight"],"picked":"Singing Bowl","floor":14},{"not_picked":["FloweringNight","PendulumOfEternity"],"picked":"MurderousAura","floor":16},{"not_picked":["Rearm","Rewind","SurpressingFire"],"picked":"Singing Bowl","floor":18},{"not_picked":["Ricochet","Unruled","MoonPhase"],"picked":"Singing Bowl","floor":19},{"not_picked":["Manipulate","Misdirection","SurpressingFire"],"picked":"Singing Bowl","floor":20},{"not_picked":["Potential","WasteNot","Misdirection"],"picked":"Singing Bowl","floor":21},{"not_picked":["Ricochet+1","TimeTheft","Starlight"],"picked":"Singing Bowl","floor":23},{"not_picked":["Rewind","BestPractice"],"picked":"Alleviate","floor":25},{"not_picked":["Ricochet","Deny","Potential+1"],"picked":"Singing Bowl","floor":27},{"not_picked":["Rearm","TimeWarp"],"picked":"StarChef","floor":28},{"not_picked":["DoubleEdge","Starlight","Alleviate"],"picked":"Singing Bowl","floor":30},{"not_picked":["Ricochet","Starlight","TimeWarp"],"picked":"Singing Bowl","floor":31},{"not_picked":["Embodiment","Solidify"],"picked":"SoulSculpture","floor":33},{"not_picked":["Potential+1","Defy"],"picked":"FastForward+1","floor":35},{"not_picked":["Shuttle+1","Potential+1"],"picked":"Collapse+1","floor":36},{"not_picked":["Rearm+1","FanOfKnives+1","Alleviate+1"],"picked":"Singing Bowl","floor":37},{"not_picked":["Moondial+1","FloweringNight","Sabotage"],"picked":"Singing Bowl","floor":40},{"not_picked":["Mind Blast","Bandage Up","Panacea"],"picked":"Singing Bowl","floor":41},{"not_picked":["Jack Of All Trades","Purity"],"picked":"Deep Breath","floor":41},{"not_picked":["Mind Blast","Chrysalis"],"picked":"Deep Breath","floor":41},{"not_picked":["Replace","FastForward+1","Misdirection+1"],"picked":"Singing Bowl","floor":45},{"not_picked":["Revamp","TimeWarp+1","Alleviate+1"],"picked":"Singing Bowl","floor":46},{"not_picked":["Spin","LightFlow","Rewind+1"],"picked":"Singing Bowl","floor":48}],"player_experience":228134,"relics_obtained":[{"floor":6,"key":"Singing Bowl"},{"floor":9,"key":"Whetstone"},{"floor":12,"key":"Bag of Marbles"},{"floor":14,"key":"Mercury Hourglass"},{"floor":23,"key":"Torii"},{"floor":23,"key":"Happy Flower"},{"floor":25,"key":"White Beast Statue"},{"floor":25,"key":"Runesmith:Locket"},{"floor":26,"key":"InkBottle"},{"floor":28,"key":"Red Mask"},{"floor":31,"key":"Pen Nib"},{"floor":31,"key":"Ginger"},{"floor":36,"key":"Bird Faced Urn"},{"floor":40,"key":"Letter Opener"},{"floor":40,"key":"CaptainsWheel"},{"floor":43,"key":"Eternal Feather"},{"floor":45,"key":"KneeBrace"},{"floor":45,"key":"CeramicFish"},{"floor":48,"key":"Gambling Chip"},{"floor":48,"key":"Ancient Tea Set"}],"event_choices":[{"damage_healed":0,"gold_gain":75,"player_choice":"Touch","damage_taken":5,"max_hp_gain":0,"max_hp_loss":0,"event_name":"FaceTrader","floor":5,"gold_loss":0},{"damage_healed":0,"gold_gain":0,"player_choice":"Stole Relic","damage_taken":0,"relics_obtained":["Bronze Scales"],"max_hp_gain":0,"max_hp_loss":0,"event_name":"Addict","floor":22,"gold_loss":0,"cards_obtained":["Shame"]},{"damage_healed":0,"gold_gain":0,"player_choice":"Fought Bandits","damage_taken":0,"max_hp_gain":0,"max_hp_loss":0,"event_name":"Masked Bandits","floor":28,"gold_loss":0},{"damage_healed":0,"gold_gain":0,"player_choice":"Fight","damage_taken":0,"max_hp_gain":0,"max_hp_loss":0,"event_name":"MindBloom","floor":36,"gold_loss":0},{"damage_healed":0,"gold_gain":0,"player_choice":"Max HP","damage_taken":0,"max_hp_gain":0,"max_hp_loss":4,"event_name":"Winding Halls","floor":38,"gold_loss":0},{"damage_healed":0,"gold_gain":0,"player_choice":"Memory 3","damage_taken":10,"max_hp_gain":0,"max_hp_loss":0,"event_name":"SensoryStone","floor":41,"gold_loss":0},{"damage_healed":0,"gold_gain":222,"player_choice":"Wore Mask","damage_taken":0,"max_hp_gain":0,"max_hp_loss":0,"event_name":"Tomb of Lord Red Mask","floor":42,"gold_loss":0},{"cards_removed":["Defend_S"],"damage_healed":0,"gold_gain":0,"player_choice":"Removed Skill","damage_taken":0,"max_hp_gain":0,"max_hp_loss":0,"event_name":"Falling","floor":44,"gold_loss":0}],"is_beta":false,"boss_relics":[{"not_picked":["Fusion Hammer","SlaversCollar"],"picked":"Black Star"},{"not_picked":["Runesmith:UraniumAnvil","Cursed Key"],"picked":"Coffee Dripper"}],"items_purged_floors":[3,13,29,39,47],"is_endless":false,"potions_floor_spawned":[1,6,7,14,21,23,27,28,30,31,33,35,36,37,40,45,46,48],"ascension_level":2}}