{"host":"a4gjzfht57229mxe","time":1610849965,"event":{"mods":["ATMod(∞¢Ë™Mod)","Act Like it!","BaseMod","Friendly Minions","GifTheSpireLib","Lobotomy","LobotomyExtend","Minty Spire (QoL Compilation)","MostiFishMod","Remilia£®¿Ÿ√◊¿Ú—«£©","Replay The Spire","Shop Mod","Spicy Shops","StSLib","UnlockEverythingMod","Waifu the Spire","Youmu£®ªÍ∆«—˝√Œ£©","noobMod","°æπ¶ƒ‹Mod°øªÏ„Á÷Æª∑–ﬁ∏¥≤π∂°","°æ“≈ŒÔø®≈∆°øREMEMod"],"gold_per_floor":[135,148,181,181,181,181,213,212,212,258,348,406,432,464,464,601,601,617,817,864,917,969,969,989,1001,1024,356,384,384,438,454,454,552,652,663,682,737,795,719,719,733,764,764,795,807,819,819],"floor_reached":46,"language":"ZHS","playtime":1933,"items_purged":["HunterOfTheNight+1"],"score":1038,"play_id":"4f2d392f-c6e7-47e8-b442-fd528851133f","local_time":"20210117101925","daily_mods":["SealedDeck","Heirloom","Time Dilation","DeadlyEvents","Elite Swarm","Uncertain Future"],"is_ascension_mode":false,"campfire_choices":[{"data":"FavorOfDestiny","floor":6,"key":"SMITH"},{"data":"DemonKingCradle","floor":15,"key":"SMITH"},{"data":"TransientEternity","floor":23,"key":"SMITH"},{"data":"BatForm","floor":29,"key":"SMITH"},{"data":"CeilingFear","floor":32,"key":"SMITH"},{"data":"AT_DrawKnifeCut","floor":40,"key":"SMITH"}],"circlet_count":0,"master_deck":["ScarletImprint+1","ScarletImprint","TwelveNightmare+1","BombardNight+1","FavorOfDestiny","BombardNight","BombardNight","FavorOfDestiny","FavorOfDestiny+1","AT_DrawKnifeCut+1","MostiFishMod:RacingGame","ScarletDream","ScarletCoffin","BatForm","DemonKingCradle+1","BatForm+1","CeilingFear+1","DiffusionOfMisfortune","TransientEternity+1","ScarletCoffin"],"relics":["ScarletHat","DaveBox","ice","REME_ComplimentaryCards","AT_ATBox","TungstenRod","ArrowTower","MerchantsRug","ExusiaiGun","TypeBBloodRedTea","Counterbalance","MetatronsCube","LetterFromLob","Replay:Wanted Poster","ScarletDevilRocket","Singing Bowl","Mummified Hand","CeramicFish","MawBank"],"acts_visited":["Exordium","TheCity","TheBeyond"],"potions_floor_usage":[7,7,7,7,7,12,24,30],"damage_taken":[{"damage":4,"enemies":"Small Slimes","floor":1,"turns":2},{"damage":5,"enemies":"Jaw Worm","floor":2,"turns":2},{"damage":0,"enemies":"Cultist","floor":3,"turns":3},{"damage":2,"enemies":"3 Sentries","floor":7,"turns":2},{"damage":0,"enemies":"Gremlin Nob","floor":10,"turns":4},{"damage":12,"enemies":"Lagavulin","floor":11,"turns":6},{"damage":9,"enemies":"Large Slime","floor":12,"turns":3},{"damage":0,"enemies":"3 Sentries","floor":13,"turns":2},{"damage":0,"enemies":"Gremlin Gang","floor":14,"turns":2},{"damage":27,"enemies":"Slime Boss","floor":16,"turns":5},{"damage":0,"enemies":"Shell Parasite","floor":18,"turns":1},{"damage":0,"enemies":"Gremlin Leader","floor":20,"turns":2},{"damage":0,"enemies":"3 Byrds","floor":21,"turns":2},{"damage":14,"enemies":"Book of Stabbing","floor":22,"turns":3},{"damage":0,"enemies":"Centurion and Healer","floor":24,"turns":2},{"damage":3,"enemies":"Snecko","floor":25,"turns":2},{"damage":0,"enemies":"REME_1_Revenger","floor":28,"turns":1},{"damage":0,"enemies":"Gremlin Leader","floor":30,"turns":2},{"damage":0,"enemies":"Cultist and Chosen","floor":31,"turns":1},{"damage":0,"enemies":"Pondfish","floor":33,"turns":1},{"damage":0,"enemies":"3 Darklings","floor":35,"turns":1},{"damage":12,"enemies":"3 Shapes","floor":36,"turns":1},{"damage":0,"enemies":"Transient","floor":37,"turns":1},{"damage":0,"enemies":"Writhing Mass","floor":41,"turns":1},{"damage":0,"enemies":"R_Hoarder","floor":42,"turns":2},{"damage":0,"enemies":"Nemesis","floor":44,"turns":1},{"damage":0,"enemies":"R_Hoarder","floor":46,"turns":1}],"seed_played":"6975633058835005727","potions_obtained":[{"floor":2,"key":"DistilledChaos"},{"floor":3,"key":"BlessingOfTheForge"},{"floor":3,"key":"DuplicationPotion"},{"floor":7,"key":"SkillPotion"},{"floor":14,"key":"PowerPotion"},{"floor":24,"key":"Toxic Potion"},{"floor":30,"key":"BlessingOfTheForge"},{"floor":30,"key":"Reflective Coating"},{"floor":35,"key":"Death Potion"}],"is_trial":true,"path_per_floor":["M","M","M","?","?","R","E","$","T","E","E","M","E","M","R","B",null,"M","?","E","M","E","R","M","M","T","$","E","R","E","M","R","B",null,"M","M","M","?","$","R","M","E","T","E","E","E"],"character_chosen":"REMILIA","items_purchased":["MerchantsRug","MetatronsCube","Singing Bowl"],"campfire_rested":0,"item_purchase_floors":[8,27,39],"current_hp_per_floor":[71,66,66,64,64,64,62,62,62,62,50,41,41,41,41,26,75,75,75,75,75,61,61,64,64,64,64,67,67,70,73,73,75,75,75,63,66,49,49,49,54,59,59,64,64,67,67],"gold":819,"neow_bonus":"","is_daily":false,"chose_seed":false,"campfire_upgraded":6,"win_rate":0.0,"timestamp":1610849965,"path_taken":["M","M","M","?","?","R","E","$","T","E","?","M","E","M","R","BOSS","M","?","?","M","?","R","M","M","T","$","E","R","E","M","R","BOSS","M","M","M","?","$","R","M","E","T","E","?","E"],"items_purchased_type":["Relic","Relic","Relic"],"build_version":"2020-12-22","purchased_purges":1,"victory":false,"max_hp_per_floor":[75,75,75,75,75,75,75,75,75,75,75,75,75,75,75,75,75,75,75,75,75,75,75,75,75,75,75,75,75,75,75,75,75,75,75,75,75,75,75,75,77,79,79,81,81,81,81],"card_choices":[{"not_picked":["UltimateOffering","NightLord","StarOfDavid"],"picked":"SKIP","floor":1},{"not_picked":["UnderTheZenith","VampireKiss","ScarletDream"],"picked":"SKIP","floor":2},{"not_picked":["CharismaGuard","Septette","LeisurelyOfLord"],"picked":"SKIP","floor":3},{"not_picked":["BloodyCatastrophe","BatForm"],"picked":"ScarletCoffin","floor":7},{"not_picked":["HeartBreak","ScarletCoffin"],"picked":"BatForm","floor":10},{"not_picked":["BatForm","CurseOfVladTepes"],"picked":"DemonKingCradle","floor":11},{"not_picked":["SuperhumanBloodyKnife","FavorOfDestiny","VampireSweep"],"picked":"SKIP","floor":12},{"not_picked":["KillingBlow","ChaoticDestiny"],"picked":"BatForm","floor":13},{"not_picked":["ScarletDevil","StarOfDavid","FavorOfDestiny"],"picked":"SKIP","floor":14},{"not_picked":["BatForm","HeartBreak"],"picked":"CeilingFear","floor":16},{"not_picked":["FitfulNightmare","UnderTheZenith"],"picked":"DiffusionOfMisfortune","floor":18},{"not_picked":["ScarletCoffin","BloodySeventeenLaser"],"picked":"TransientEternity","floor":20},{"not_picked":["EndlessAdversity","AfternoonTea","StarOfDavid+1"],"picked":"SKIP","floor":21},{"not_picked":["HellCatastrophe","CeilingFear"],"picked":"ScarletCoffin","floor":22},{"not_picked":["RedMagic","Stigmanizer","VampireKiss"],"picked":"SKIP","floor":24},{"not_picked":["ScarletSymphony","TwelveNightmare+1","Septette+1"],"picked":"SKIP","floor":25},{"not_picked":["BloodyCatastrophe","QueenOfMidnight","TransientEternity"],"picked":"SKIP","floor":28},{"not_picked":["CeilingFear","ForecastOfChange","ScarletCoffin"],"picked":"SKIP","floor":30},{"not_picked":["BadLadyScramble","ScarletImprint","UnderTheZenith"],"picked":"SKIP","floor":31},{"not_picked":["MiserableFate","UltimateOffering","StarOfDavid+1"],"picked":"SKIP","floor":35},{"not_picked":["DiffusionOfMisfortune","LeisurelyOfLord+1","BloodyTrap+1"],"picked":"SKIP","floor":36},{"not_picked":["ScarletDream+1","MastersStateliness","BlasphemousPunishment+1"],"picked":"SKIP","floor":37},{"not_picked":["FavorOfDestiny+1","CharismaGuard","BlasphemousPunishment+1"],"picked":"Singing Bowl","floor":41},{"not_picked":["QueenOfMidnight","ChaoticDestiny","CurseOfVladTepes"],"picked":"Singing Bowl","floor":42},{"not_picked":["BloodyCatastrophe","ChaoticDestiny","CurseOfVladTepes"],"picked":"Singing Bowl","floor":44}],"player_experience":29056,"relics_obtained":[{"floor":7,"key":"ReplayTheSpireMod:Shallot"},{"floor":9,"key":"Meat on the Bone"},{"floor":10,"key":"AT_RedTearstoneRing"},{"floor":11,"key":"Bronze Scales"},{"floor":13,"key":"SynthV:C4"},{"floor":20,"key":"Whetstone"},{"floor":22,"key":"TypeBBloodRedTea"},{"floor":22,"key":"Counterbalance"},{"floor":24,"key":"Replay:Rubber Ducky"},{"floor":26,"key":"AT_BladeRuinedKing"},{"floor":28,"key":"Pantograph"},{"floor":30,"key":"Nunchaku"},{"floor":30,"key":"LetterFromLob"},{"floor":38,"key":"ScarletDevilRocket"},{"floor":42,"key":"Mummified Hand"},{"floor":43,"key":"CeramicFish"},{"floor":44,"key":"MawBank"}],"event_choices":[{"damage_healed":0,"gold_gain":0,"player_choice":"Success","damage_taken":3,"relics_obtained":["REME_IWantAll"],"max_hp_gain":0,"max_hp_loss":0,"event_name":"Scrap Ooze","floor":4,"gold_loss":0},{"damage_healed":0,"gold_gain":0,"player_choice":"1 cards matched","damage_taken":0,"max_hp_gain":0,"max_hp_loss":0,"event_name":"Match and Keep!","floor":5,"gold_loss":0,"cards_obtained":["ScarletDream"]},{"damage_healed":0,"gold_gain":250,"player_choice":"Bet on Owner","damage_taken":0,"max_hp_gain":0,"max_hp_loss":0,"event_name":"The Joust","floor":19,"gold_loss":50}],"is_beta":false,"boss_relics":[{"not_picked":["FeatherPendant","PatriotShield"],"picked":"ExusiaiGun"},{"not_picked":["Replay:Grab Bag","RhineFirstAidKit"],"picked":"Replay:Wanted Poster"}],"items_purged_floors":[27],"is_endless":true,"potions_floor_spawned":[3,7,13,16,21,22,30,31,35,41,42,44],"killed_by":"R_Hoarder","ascension_level":0}}