{"host":"h4qgcirtxz6qax9j","time":1610884063,"event":{"mods":["AchievementEnabler","BaseMod","Colored Powertips","Hermit","Minty Spire (QoL Compilation)","StSLib","SuperFastMode","The Servant 0.9.4"],"gold_per_floor":[118,118,44,64,84,103,120,120,120,120,71,86,96,96,96,96,96],"floor_reached":16,"language":"KOR","playtime":647,"items_purged":[],"score":94,"play_id":"081ceee3-d822-4a15-aa9b-921d60d6b8a1","local_time":"20210117204743","is_ascension_mode":false,"campfire_choices":[{"floor":8,"key":"REST"},{"floor":15,"key":"REST"}],"circlet_count":0,"master_deck":["Strike_S","Strike_S","Strike_S","Strike_S","Defend_S","Defend_S","Defend_S","Defend_S","KidneyShot","FastForward","ReturningBlade","FanOfKnives","SurpressingFire","Rearm","Defy","Starlight","Rearm","Sabotage"],"relics":["Uniform","Ornamental Fan","Mercury Hourglass","Shuriken"],"acts_visited":["Exordium"],"potions_floor_usage":[0,16,16],"damage_taken":[{"damage":0,"enemies":"Jaw Worm","floor":1,"turns":5},{"damage":0,"enemies":"Small Slimes","floor":4,"turns":4},{"damage":1,"enemies":"Cultist","floor":5,"turns":4},{"damage":21,"enemies":"Exordium Thugs","floor":6,"turns":6},{"damage":21,"enemies":"Large Slime","floor":7,"turns":10},{"damage":0,"enemies":"2 Fungi Beasts","floor":12,"turns":3},{"damage":0,"enemies":"Exordium Wildlife","floor":13,"turns":3},{"damage":48,"enemies":"Hexaghost","floor":16,"turns":16}],"seed_played":"-3338476744787253470","potions_obtained":[{"floor":0,"key":"FearPotion"},{"floor":0,"key":"SkillPotion"},{"floor":0,"key":"Fruit Juice"},{"floor":5,"key":"Strength Potion"}],"is_trial":false,"path_per_floor":["M","?","$","M","M","M","M","R","T","?","$","M","M","?","R","B"],"character_chosen":"THE_SERVANT","items_purchased":["ReturningBlade","Starlight"],"campfire_rested":2,"item_purchase_floors":[3,11],"current_hp_per_floor":[70,45,45,45,44,23,2,23,23,23,23,23,23,23,44,0,0],"gold":96,"neow_bonus":"THREE_SMALL_POTIONS","is_daily":false,"chose_seed":false,"campfire_upgraded":0,"win_rate":0.0,"timestamp":1610884063,"path_taken":["M","?","$","M","M","M","M","R","T","?","?","M","M","?","R","BOSS"],"items_purchased_type":["Card","Card"],"build_version":"2020-12-22","purchased_purges":0,"victory":false,"max_hp_per_floor":[70,70,70,70,70,70,70,70,70,70,70,70,70,70,70,70,70],"card_choices":[{"not_picked":["Spin","PendulumOfEternity"],"picked":"FastForward","floor":1},{"not_picked":["Foresight","DualDimension"],"picked":"FanOfKnives","floor":4},{"not_picked":["DualDimension","Defy"],"picked":"SurpressingFire","floor":5},{"not_picked":["Replace","Unruled"],"picked":"Rearm","floor":6},{"not_picked":["DoubleEdge","Revamp"],"picked":"Defy","floor":7},{"not_picked":["DoubleEdge","MoonPhase"],"picked":"Rearm","floor":12},{"not_picked":["FanOfKnives","Rewind","DoubleEdge"],"picked":"SKIP","floor":13}],"player_experience":50330,"relics_obtained":[{"floor":9,"key":"Mercury Hourglass"}],"event_choices":[{"damage_healed":0,"gold_gain":0,"player_choice":"Success","damage_taken":25,"relics_obtained":["Ornamental Fan"],"max_hp_gain":0,"max_hp_loss":0,"event_name":"Scrap Ooze","floor":2,"gold_loss":0},{"damage_healed":0,"gold_gain":0,"player_choice":"Searched \u00271\u0027 times","damage_taken":0,"relics_obtained":["Shuriken"],"max_hp_gain":0,"max_hp_loss":0,"event_name":"Dead Adventurer","floor":10,"gold_loss":0},{"damage_healed":0,"gold_gain":0,"cards_transformed":["Exchange"],"player_choice":"Transformed","damage_taken":0,"max_hp_gain":0,"max_hp_loss":0,"event_name":"Transmorgrifier","floor":14,"gold_loss":0,"cards_obtained":["Sabotage"]}],"is_beta":false,"boss_relics":[],"items_purged_floors":[],"is_endless":false,"potions_floor_spawned":[5,7,13],"killed_by":"Hexaghost","ascension_level":0}}