{"host":"i09pxcjttd31eh4q","time":1610896939,"event":{"mods":["AchievementEnabler","BaseMod","Colored Map","Keyboard Shortcuts","Minty Spire (QoL Compilation)","StSLib","SuperFastMode"],"gold_per_floor":[116,116,116,41,60,90,90,15,15,15,55,69,69,94,94,184,184,202,102,75,106,106,106,106,106,133,149,149,149],"floor_reached":28,"language":"KOR","playtime":605,"items_purged":["Pain","Strike_G"],"score":498,"play_id":"0d3e1165-44bb-4b79-a108-78f904178303","local_time":"20210118002219","is_ascension_mode":true,"campfire_choices":[{"data":"Tools of the Trade","floor":7.0,"key":"SMITH"},{"data":"Noxious Fumes","floor":13.0,"key":"SMITH"},{"data":"Noxious Fumes","floor":15.0,"key":"SMITH"},{"floor":23,"key":"REST"},{"data":"Neutralize","floor":25,"key":"SMITH"}],"circlet_count":0,"master_deck":["AscendersBane","Strike_G","Defend_G","Defend_G","Defend_G","Defend_G","Defend_G","Survivor","Neutralize+1","Well Laid Plans","Acrobatics","Tools of the Trade+1","Noxious Fumes+1","Noxious Fumes+1","Backflip","Acrobatics+1","Catalyst"],"relics":["Ring of the Snake","NeowsBlessing","WarpedTongs","Gambling Chip","Letter Opener","Golden Idol","Blood Vial","Empty Cage","Red Mask","Bag of Marbles"],"acts_visited":["Exordium","TheCity"],"potions_floor_usage":[],"damage_taken":[{"damage":0.0,"enemies":"Jaw Worm","floor":1.0,"turns":1.0},{"damage":0.0,"enemies":"2 Louse","floor":5.0,"turns":1.0},{"damage":0.0,"enemies":"Gremlin Nob","floor":6.0,"turns":1.0},{"damage":10.0,"enemies":"3 Sentries","floor":11.0,"turns":7.0},{"damage":0.0,"enemies":"Cultist","floor":12.0,"turns":4.0},{"damage":4.0,"enemies":"2 Fungi Beasts","floor":14.0,"turns":4.0},{"damage":5.0,"enemies":"Hexaghost","floor":16.0,"turns":9.0},{"damage":9.0,"enemies":"Chosen","floor":18.0,"turns":6.0},{"damage":14,"enemies":"2 Thieves","floor":20,"turns":4},{"damage":65,"enemies":"Masked Bandits","floor":21,"turns":5},{"damage":17,"enemies":"Snake Plant","floor":27,"turns":6},{"damage":8,"enemies":"Snecko","floor":28,"turns":5}],"seed_played":"1244574403630948119","potions_obtained":[{"floor":1.0,"key":"CultistPotion"},{"floor":12.0,"key":"FairyPotion"},{"floor":14.0,"key":"Poison Potion"}],"is_trial":false,"path_per_floor":["M","?","?","$","M","E","R","$","T","?","E","M","R","M","R","B",null,"M","$","M","?","T","R","$","R","T","M","M"],"character_chosen":"THE_SILENT","items_purchased":["Noxious Fumes"],"campfire_rested":1,"item_purchase_floors":[8],"current_hp_per_floor":[59,52,52,52,52,52,52,52,52,52,42,44,44,42,42,39,55,48,48,36,3,3,21,21,21,21,6,0,0],"gold":149,"neow_bonus":"THREE_ENEMY_KILL","is_daily":false,"chose_seed":false,"campfire_upgraded":4,"win_rate":0.0,"timestamp":1610896939,"path_taken":["M","?","?","$","?","E","R","$","T","?","E","M","R","M","R","BOSS","M","$","M","?","?","R","?","R","T","?","M"],"items_purchased_type":["Card"],"build_version":"2020-12-22","purchased_purges":2,"victory":false,"max_hp_per_floor":[66,66,66,66,66,66,66,66,66,60,60,60,60,60,60,60,60,60,60,60,60,60,60,60,60,60,60,60,60],"card_choices":[{"not_picked":["Endless Agony","Cloak And Dagger"],"picked":"Well Laid Plans","floor":1.0},{"not_picked":["Quick Slash","Dash"],"picked":"Acrobatics","floor":5.0},{"not_picked":["Terror","Concentrate"],"picked":"Tools of the Trade","floor":6.0},{"not_picked":["Choke","Outmaneuver","Envenom"],"picked":"SKIP","floor":11.0},{"not_picked":["Accuracy","Underhanded Strike"],"picked":"Noxious Fumes","floor":12.0},{"not_picked":["Deadly Poison","Heel Hook"],"picked":"Backflip","floor":14.0},{"not_picked":["Deflect","Sucker Punch"],"picked":"Acrobatics+1","floor":18.0},{"not_picked":["Acrobatics","Dagger Throw","Underhanded Strike"],"picked":"SKIP","floor":20},{"not_picked":["Poisoned Stab","Accuracy"],"picked":"Catalyst","floor":27}],"player_experience":867025,"relics_obtained":[{"floor":6.0,"key":"Gambling Chip"},{"floor":9.0,"key":"Letter Opener"},{"floor":11.0,"key":"Blood Vial"},{"floor":21,"key":"Red Mask"},{"floor":26,"key":"Bag of Marbles"}],"event_choices":[{"cards_removed":["Strike_G"],"damage_healed":0.0,"max_hp_gain":0.0,"max_hp_loss":0.0,"gold_gain":0.0,"event_name":"Golden Wing","player_choice":"Card Removal","floor":2.0,"gold_loss":0.0,"damage_taken":7.0},{"damage_healed":0.0,"max_hp_gain":0.0,"max_hp_loss":0.0,"gold_gain":0.0,"event_name":"Accursed Blacksmith","player_choice":"Rummage","floor":3.0,"gold_loss":0.0,"damage_taken":0.0,"relics_obtained":["WarpedTongs"],"cards_obtained":["Pain"]},{"damage_healed":0.0,"max_hp_gain":0.0,"max_hp_loss":6.0,"gold_gain":0.0,"event_name":"Golden Idol","player_choice":"Lose Max HP","floor":10.0,"gold_loss":0.0,"damage_taken":0.0,"relics_obtained":["Golden Idol"]},{"damage_healed":0,"gold_gain":0,"player_choice":"Fought Bandits","damage_taken":0,"max_hp_gain":0,"max_hp_loss":0,"event_name":"Masked Bandits","floor":21,"gold_loss":0}],"is_beta":false,"boss_relics":[{"not_picked":["Sozu","Black Star"],"picked":"Empty Cage"}],"items_purged_floors":[4,19],"is_endless":false,"potions_floor_spawned":[1,12,14],"killed_by":"Snecko","ascension_level":20}}