{"host":"x3qmax6e7jj3tga5","time":1610851945,"event":{"mods":["BaseMod","Custom Start","Minty Spire (QoL Compilation)","StSLib"],"gold_per_floor":[109,109,120,135,135,168,168,180,180,180,212,212,230,257,257,356,356,329,212,134,151,168,168,203,203,203,213,227,45,79,92,92,92,92],"floor_reached":33,"language":"ENG","playtime":2402,"items_purged":["Strike_G","Strike_G"],"score":322,"play_id":"ccd2d121-d3c6-42ad-8a4a-42f14ba80c76","local_time":"20210116205225","is_ascension_mode":true,"campfire_choices":[{"data":"Quick Slash","floor":10,"key":"SMITH"},{"floor":15,"key":"REST"},{"data":"Strike_G","floor":23,"key":"PURGE"},{"data":"Defend_G","floor":25,"key":"PURGE"},{"floor":32,"key":"REST"}],"circlet_count":0,"master_deck":["Defend_G","Defend_G","Defend_G","Defend_G","Survivor","Neutralize+1","Deadly Poison","Quick Slash+1","Leg Sweep","Blade Dance","Dagger Throw","Predator","Quick Slash","Envenom","PiercingWail+1","Deflect","Bouncing Flask","Glass Knife","Footwork","Blade Dance","Catalyst","Slice","Infinite Blades"],"relics":["Ring of the Snake","The Courier","Oddly Smooth Stone","Incense Burner","MealTicket","Turnip","Runic Pyramid","Peace Pipe","Question Card","The Specimen","InkBottle"],"acts_visited":["Exordium","TheCity"],"potions_floor_usage":[11,30],"damage_taken":[{"damage":2,"enemies":"Small Slimes","floor":1,"turns":5},{"damage":0,"enemies":"2 Louse","floor":3,"turns":3},{"damage":3,"enemies":"Jaw Worm","floor":4,"turns":3},{"damage":26,"enemies":"Gremlin Nob","floor":6,"turns":5},{"damage":0,"enemies":"Red Slaver","floor":8,"turns":5},{"damage":21,"enemies":"Lagavulin","floor":11,"turns":7},{"damage":1,"enemies":"Looter","floor":13,"turns":2},{"damage":10,"enemies":"Gremlin Nob","floor":14,"turns":4},{"damage":23,"enemies":"Hexaghost","floor":16,"turns":15},{"damage":13,"enemies":"2 Thieves","floor":18,"turns":5},{"damage":5,"enemies":"Chosen","floor":21,"turns":6},{"damage":10,"enemies":"Shelled Parasite and Fungi","floor":22,"turns":9},{"damage":6,"enemies":"Book of Stabbing","floor":24,"turns":10},{"damage":1,"enemies":"Snake Plant","floor":27,"turns":6},{"damage":26,"enemies":"Snecko","floor":28,"turns":10},{"damage":32,"enemies":"Gremlin Leader","floor":30,"turns":9},{"damage":3,"enemies":"Centurion and Healer","floor":31,"turns":9},{"damage":36,"enemies":"Champ","floor":33,"turns":13}],"seed_played":"-4402562486671762384","potions_obtained":[{"floor":1,"key":"PowerPotion"},{"floor":4,"key":"Regen Potion"},{"floor":13,"key":"BlessingOfTheForge"},{"floor":16,"key":"Dexterity Potion"},{"floor":24,"key":"SmokeBomb"}],"is_trial":false,"path_per_floor":["M","?","M","M","?","E","T","M","T","R","E","?","M","E","R","B",null,"M","?","$","M","M","R","E","R","T","M","M","$","E","M","R","B"],"character_chosen":"THE_SILENT","items_purchased":["Deflect","The Specimen"],"campfire_rested":2,"item_purchase_floors":[20,29],"current_hp_per_floor":[75,75,75,72,65,39,39,39,39,39,32,32,31,21,44,21,77,64,64,77,72,62,62,56,56,56,55,29,44,12,9,32,0,0],"gold":92,"neow_bonus":"TEN_PERCENT_HP_BONUS","is_daily":false,"chose_seed":false,"campfire_upgraded":1,"win_rate":0.0,"timestamp":1610851945,"path_taken":["M","?","M","M","?","E","?","?","T","R","E","?","?","E","R","BOSS","M","?","$","M","M","R","E","R","T","M","?","$","E","M","R","BOSS"],"items_purchased_type":["Card","Relic"],"build_version":"2020-12-22","purchased_purges":2,"victory":false,"max_hp_per_floor":[77,77,77,77,77,77,77,77,77,77,77,77,77,77,77,77,77,77,77,77,77,77,77,77,77,77,77,77,77,77,77,77,77,77],"card_choices":[{"not_picked":["Calculated Gamble","All Out Attack"],"picked":"Deadly Poison","floor":1},{"not_picked":["Deflect","Deadly Poison","Prepared"],"picked":"SKIP","floor":3},{"not_picked":["Deflect","Slice"],"picked":"Quick Slash","floor":4},{"not_picked":["Masterful Stab","Envenom"],"picked":"Leg Sweep","floor":6},{"not_picked":["Dagger Throw","Calculated Gamble"],"picked":"Blade Dance","floor":8},{"not_picked":["Eviscerate","Prepared"],"picked":"Dagger Throw","floor":11},{"not_picked":["Sucker Punch","Leg Sweep"],"picked":"Predator","floor":13},{"not_picked":["Bane","Phantasmal Killer"],"picked":"Quick Slash","floor":14},{"not_picked":["Doppelganger","Die Die Die"],"picked":"Envenom","floor":16},{"not_picked":["Dagger Spray","Backflip"],"picked":"PiercingWail+1","floor":18},{"not_picked":["Sucker Punch","Prepared"],"picked":"Bouncing Flask","floor":21},{"not_picked":["Choke","Backflip"],"picked":"Glass Knife","floor":22},{"not_picked":["Deflect","Slice+1"],"picked":"Footwork","floor":24},{"not_picked":["Skewer","Underhanded Strike","Prepared"],"picked":"Blade Dance","floor":27},{"not_picked":["Sucker Punch","Heel Hook+1","Quick Slash"],"picked":"Catalyst","floor":28},{"not_picked":["Dagger Spray","Prepared","Outmaneuver"],"picked":"Slice","floor":30},{"not_picked":["Prepared","PiercingWail","Calculated Gamble"],"picked":"Infinite Blades","floor":31}],"player_experience":313207,"relics_obtained":[{"floor":6,"key":"The Courier"},{"floor":7,"key":"Oddly Smooth Stone"},{"floor":9,"key":"Incense Burner"},{"floor":11,"key":"MealTicket"},{"floor":14,"key":"Turnip"},{"floor":24,"key":"Question Card"},{"floor":30,"key":"InkBottle"}],"event_choices":[{"damage_healed":0,"gold_gain":0,"player_choice":"Grow","damage_taken":0,"max_hp_gain":0,"max_hp_loss":0,"event_name":"Living Wall","floor":2,"gold_loss":0,"cards_upgraded":["Neutralize"]},{"cards_removed":["Strike_G"],"damage_healed":0,"gold_gain":0,"player_choice":"Card Removal","damage_taken":7,"max_hp_gain":0,"max_hp_loss":0,"event_name":"Golden Wing","floor":5,"gold_loss":0},{"cards_removed":["Strike_G"],"damage_healed":0,"gold_gain":0,"player_choice":"Purged","damage_taken":0,"max_hp_gain":0,"max_hp_loss":0,"event_name":"Purifier","floor":12,"gold_loss":0},{"damage_healed":0,"gold_gain":0,"player_choice":"Paid Gold","damage_taken":0,"relics_obtained":["Peace Pipe"],"max_hp_gain":0,"max_hp_loss":0,"event_name":"WeMeetAgain","floor":19,"gold_loss":117}],"is_beta":false,"boss_relics":[{"not_picked":["Empty Cage","Velvet Choker"],"picked":"Runic Pyramid"}],"items_purged_floors":[20,29],"is_endless":false,"potions_floor_spawned":[1,4,13,16,21,24,27,28],"killed_by":"Champ","ascension_level":1}}