{"host":"m9b9nkcj1hzhp9h6","time":1610922784,"event":{"mods":["100% Spire Juice","AchievementEnabler","Act Like it!","AlwaysNeverKeys","Aspiration","BaseMod","Better Altar","Better Match","Better Note","Better Sensory Stone","Better Silent Start","Better Skull","Better Third Choice","Better Vampires","BetterRewards","Booster Modes","Colored Map","Colored Powertips","Colorless Booster Pack","Conspire","Custom Start","Dark Map","Defective Defect","Dio Mod","Displayed Cursed Tome","Dota2Spire","Elementarium","Emptier Cage","Energized Spire","Fox Events","Friendly Minions","Gensokyo","GifTheSpireLib","Halation","HexUI Lib","Hubris","Infinite Spire","Ironclad Rager","Jedi Mod","Mari Mod (Legacy)","Mari\u0027s V1 Patch","Marked Mod","Menagerie","Mimic Mod","Minty Spire (QoL Compilation)","Pale of the Ancients","Permanent Neow","Poor People Problems","Prisma Mod","RRrroohrrRGHHhhh!!","Random Character Button","Random Character Mod","Relic Sorter","Relic Stats","Remilia??????","Replay The Spire","Reworked Bosses","Robot Space Explorer","RumiaBox-????????","SCP261 Mod","SacredBarkPlus","Small Relic Pack","Spikes Relics","StSLib","Stuff the Spire","The Animator","The Blue Laboratory","The Factory","The IronCluck","The Jungle","Trackpad","Transform Curses","Useless Jewels Mod","Virulent Crown","Waifu the Spire","Wandering Minibosses","Yohane!","Yuri Mod","egg","slay the spire mod where everything is the same but ironclad has a cowboy hat","thorton","vexMod"],"gold_per_floor":[368,382,10,20,20,20,20,35,85,85,99,126,126,156,156,156,156],"floor_reached":16,"language":"ENG","playtime":639,"items_purged":["StuffTheSpire:Python"],"score":154,"play_id":"7f5749be-1ffe-4cf6-98fd-3a8faa00a5ba","local_time":"20210118003304","is_ascension_mode":true,"campfire_choices":[{"data":"Infinite Blades","floor":7,"key":"SMITH"},{"data":"Neutralize","floor":10,"key":"SMITH"},{"floor":13,"key":"REST"},{"data":"rorgmod:Accuracy","floor":15,"key":"SMITH"}],"circlet_count":0,"master_deck":["Strike_G","Strike_G","Strike_G","Strike_G","Defend_G","Defend_G","Defend_G","Defend_G","Survivor","Neutralize+1","Infinite Blades+1","StuffTheSpire:DoubleShiv","Regret","rorgmod:Accuracy+1"],"relics":["Ring of the Snake","halation:Sosunser","Art of War","hubris:FunFungus","The Courier"],"acts_visited":["Exordium"],"potions_floor_usage":[11,12,14,16],"damage_taken":[{"damage":0,"enemies":"2 Louse","floor":1,"turns":3},{"damage":5,"enemies":"Small Slimes","floor":2,"turns":4},{"damage":0,"enemies":"Jaw Worm","floor":4,"turns":4},{"damage":3,"enemies":"Red Slaver","floor":8,"turns":8},{"damage":6,"enemies":"Blue Slaver","floor":11,"turns":4},{"damage":8,"enemies":"Gremlin Nob","floor":12,"turns":5},{"damage":34,"enemies":"3 Sentries","floor":14,"turns":9},{"damage":24,"enemies":"The Guardian","floor":16,"turns":14}],"seed_played":"5445965341276656142","potions_obtained":[{"floor":1,"key":"Flashbang"},{"floor":2,"key":"blueLaboratory:BlinkPotion"},{"floor":12,"key":"blueLaboratory:RecallPotion"},{"floor":14,"key":"Languid Potion"}],"is_trial":false,"path_per_floor":["M","M","$","M","$","?","R","M","T","R","M","E","R","E","R","B"],"character_chosen":"THE_SILENT","items_purchased":["Infinite Blades","StuffTheSpire:DoubleShiv","halation:Sosunser"],"campfire_rested":1,"item_purchase_floors":[3,3,3],"current_hp_per_floor":[45,40,40,40,40,40,40,37,37,37,31,23,44,16,16,0,0],"gold":156,"neow_bonus":"TWO_FIFTY_GOLD","is_daily":false,"chose_seed":false,"campfire_upgraded":3,"win_rate":0.0,"timestamp":1610922784,"path_taken":["M","M","$","M","$","?","R","M","T","R","M","E","R","E","R","BOSS"],"items_purchased_type":["Card","Card","Relic"],"build_version":"2020-12-22","purchased_purges":1,"victory":false,"max_hp_per_floor":[70,70,70,70,70,70,70,70,70,70,70,70,70,70,70,70,70],"relic_stats":{"counters":[8,51],"Art of War":[0],"obtain_stats":[{"halation:Sosunser":3,"hubris:FunFungus":12,"The Courier":14,"Art of War":6,"Ring of the Snake":0},{"halation:Sosunser":2,"hubris:FunFungus":6,"The Courier":7,"Art of War":3,"Ring of the Snake":0},{"halation:Sosunser":7,"hubris:FunFungus":28,"The Courier":37,"Art of War":11,"Ring of the Snake":0}],"Ring of the Snake":[0]},"card_choices":[{"not_picked":["Hidden Blade","Backflip"],"picked":"StuffTheSpire:Python","floor":1},{"not_picked":["StuffTheSpire:Incursion","Deflect","Outmaneuver"],"picked":"SKIP","floor":2},{"not_picked":["Flechettes","Calculated Gamble","Sucker Punch"],"picked":"SKIP","floor":4},{"not_picked":["Poisoned Stab","Acrobatics","Tactician"],"picked":"SKIP","floor":8},{"not_picked":["StuffTheSpire:Sprint","Dagger Throw","Deflect"],"picked":"SKIP","floor":11},{"not_picked":["ReplayTheSpireMod:The Works","rorgmod:Catalyst","Leg Sweep"],"picked":"SKIP","floor":12},{"not_picked":["rorgmod:Tools of the Trade","Dodge and Roll"],"picked":"rorgmod:Accuracy","floor":14}],"player_experience":1407206,"relics_obtained":[{"floor":12,"key":"hubris:FunFungus"},{"floor":14,"key":"The Courier"}],"event_choices":[{"damage_healed":0,"gold_gain":0,"player_choice":"Box","damage_taken":0,"relics_obtained":["Art of War"],"max_hp_gain":0,"max_hp_loss":0,"event_name":"Big Fish","floor":6,"gold_loss":0,"cards_obtained":["Regret"]}],"is_beta":false,"boss_relics":[],"items_purged_floors":[3],"is_endless":false,"potions_floor_spawned":[1,2,12,14],"killed_by":"The Guardian","ascension_level":8}}