{"host":"31s8hzukbhz1k6i6","time":1610921917,"event":{"mods":["AchievementEnabler","BaseMod","Bestiary","Colored Map","Filter the Spire","Minty Spire (QoL Compilation)","Relic Stats","ojb\u0027s Info Mod"],"gold_per_floor":[119,119,137,137,153,153,187,201,225,225,225,225,225,225],"floor_reached":13,"language":"ENG","playtime":370,"items_purged":[],"score":166,"play_id":"1b1cef5c-d8db-4f42-8b51-750395b3fef5","local_time":"20210117141837","is_ascension_mode":true,"campfire_choices":[{"data":"Pommel Strike","floor":6,"key":"SMITH"},{"data":"Shockwave","floor":10,"key":"SMITH"},{"data":"Clothesline","floor":12,"key":"SMITH"}],"circlet_count":0,"master_deck":["AscendersBane","Strike_R","Strike_R","Strike_R","Strike_R","Defend_R","Defend_R","Defend_R","Defend_R","Bash+1","Clothesline+1","Shockwave+1","Pommel Strike+1","Second Wind+1"],"relics":["Burning Blood","Toxic Egg 2","Meat on the Bone","MealTicket"],"acts_visited":["Exordium"],"potions_floor_usage":[],"damage_taken":[{"damage":4,"enemies":"2 Louse","floor":1,"turns":3},{"damage":0,"enemies":"Cultist","floor":3,"turns":3},{"damage":9,"enemies":"Jaw Worm","floor":5,"turns":4},{"damage":50,"enemies":"Gremlin Nob","floor":7,"turns":5},{"damage":18,"enemies":"Exordium Wildlife","floor":8,"turns":5},{"damage":33,"enemies":"Lagavulin","floor":13,"turns":5}],"seed_played":"-1768173920755502092","potions_obtained":[{"floor":5,"key":"Ancient Potion"},{"floor":7,"key":"SteroidPotion"}],"is_trial":false,"path_per_floor":["M","?","M","T","M","R","E","M","T","R","?","R","E"],"character_chosen":"IRONCLAD","items_purchased":[],"campfire_rested":0,"item_purchase_floors":[],"current_hp_per_floor":[70,75,75,75,72,72,28,28,28,28,21,21,0,0],"gold":225,"neow_bonus":"UPGRADE_CARD","is_daily":false,"chose_seed":false,"campfire_upgraded":3,"win_rate":0.0,"timestamp":1610921917,"path_taken":["M","?","?","?","?","R","E","M","T","R","?","R","E"],"items_purchased_type":[],"build_version":"2020-12-22","purchased_purges":0,"victory":false,"max_hp_per_floor":[75,75,75,75,75,75,75,75,75,75,75,75,75,75],"relic_stats":{"counters":[6,25],"MealTicket":0,"obtain_stats":[{"MealTicket":9,"Toxic Egg 2":4,"Burning Blood":0,"Meat on the Bone":7},{"MealTicket":5,"Toxic Egg 2":2,"Burning Blood":0,"Meat on the Bone":4},{"MealTicket":20,"Toxic Egg 2":6,"Burning Blood":0,"Meat on the Bone":15}],"Burning Blood":24,"Meat on the Bone":12},"card_choices":[{"not_picked":["Headbutt","Wild Strike"],"picked":"Clothesline","floor":1},{"not_picked":["Perfected Strike","Pummel"],"picked":"Shockwave","floor":3},{"not_picked":["Wild Strike","Perfected Strike"],"picked":"Pommel Strike","floor":5},{"not_picked":["Wild Strike","Heavy Blade","Clothesline"],"picked":"SKIP","floor":7},{"not_picked":["Sword Boomerang","Havoc+1"],"picked":"Second Wind+1","floor":8}],"player_experience":190570,"relics_obtained":[{"floor":4,"key":"Toxic Egg 2"},{"floor":7,"key":"Meat on the Bone"},{"floor":9,"key":"MealTicket"}],"event_choices":[{"damage_healed":5,"gold_gain":0,"player_choice":"Full Heal","damage_taken":0,"max_hp_gain":0,"max_hp_loss":0,"event_name":"Wheel of Change","floor":2,"gold_loss":0},{"cards_removed":["Strike_R"],"damage_healed":0,"gold_gain":0,"player_choice":"Card Removal","damage_taken":7,"max_hp_gain":0,"max_hp_loss":0,"event_name":"Golden Wing","floor":11,"gold_loss":0}],"is_beta":false,"boss_relics":[],"items_purged_floors":[],"is_endless":false,"potions_floor_spawned":[5,7,8],"killed_by":"Lagavulin","ascension_level":20}}