{"host":"yyfz7fpozqrhk2m1","time":1610923270,"event":{"mods":["BaseMod","Minty Spire (QoL Compilation)"],"gold_per_floor":[119,119,130,148,160,185,42,42,91,101,101,120,155,175,175,277,277,291,291,302,302,302,302,332,332,332,363,463,463,477,497,497,597,597,608,658,678,678,693,693,724,724,724,360,393,441,461,294,294,294],"floor_reached":51,"language":"ENG","playtime":10000,"items_purged":["Defend_B","Strike_B"],"score":767,"play_id":"302ab859-81cd-4ed5-a3a3-714c820e6b55","local_time":"20210117174110","is_ascension_mode":true,"campfire_choices":[{"data":"Sunder","floor":8.0,"key":"SMITH"},{"data":"Genetic Algorithm","floor":11.0,"key":"SMITH"},{"floor":15.0,"key":"REST"},{"data":"Buffer","floor":23.0,"key":"SMITH"},{"data":"Defragment","floor":25.0,"key":"SMITH"},{"floor":32.0,"key":"REST"},{"data":"Turbo","floor":40,"key":"SMITH"},{"data":"Electrodynamics","floor":42,"key":"SMITH"},{"data":"White Noise","floor":49,"key":"SMITH"}],"circlet_count":0,"master_deck":["Strike_B+1","Defend_B","Zap","Dualcast","Defragment+1","Steam","Lockon","Sunder+1","Cold Snap","Conserve Battery","Ball Lightning+1","Buffer+1","Genetic Algorithm+1","Rainbow","Seek","Turbo+1","Electrodynamics+1","Echo Form","Self Repair+1","Go for the Eyes","Rainbow","Leap+1","White Noise+1","Capacitor"],"relics":["Cracked Core","Ornamental Fan","Centennial Puzzle","Tiny Chest","Velvet Choker","Juzu Bracelet","Darkstone Periapt","Shuriken","StoneCalendar","Ice Cream","Question Card","Busted Crown","Thread and Needle","Matryoshka","Omamori","Whetstone","Dream Catcher","Incense Burner","Art of War","Emotion Chip"],"acts_visited":["Exordium","TheCity","TheBeyond"],"potions_floor_usage":[],"damage_taken":[{"damage":0.0,"enemies":"Small Slimes","floor":1.0,"turns":3.0},{"damage":0.0,"enemies":"Cultist","floor":3.0,"turns":3.0},{"damage":0.0,"enemies":"2 Louse","floor":4.0,"turns":2.0},{"damage":6.0,"enemies":"Gremlin Gang","floor":5.0,"turns":4.0},{"damage":9.0,"enemies":"Lagavulin","floor":6.0,"turns":6.0},{"damage":0.0,"enemies":"Exordium Wildlife","floor":10.0,"turns":3.0},{"damage":0.0,"enemies":"2 Fungi Beasts","floor":12.0,"turns":4.0},{"damage":0.0,"enemies":"3 Sentries","floor":13.0,"turns":5.0},{"damage":5.0,"enemies":"Large Slime","floor":14.0,"turns":5.0},{"damage":22.0,"enemies":"Hexaghost","floor":16.0,"turns":7.0},{"damage":11.0,"enemies":"2 Thieves","floor":18.0,"turns":4.0},{"damage":0.0,"enemies":"Spheric Guardian","floor":20.0,"turns":3.0},{"damage":9.0,"enemies":"Gremlin Leader","floor":24.0,"turns":6.0},{"damage":14.0,"enemies":"Book of Stabbing","floor":27.0,"turns":5.0},{"damage":7.0,"enemies":"Colosseum Slavers","floor":28.0,"turns":4.0},{"damage":28.0,"enemies":"Colosseum Nobs","floor":28.0,"turns":4.0},{"damage":9.0,"enemies":"Chosen and Byrds","floor":30.0,"turns":3.0},{"damage":14.0,"enemies":"Centurion and Healer","floor":31.0,"turns":4.0},{"damage":27.0,"enemies":"Champ","floor":33.0,"turns":10.0},{"damage":15,"enemies":"3 Darklings","floor":35,"turns":3},{"damage":0,"enemies":"Mind Bloom Boss Battle","floor":36,"turns":6},{"damage":2,"enemies":"Orb Walker","floor":37,"turns":4},{"damage":4,"enemies":"Spire Growth","floor":39,"turns":5},{"damage":12,"enemies":"Reptomancer","floor":41,"turns":5},{"damage":6,"enemies":"Nemesis","floor":45,"turns":7},{"damage":15,"enemies":"2 Orb Walkers","floor":46,"turns":6},{"damage":14,"enemies":"Writhing Mass","floor":47,"turns":6},{"damage":19,"enemies":"Time Eater","floor":50,"turns":11}],"seed_played":"3324401681450005562","potions_obtained":[{"floor":1.0,"key":"Strength Potion"},{"floor":6.0,"key":"Ancient Potion"},{"floor":10.0,"key":"LiquidBronze"},{"floor":13.0,"key":"LiquidMemories"},{"floor":18.0,"key":"GamblersBrew"},{"floor":30.0,"key":"LiquidMemories"},{"floor":31.0,"key":"SteroidPotion"},{"floor":33.0,"key":"EssenceOfDarkness"},{"floor":35,"key":"Swift Potion"},{"floor":45,"key":"SkillPotion"}],"is_trial":false,"path_per_floor":["M","?","M","M","M","E","$","R","T","M","R","M","E","M","R","B",null,"M","?","M","?","T","R","E","R","T","E","?","?","M","M","R","B",null,"M","?","M","T","M","R","E","R","T","$","E","?","M","$","R","B",null],"character_chosen":"DEFECT","items_purchased":["Buffer","Incense Burner","Capacitor"],"campfire_rested":2,"item_purchase_floors":[7,44,48],"current_hp_per_floor":[54,54,54,54,48,39,39,39,39,39,39,39,39,34,56,34,75,64,64,64,64,64,64,55,55,55,41,26,26,37,43,65,48,75,60,70,75,75,75,75,73,73,73,73,75,60,66,66,66,57],"gold":294,"neow_bonus":"TRANSFORM_TWO_CARDS","is_daily":false,"chose_seed":false,"campfire_upgraded":7,"win_rate":0.0,"timestamp":1610923270,"path_taken":["M","?","M","M","M","E","$","R","T","M","R","?","E","M","R","BOSS","M","?","?","?","?","R","E","R","T","E","?","?","M","M","R","BOSS","M","?","M","?","M","R","E","R","T","$","E","?","M","$","R","BOSS"],"items_purchased_type":["Card","Relic","Card"],"build_version":"2020-12-22","purchased_purges":2,"victory":true,"max_hp_per_floor":[75,75,75,75,75,75,75,75,75,75,75,75,75,75,75,75,75,75,75,75,75,75,75,75,75,75,75,75,75,75,75,75,75,75,75,75,75,75,75,75,75,75,75,75,75,75,75,75,75,75],"card_choices":[{"not_picked":["Go for the Eyes","Rebound"],"picked":"Lockon","floor":1.0},{"not_picked":["Hologram","Steam"],"picked":"Sunder","floor":3.0},{"not_picked":["Redo","Leap"],"picked":"Cold Snap","floor":4.0},{"not_picked":["Steam","Coolheaded"],"picked":"Conserve Battery","floor":5.0},{"not_picked":["Conserve Battery","Sweeping Beam"],"picked":"Ball Lightning","floor":6.0},{"not_picked":["Go for the Eyes","Streamline"],"picked":"Genetic Algorithm","floor":10.0},{"not_picked":["Gash","Auto Shields"],"picked":"Rainbow","floor":12.0},{"not_picked":["Leap","Beam Cell","FTL"],"picked":"SKIP","floor":13.0},{"not_picked":["Streamline","Reboot","Recycle"],"picked":"SKIP","floor":14.0},{"not_picked":["Core Surge","Fission"],"picked":"Seek","floor":16.0},{"not_picked":["Barrage","Hologram","Cold Snap"],"picked":"SKIP","floor":18.0},{"not_picked":["Steam+1","Darkness"],"picked":"Turbo","floor":20.0},{"not_picked":["Streamline","Lockon"],"picked":"Echo Form","floor":24.0},{"not_picked":["Turbo","Glacier"],"picked":"Self Repair+1","floor":27.0},{"not_picked":["Gash","Steam+1","Barrage+1","Leap"],"picked":"SKIP","floor":30.0},{"not_picked":["Coolheaded","Melter","Steam"],"picked":"Go for the Eyes","floor":31.0},{"not_picked":["Creative AI","Hyperbeam","Thunder Strike"],"picked":"Rainbow","floor":33.0},{"not_picked":["Gash+1","Go for the Eyes"],"picked":"SKIP","floor":35},{"not_picked":["Go for the Eyes+1","Cold Snap"],"picked":"SKIP","floor":37},{"not_picked":["Turbo"],"picked":"Leap+1","floor":39},{"not_picked":["Reinforced Body+1","Streamline+1"],"picked":"SKIP","floor":41},{"not_picked":["Beam Cell","Ball Lightning"],"picked":"SKIP","floor":45},{"not_picked":["Streamline+1"],"picked":"White Noise","floor":47}],"player_experience":557829,"relics_obtained":[{"floor":6.0,"key":"Ornamental Fan"},{"floor":9.0,"key":"Centennial Puzzle"},{"floor":13.0,"key":"Tiny Chest"},{"floor":22.0,"key":"Juzu Bracelet"},{"floor":24.0,"key":"Darkstone Periapt"},{"floor":26.0,"key":"Shuriken"},{"floor":27.0,"key":"StoneCalendar"},{"floor":28.0,"key":"Ice Cream"},{"floor":28.0,"key":"Question Card"},{"floor":36,"key":"Thread and Needle"},{"floor":38,"key":"Matryoshka"},{"floor":41,"key":"Omamori"},{"floor":43,"key":"Whetstone"},{"floor":43,"key":"Dream Catcher"},{"floor":45,"key":"Art of War"},{"floor":46,"key":"Emotion Chip"}],"event_choices":[{"damage_healed":0.0,"max_hp_gain":0.0,"max_hp_loss":0.0,"gold_gain":0.0,"event_name":"NoteForYourself","player_choice":"Ignored","floor":2.0,"gold_loss":0.0,"damage_taken":0.0},{"cards_removed":["Strike_B"],"damage_healed":0.0,"max_hp_gain":0.0,"max_hp_loss":0.0,"gold_gain":0.0,"event_name":"Purifier","player_choice":"Purged","floor":19.0,"gold_loss":0.0,"damage_taken":0.0},{"damage_healed":0.0,"max_hp_gain":0.0,"max_hp_loss":0.0,"gold_gain":0.0,"cards_transformed":["Defend_B"],"event_name":"Transmorgrifier","player_choice":"Transformed","floor":21.0,"gold_loss":0.0,"damage_taken":0.0,"cards_obtained":["Electrodynamics"]},{"damage_healed":0.0,"max_hp_gain":0.0,"max_hp_loss":0.0,"gold_gain":0.0,"event_name":"Colosseum","player_choice":"Fight","floor":28.0,"gold_loss":0.0,"damage_taken":0.0},{"damage_healed":0.0,"max_hp_gain":0.0,"max_hp_loss":0.0,"gold_gain":0.0,"event_name":"Colosseum","player_choice":"Fought Nobs","floor":28.0,"gold_loss":0.0,"damage_taken":0.0},{"damage_healed":0.0,"max_hp_gain":0.0,"max_hp_loss":0.0,"gold_gain":0.0,"event_name":"Vampires","player_choice":"Ignored","floor":29.0,"gold_loss":0.0,"damage_taken":0.0},{"damage_healed":0,"gold_gain":0,"player_choice":"Fight","damage_taken":0,"max_hp_gain":0,"max_hp_loss":0,"event_name":"MindBloom","floor":36,"gold_loss":0},{"damage_healed":0,"gold_gain":0,"player_choice":"Fight","damage_taken":0,"max_hp_gain":0,"max_hp_loss":0,"event_name":"Mysterious Sphere","floor":46,"gold_loss":0}],"is_beta":false,"boss_relics":[{"not_picked":["Philosopher\u0027s Stone","Nuclear Battery"],"picked":"Velvet Choker"},{"not_picked":["Calling Bell","SlaversCollar"],"picked":"Busted Crown"}],"items_purged_floors":[44,48],"is_endless":false,"potions_floor_spawned":[1,6,10,13,18,28,30,31,33,35,39,45,46,47],"ascension_level":1}}