{"host":"fm9e0lfunjlbhzxv","time":1610851889,"event":{"mods":["Act Like it!","Alarm Clock","BaseMod","Bestiary","Better Match","Better Note","Better Skull","Better Third Choice","Colored Map","Colored Powertips","Hallownest","Key Reminder","Minty Spire (QoL Compilation)","Permanent Neow","Rare Cards Sparkle","Relic Stats","Spicy Shops","StSLib","The Bug Knight","slay the spire mod where everything is the same but ironclad has a cowboy hat"],"gold_per_floor":[115,40,54,54,74,74,102,102,177,189,189,221,236,267,267,364,364,374,374,5,5,17,52,52,84,135,135,55,55,83,95,95,199,199,215,115,115,128,128,128,181,181,181,199,227,47,47,2,2,2,2,2,2,36,36],"floor_reached":56,"language":"ENG","playtime":5833,"items_purged":["HollowMod:QuickDashStart"],"score":1267,"play_id":"c223fd2e-ce3b-457e-a979-ea2736e33e54","local_time":"20210116185129","is_ascension_mode":true,"campfire_choices":[{"data":"HollowMod:MawleksShell","floor":6,"key":"SMITH"},{"floor":11,"key":"REST"},{"floor":15,"key":"REST"},{"data":"HollowMod:TaintedHusks","floor":29,"key":"SMITH"},{"data":"HollowMod:NewJinnsSoul","floor":32,"key":"SMITH"},{"data":"Apotheosis","floor":40,"key":"SMITH"},{"data":"HollowMod:ElderbugsWisdom","floor":42,"key":"SMITH"},{"floor":47,"key":"RECALL"},{"floor":49,"key":"REST"},{"data":"Hallownest:attackMasterCycloneSlash","floor":52,"key":"SMITH"}],"circlet_count":0,"master_deck":["HollowMod:NailStrikeStart","HollowMod:QuickDashStart","HollowMod:QuickDashStart+1","HollowMod:FocusHealStart","HollowMod:PogoStrike","HollowMod:TaintedHusks+1","HollowMod:MawleksShell+1","HollowMod:GreatSlash","HollowMod:QuirrelsAssistance","HollowMod:HeavyBlow","HollowMod:CrystalDash+1","HollowMod:HuntersJournal","HollowMod:NewJinnsSoul+1","HollowMod:HornetsHelp","HollowMod:WhiteLadysBlessing+1","HollowMod:SoulShaman+1","HollowMod:PaleKingsBlessing+1","HollowMod:BlackTendrils","Hallownest:attackMasterCycloneSlash+1","HollowMod:DashSlash","HollowMod:Grubsong","HollowMod:NewLittleFool+1","HollowMod:DungDefenderAura+1","HollowMod:PerfectDash+1","Hallownest:skillCityofTearsMap","HollowMod:ElderbugsWisdom+1","HollowMod:MonomonsArchive","HollowMod:VoidDash","HollowMod:CloakDash","HollowMod:DesolateDive+1","Apotheosis+1","Secret Technique","HollowMod:TaintedHusks+1","HollowMod:CornifersMapStart+1","HollowMod:SoulEater+1","HollowMod:WraithStrike","HollowMod:LifebloodCocoon+1"],"relics":["HollowMod:VesselMask","Akabeko","Sundial","StoneCalendar","Happy Flower","Astrolabe","Toolbox","War Paint","WarpedTongs","Mummified Hand","HollowMod:PaleOreRelic","SlaversCollar","Hallownest:SoulVesselRelic","Smiling Mask","Dead Branch","HollowMod:LumaflyLanternRelic","Hallownest:StagBellRelic1","Orichalcum"],"acts_visited":["Hallownest:Greenpath","Hallownest:CityofTears","Hallownest:KingdomsEdge","TheEnding"],"potions_floor_usage":[7,16,16,33,33,35,35,41,50,55],"damage_taken":[{"damage":0,"enemies":"Hallownest:2_Baldur","floor":1,"turns":3},{"damage":14,"enemies":"Hallownest:monsterHuskGuard","floor":3,"turns":5},{"damage":12,"enemies":"2_ Uuma","floor":5,"turns":6},{"damage":37,"enemies":"Hallownest:eliteCrystalGuardian","floor":7,"turns":8},{"damage":33,"enemies":"Hallownest:1_Ooma_and_2_Uuma","floor":10,"turns":7},{"damage":6,"enemies":"Hallownest:eliteVengeflyKing","floor":12,"turns":8},{"damage":3,"enemies":"Hallownest:monsterMossCharger","floor":13,"turns":5},{"damage":28,"enemies":"Hallownest:eliteCrystalGuardian","floor":14,"turns":7},{"damage":63,"enemies":"Hallownest:BossHornet","floor":16,"turns":17},{"damage":28,"enemies":"Hallownest:Guard_and_Sentry","floor":18,"turns":7},{"damage":6,"enemies":"Hallownest:3_Youths","floor":22,"turns":7},{"damage":26,"enemies":"Hallownest:eliteSoulWarrior","floor":23,"turns":10},{"damage":1,"enemies":"Hallownest:Nosk","floor":25,"turns":9},{"damage":9,"enemies":"Hallownest:eliteSoulWarrior","floor":30,"turns":7},{"damage":7,"enemies":"Hallownest:2_Flukemon","floor":31,"turns":4},{"damage":36,"enemies":"Hallownest:BossMantisLord","floor":33,"turns":8},{"damage":59,"enemies":"Hallownest:3_Siblings","floor":35,"turns":7},{"damage":17,"enemies":"Hallownest:2_Littles","floor":38,"turns":6},{"damage":10,"enemies":"Hallownest:eliteCollector","floor":41,"turns":8},{"damage":1,"enemies":"Hallownest:monsterPrimalAspid","floor":44,"turns":3},{"damage":32,"enemies":"Hallownest:eliteHiveKnight","floor":45,"turns":7},{"damage":53,"enemies":"Hallownest:BossHollowKnight","floor":50,"turns":9},{"damage":17,"enemies":"Shield and Spear","floor":54,"turns":7},{"damage":69,"enemies":"The Heart","floor":55,"turns":9}],"seed_played":"3728662565027157885","potions_obtained":[{"floor":3,"key":"DistilledChaos"},{"floor":7,"key":"GamblersBrew"},{"floor":12,"key":"ColorlessPotion"},{"floor":13,"key":"SteroidPotion"},{"floor":14,"key":"AttackPotion"},{"floor":22,"key":"SkillPotion"},{"floor":30,"key":"Fire Potion"},{"floor":33,"key":"AttackPotion"},{"floor":35,"key":"Swift Potion"},{"floor":44,"key":"Energy Potion"},{"floor":54,"key":"CultistPotion"}],"is_trial":false,"path_per_floor":["M","?","M","?","M","R","E","?","T","M","R","E","M","E","R","B",null,"M","?","$","?","M","E","?","E","T","?","?","R","E","M","R","B",null,"M","?","$","M","?","R","E","R","T","M","E","?","R","$","R","B",null,"R","$","E","B",null],"character_chosen":"THE_BUGKNIGHT","items_purchased":["HollowMod:DashSlash","Toolbox","HollowMod:Grubsong","HollowMod:WraithStrike"],"campfire_rested":3,"item_purchase_floors":[20,20,20,48],"current_hp_per_floor":[82,87,83,83,71,71,44,49,49,22,48,52,55,33,59,8,87,73,73,73,87,87,83,83,84,84,84,84,84,85,80,80,57,87,34,34,34,39,39,39,51,51,51,56,42,42,42,42,68,34,87,87,87,76,24],"gold":36,"neow_bonus":"TEN_PERCENT_HP_BONUS","is_daily":false,"chose_seed":false,"campfire_upgraded":6,"win_rate":0.0,"timestamp":1610851889,"path_taken":["M","?","M","?","M","R","E","?","T","?","R","E","M","E","R","BOSS","M","?","$","?","M","E","?","E","T","?","?","R","E","?","R","BOSS","M","?","$","M","?","R","E","R","T","M","E","?","R","$","R","BOSS","R","$","E","BOSS"],"items_purchased_type":["Card","Relic","Card","Card"],"build_version":"2020-12-22","purchased_purges":1,"victory":true,"max_hp_per_floor":[82,87,87,87,87,87,87,87,87,87,87,87,87,87,87,87,87,87,87,87,87,87,87,87,87,87,87,87,87,87,87,87,87,87,87,87,87,87,87,87,87,87,87,87,87,87,87,87,87,87,87,87,87,87,87],"relic_stats":{"Happy Flower":[41],"counters":[24,174],"Sundial":[30],"Mummified Hand":[67],"Astrolabe":["HollowMod:WhiteLadysBlessing","HollowMod:SoulShaman","HollowMod:PaleKingsBlessing"],"Dead Branch":[52],"StoneCalendar":[400],"War Paint":["HollowMod:CrystalDash","HollowMod:QuickDashStart"],"Orichalcum":[6],"Smiling Mask":0,"obtain_stats":[{"Hallownest:StagBellRelic1":46,"Happy Flower":14,"HollowMod:LumaflyLanternRelic":45,"Astrolabe":17,"Hallownest:SoulVesselRelic":36,"Dead Branch":43,"HollowMod:VesselMask":0,"StoneCalendar":12,"War Paint":23,"Orichalcum":54,"Smiling Mask":41,"Akabeko":7,"WarpedTongs":24,"keyreminder:keyreminder":23,"SlaversCollar":34,"Sundial":9,"Mummified Hand":25,"Toolbox":20,"HollowMod:PaleOreRelic":30},{"Hallownest:StagBellRelic1":21,"Happy Flower":8,"HollowMod:LumaflyLanternRelic":21,"Astrolabe":9,"Hallownest:SoulVesselRelic":17,"Dead Branch":19,"HollowMod:VesselMask":0,"StoneCalendar":6,"War Paint":12,"Orichalcum":23,"Smiling Mask":19,"Akabeko":4,"WarpedTongs":12,"keyreminder:keyreminder":12,"SlaversCollar":16,"Sundial":4,"Mummified Hand":13,"Toolbox":10,"HollowMod:PaleOreRelic":14},{"Hallownest:StagBellRelic1":149,"Happy Flower":49,"HollowMod:LumaflyLanternRelic":149,"Astrolabe":66,"Hallownest:SoulVesselRelic":125,"Dead Branch":139,"HollowMod:VesselMask":0,"StoneCalendar":37,"War Paint":90,"Orichalcum":165,"Smiling Mask":139,"Akabeko":22,"WarpedTongs":90,"keyreminder:keyreminder":90,"SlaversCollar":118,"Sundial":22,"Mummified Hand":99,"Toolbox":73,"HollowMod:PaleOreRelic":106}],"WarpedTongs":[58]},"card_choices":[{"not_picked":["HollowMod:LifebloodCocoon","HollowMod:CycloneSlash"],"picked":"HollowMod:TaintedHusks","floor":1},{"not_picked":["HollowMod:GoodIntentions","HollowMod:GreatSlash"],"picked":"HollowMod:MawleksShell","floor":3},{"not_picked":["HollowMod:SharpenedNail","HollowMod:LifebloodCocoon"],"picked":"HollowMod:NewJinnsSoul","floor":5},{"not_picked":["HollowMod:MonomonsArchive","HollowMod:GrimmsGift"],"picked":"HollowMod:QuirrelsAssistance","floor":7},{"not_picked":["HollowMod:MidwifesHunger","HollowMod:CoiledNail"],"picked":"HollowMod:HeavyBlow","floor":10},{"not_picked":["HollowMod:CycloneSlash","HollowMod:WraithStrike"],"picked":"HollowMod:CrystalDash","floor":12},{"not_picked":["HollowMod:BlackTendrils","HollowMod:BaldurShell"],"picked":"HollowMod:HuntersJournal","floor":13},{"not_picked":["HollowMod:GoodIntentions","HollowMod:SoulEater"],"picked":"HollowMod:NewJinnsSoul","floor":14},{"not_picked":["HollowMod:NewInfectedGuardian","HollowMod:ZotesMagnificence"],"picked":"HollowMod:HornetsHelp","floor":16},{"not_picked":["HollowMod:DesolateDive","HollowMod:VengefulSpirit"],"picked":"HollowMod:BlackTendrils","floor":18},{"not_picked":["HollowMod:CloakDash","HollowMod:HeavyBlow"],"picked":"HollowMod:NewLittleFool+1","floor":22},{"not_picked":["HollowMod:LuriensSpire","HollowMod:VengefulVoid"],"picked":"HollowMod:DungDefenderAura+1","floor":23},{"not_picked":["HollowMod:InfectedAttack","HollowMod:SharpenedNail"],"picked":"HollowMod:PerfectDash+1","floor":25},{"not_picked":["HollowMod:LifebloodCocoon","HollowMod:DescendingDark+1"],"picked":"HollowMod:ElderbugsWisdom","floor":30},{"not_picked":["HollowMod:HeavyBlow+1","HollowMod:CycloneSlash"],"picked":"HollowMod:MonomonsArchive","floor":31},{"not_picked":["HollowMod:theNailsmith","HollowMod:MidwifesHunger"],"picked":"HollowMod:VoidDash","floor":33},{"not_picked":["HollowMod:SoulStrike","HollowMod:FallenFury+1"],"picked":"HollowMod:CloakDash","floor":35},{"not_picked":["HollowMod:ShadowDash","HollowMod:FastStrike"],"picked":"HollowMod:DesolateDive+1","floor":38},{"not_picked":["Thinking Ahead","Magnetism"],"picked":"Apotheosis","floor":39},{"not_picked":["Secret Weapon","Transmutation"],"picked":"Secret Technique","floor":39},{"not_picked":["HollowMod:CloakDash","HollowMod:InfectedCysts+1"],"picked":"HollowMod:TaintedHusks+1","floor":41},{"not_picked":["HollowMod:VengefulVoid+1","HollowMod:GoodIntentions+1"],"picked":"HollowMod:CornifersMapStart+1","floor":44},{"not_picked":["HollowMod:FallenFury+1","HollowMod:RecoilStrike"],"picked":"HollowMod:SoulEater+1","floor":45},{"not_picked":["HollowMod:PaleKingsBlessing","HollowMod:CornifersMapStart+1"],"picked":"HollowMod:LifebloodCocoon+1","floor":54}],"player_experience":478599,"relics_obtained":[{"floor":7,"key":"Akabeko"},{"floor":9,"key":"Sundial"},{"floor":12,"key":"StoneCalendar"},{"floor":14,"key":"Happy Flower"},{"floor":23,"key":"War Paint"},{"floor":25,"key":"Mummified Hand"},{"floor":30,"key":"HollowMod:PaleOreRelic"},{"floor":41,"key":"Smiling Mask"},{"floor":43,"key":"Dead Branch"},{"floor":45,"key":"HollowMod:LumaflyLanternRelic"},{"floor":54,"key":"Orichalcum"}],"event_choices":[{"damage_healed":5,"gold_gain":0,"player_choice":"LEAVE ","damage_taken":0,"relics_obtained":[],"max_hp_gain":0,"max_hp_loss":0,"event_name":"betterSkull:BetterSkull","floor":8,"gold_loss":0,"cards_upgraded":[]},{"damage_healed":0,"gold_gain":0,"player_choice":"1","damage_taken":0,"max_hp_gain":0,"max_hp_loss":0,"event_name":"betterMatch:BetterMatch","floor":39,"gold_loss":0,"cards_obtained":["betterMatch:ColorlessRareCard","betterMatch:ColorlessRareCard"]}],"is_beta":false,"boss_relics":[{"not_picked":["Runic Dome","Tiny House"],"picked":"Astrolabe"},{"not_picked":["Black Star","Calling Bell"],"picked":"SlaversCollar"}],"items_purged_floors":[20],"is_endless":false,"potions_floor_spawned":[3,7,12,13,14,22,30,33,35,44,54],"ascension_level":1}}