{"host":"0ueeacaatm8t6jyh","time":1610905401,"event":{"mods":["AchievementEnabler","BaseMod","Colored Powertips","Minty Spire (QoL Compilation)","Quick Restart","Rare Cards Sparkle","Shop Mod","StSLib"],"gold_per_floor":[412,44,54,129,129,158,158,158,158],"floor_reached":8,"language":"ZHS","playtime":363,"items_purged":["Meditate"],"score":208,"play_id":"9a80fe20-32e6-4ca8-81fa-899c139c63af","local_time":"20210118014321","daily_mods":["Draft","Diverse","Heirloom","Elite Swarm"],"is_ascension_mode":true,"campfire_choices":[{"floor":7.0,"key":"REST"}],"circlet_count":0,"master_deck":["AscendersBane","Pray","Hologram","PiercingWail","SashWhip","Shrug It Off","Prepared","Static Discharge","Crescendo","Escape Plan","Pommel Strike","Burning Pact","Loop","Indignation","Meditate","Capacitor","Adaptation","Heavy Blade","Fission+1"],"relics":["Burning Blood","Old Coin","Membership Card","Toxic Egg 2","Pear","Pantograph"],"acts_visited":["Exordium"],"potions_floor_usage":[],"damage_taken":[{"damage":9.0,"enemies":"2 Louse","floor":1.0,"turns":4.0},{"damage":5.0,"enemies":"Cultist","floor":3.0,"turns":4.0},{"damage":56.0,"enemies":"Gremlin Nob","floor":6.0,"turns":6.0},{"damage":41,"enemies":"3 Sentries","floor":8,"turns":4}],"seed_played":"-8592632306032408084","potions_obtained":[{"floor":1.0,"key":"Dexterity Potion"}],"is_trial":true,"path_per_floor":["M","$","M","?","?","E","R","E"],"character_chosen":"IRONCLAD","items_purchased":["Membership Card","Toxic Egg 2","Adaptation"],"campfire_rested":1,"item_purchase_floors":[2,2,2],"current_hp_per_floor":[65,65,66,55,65,15,40,0,0],"gold":158,"neow_bonus":"","is_daily":false,"chose_seed":false,"campfire_upgraded":0,"win_rate":0.0,"timestamp":1610905401,"path_taken":["M","$","M","?","?","E","R","E"],"items_purchased_type":["Relic","Relic","Card"],"build_version":"2020-12-22","purchased_purges":1,"victory":false,"max_hp_per_floor":[75,75,75,75,85,85,85,85,85],"card_choices":[{"not_picked":["Flying Knee","Sucker Punch"],"picked":"Pray","floor":0.0},{"not_picked":["JustLucky","Dagger Spray"],"picked":"Hologram","floor":0.0},{"not_picked":["Turbo","Deflect"],"picked":"PiercingWail","floor":0.0},{"not_picked":["Flying Knee","Dodge and Roll"],"picked":"SashWhip","floor":0.0},{"not_picked":["Heatsinks","ClearTheMind"],"picked":"Shrug It Off","floor":0.0},{"not_picked":["Noxious Fumes","Perfected Strike"],"picked":"Prepared","floor":0.0},{"not_picked":["Cloak And Dagger","JustLucky"],"picked":"Static Discharge","floor":0.0},{"not_picked":["Protect","Scrape"],"picked":"Crescendo","floor":0.0},{"not_picked":["Flex","SashWhip"],"picked":"Meditate","floor":0.0},{"not_picked":["Skewer","Static Discharge"],"picked":"Escape Plan","floor":0.0},{"not_picked":["Consecrate","ForeignInfluence"],"picked":"Pommel Strike","floor":0.0},{"not_picked":["PathToVictory","Lockon"],"picked":"Burning Pact","floor":0.0},{"not_picked":["Headbutt","Clash"],"picked":"Loop","floor":0.0},{"not_picked":["Redo","BowlingBash"],"picked":"Indignation","floor":0.0},{"not_picked":["Blade Dance","Perfected Strike"],"picked":"Meditate","floor":0.0},{"not_picked":["Evaluate","Cold Snap"],"picked":"Capacitor","floor":1.0},{"not_picked":["ThirdEye+1","Streamline"],"picked":"Heavy Blade","floor":3.0},{"not_picked":["Hyperbeam","Brilliance"],"picked":"Fission+1","floor":6.0}],"player_experience":389056,"relics_obtained":[{"floor":6.0,"key":"Pantograph"}],"event_choices":[{"damage_healed":0.0,"max_hp_gain":0.0,"max_hp_loss":0.0,"gold_gain":75.0,"event_name":"World of Goop","player_choice":"Gather Gold","floor":4.0,"gold_loss":0.0,"damage_taken":11.0},{"damage_healed":0.0,"max_hp_gain":0.0,"max_hp_loss":0.0,"gold_gain":0.0,"event_name":"WeMeetAgain","player_choice":"Gave Potion","floor":5.0,"gold_loss":0.0,"damage_taken":0.0,"relics_obtained":["Pear"]}],"is_beta":false,"boss_relics":[],"items_purged_floors":[2],"is_endless":true,"potions_floor_spawned":[1],"killed_by":"3 Sentries","ascension_level":20}}