{"host":"ldsuendt1u5dwthu","time":1610863184,"event":{"mods":["Act Like it!","Arknights The Spire","BaseMod","Hallownest","Minty Spire (QoL Compilation)","Shop Mod","StSLib","The Animator","The Bug Knight"],"gold_per_floor":[119,132,132,142,162,162,192,192,216,236,254,272,290,307,307,307,307],"floor_reached":16,"language":"ZHS","playtime":1109,"items_purged":[],"score":108,"play_id":"1ac9d164-4494-4793-a802-c19ceb694983","local_time":"20210117135944","is_ascension_mode":false,"campfire_choices":[{"data":"ats:Emotion Absorption","floor":6,"key":"SMITH"},{"data":"ats:Flexible Camouflage","floor":15,"key":"SMITH"}],"circlet_count":0,"master_deck":["ats:Strike C","ats:Strike G","ats:Strike S+1","ats:Strike V","ats:Armor Crushing Shot+1","ats:Defend","ats:Defend","ats:Defend","ats:Defend","ats:Emotion Absorption+1","ats:Sword Rain","ats:Hammer On","ats:Curse Doll","ats:Flexible Camouflage+1","ats:Assault Order","Regret","ats:Consecutive Shot Auto","ats:Neurotoxin","ats:Poison Spread","ats:Revitalization","ats:Song Of Battle"],"relics":["ats:Sanity","NeowsBlessing","ats:Originium","ats:Rhine Circuitry","ats:Spiritual Recovery","Vajra"],"acts_visited":["Exordium"],"potions_floor_usage":[7,7],"damage_taken":[{"damage":0,"enemies":"2 Louse","floor":1,"turns":1},{"damage":0,"enemies":"Small Slimes","floor":2,"turns":1},{"damage":0,"enemies":"Jaw Worm","floor":4,"turns":1},{"damage":2,"enemies":"Looter","floor":5,"turns":3},{"damage":17,"enemies":"3 Sentries","floor":7,"turns":10},{"damage":2,"enemies":"Blue Slaver","floor":10,"turns":3},{"damage":3,"enemies":"2 Fungi Beasts","floor":11,"turns":3},{"damage":0,"enemies":"Large Slime","floor":12,"turns":3},{"damage":4,"enemies":"Exordium Wildlife","floor":13,"turns":4},{"damage":14,"enemies":"Lots of Slimes","floor":14,"turns":5},{"damage":48,"enemies":"The Guardian","floor":16,"turns":8}],"seed_played":"5165829755229076090","potions_obtained":[{"floor":1,"key":"Regen Potion"},{"floor":5,"key":"SpeedPotion"},{"floor":11,"key":"SneckoOil"},{"floor":12,"key":"ats:Emergency Sanity Potion"}],"is_trial":false,"path_per_floor":["M","M","?","M","M","R","E","?","T","M","M","M","M","M","R","B"],"character_chosen":"DOCTOR_CLASS","items_purchased":[],"campfire_rested":0,"item_purchase_floors":[],"current_hp_per_floor":[72,72,58,58,56,56,54,54,54,52,49,49,45,36,36,0,0],"gold":307,"neow_bonus":"THREE_ENEMY_KILL","is_daily":false,"chose_seed":false,"campfire_upgraded":2,"win_rate":0.0,"timestamp":1610863184,"path_taken":["M","M","?","M","M","R","E","?","T","M","M","M","M","M","R","BOSS"],"items_purchased_type":[],"build_version":"2020-12-22","purchased_purges":0,"victory":false,"max_hp_per_floor":[72,72,72,72,72,72,72,72,72,72,72,72,72,72,72,72,72],"card_choices":[{"not_picked":["ats:Soul Absorption","ats:Revitalization"],"picked":"ats:Sword Rain","floor":1},{"not_picked":["ats:Curse Doll","ats:Part Time Job"],"picked":"ats:Hammer On","floor":2},{"not_picked":["ats:Flexible Camouflage","ats:Leaping Hammer"],"picked":"ats:Curse Doll","floor":4},{"not_picked":["ats:Explosion Area Strengthen","ats:Hammer On"],"picked":"ats:Flexible Camouflage","floor":5},{"not_picked":["ats:Curse Doll","ats:Red Shift"],"picked":"ats:Assault Order","floor":7},{"not_picked":["ats:Demon Strength","ats:Assault Order"],"picked":"ats:Consecutive Shot Auto","floor":10},{"not_picked":["ats:Sunburst","ats:Leaping Hammer"],"picked":"ats:Neurotoxin","floor":11},{"not_picked":["ats:Wolf Pack","ats:Collapsing Strike"],"picked":"ats:Poison Spread","floor":12},{"not_picked":["ats:Steam Pump","ats:Cat Scratch"],"picked":"ats:Revitalization","floor":13},{"not_picked":["ats:Childhood Dance","ats:Assault Order"],"picked":"ats:Song Of Battle","floor":14}],"player_experience":148561,"relics_obtained":[{"floor":7,"key":"ats:Originium"},{"floor":7,"key":"ats:Rhine Circuitry"},{"floor":9,"key":"Vajra"}],"event_choices":[{"damage_healed":0,"gold_gain":0,"player_choice":"Entered Light","damage_taken":14,"max_hp_gain":0,"max_hp_loss":0,"event_name":"Shining Light","floor":3,"gold_loss":0,"cards_upgraded":["ats:Strike S","ats:Armor Crushing Shot"]},{"damage_healed":0,"gold_gain":0,"player_choice":"Box","damage_taken":0,"relics_obtained":["ats:Spiritual Recovery"],"max_hp_gain":0,"max_hp_loss":0,"event_name":"Big Fish","floor":8,"gold_loss":0,"cards_obtained":["Regret"]}],"is_beta":false,"boss_relics":[],"items_purged_floors":[],"is_endless":false,"potions_floor_spawned":[1,5,11,12],"killed_by":"The Guardian","ascension_level":0}}