{"host":"cvgulky4xr711dtb","time":1610916374,"event":{"mods":["AchievementEnabler","BaseMod","Highlight Path","Minty Spire (QoL Compilation)"],"gold_per_floor":[109,129,79,98,98,123,123,123,123,139,174,94,114,142,142,245,295,306,323,333,333,349,349,202,219,246,277,22,22,41,72,72,168,168,179,198,208,60,107,137,15,48,72,85,85,98,98,116,116,116,116],"floor_reached":50,"language":"ENG","playtime":4858,"items_purged":["Strike_P"],"score":689,"play_id":"a3a8a7f5-1fb3-41a2-bb9e-b29ebcb4b822","local_time":"20210117204614","is_ascension_mode":false,"campfire_choices":[{"floor":7,"key":"REST"},{"floor":15,"key":"REST"},{"floor":23,"key":"REST"},{"floor":29,"key":"REST"},{"floor":32,"key":"REST"},{"floor":45,"key":"REST"},{"floor":47,"key":"REST"},{"floor":49,"key":"REST"}],"circlet_count":0,"master_deck":["Strike_P","Strike_P","Defend_P","Defend_P","Defend_P+1","Defend_P","Eruption","Vigilance+1","BowlingBash+1","CutThroughFate+1","FlurryOfBlows","FlurryOfBlows+1","Nirvana+1","FlurryOfBlows+1","FlurryOfBlows+1","Conclude","LessonLearned","PathToVictory+1","FearNoEvil","MentalFortress","Crescendo+1","SandsOfTime+1","Study+1","MasterReality","FollowUp+1","Parasite","JustLucky+1","FlurryOfBlows+1","TalkToTheHand+1","EmptyBody+1","Wallop+1","Consecrate+1"],"relics":["Black Star","Yang","White Beast Statue","Akabeko","Pear","Strawberry","MawBank","GoldenEye","Incense Burner","Tiny House","Blood Vial","Bird Faced Urn","Molten Egg 2","Shuriken","Centennial Puzzle","Damaru","SacredBark","Membership Card","Lizard Tail","Art of War","Boot","Melange","Bag of Preparation","Mercury Hourglass","Lantern"],"acts_visited":["Exordium","TheCity","TheBeyond"],"potions_floor_usage":[11,11,16,16,19,20,22,27,27,27,30,31,33,37,39,39,40,42,42,50,50,50],"damage_taken":[{"damage":0,"enemies":"Cultist","floor":1,"turns":2},{"damage":3,"enemies":"Jaw Worm","floor":2,"turns":5},{"damage":0,"enemies":"2 Louse","floor":4,"turns":3},{"damage":31,"enemies":"3 Sentries","floor":6,"turns":4},{"damage":4,"enemies":"Red Slaver","floor":10,"turns":4},{"damage":11,"enemies":"Lagavulin","floor":11,"turns":5},{"damage":10,"enemies":"Lots of Slimes","floor":13,"turns":3},{"damage":0,"enemies":"Gremlin Nob","floor":14,"turns":2},{"damage":5,"enemies":"Slime Boss","floor":16,"turns":6},{"damage":7,"enemies":"Shell Parasite","floor":18,"turns":8},{"damage":14,"enemies":"2 Thieves","floor":19,"turns":3},{"damage":22,"enemies":"Chosen and Byrds","floor":20,"turns":6},{"damage":21,"enemies":"Shelled Parasite and Fungi","floor":22,"turns":5},{"damage":1,"enemies":"Sentry and Sphere","floor":25,"turns":3},{"damage":25,"enemies":"Slavers","floor":27,"turns":6},{"damage":11,"enemies":"Snecko","floor":30,"turns":3},{"damage":29,"enemies":"Book of Stabbing","floor":31,"turns":5},{"damage":72,"enemies":"Champ","floor":33,"turns":9},{"damage":14,"enemies":"Orb Walker","floor":35,"turns":4},{"damage":49,"enemies":"3 Shapes","floor":36,"turns":5},{"damage":5,"enemies":"Writhing Mass","floor":37,"turns":3},{"damage":47,"enemies":"2 Orb Walkers","floor":39,"turns":3},{"damage":55,"enemies":"Giant Head","floor":40,"turns":6},{"damage":3,"enemies":"Reptomancer","floor":42,"turns":5},{"damage":52,"enemies":"Spire Growth","floor":44,"turns":4},{"damage":10,"enemies":"3 Darklings","floor":46,"turns":3},{"damage":12,"enemies":"4 Shapes","floor":48,"turns":3},{"damage":104,"enemies":"Awakened One","floor":50,"turns":7}],"seed_played":"-192553148389363362","potions_obtained":[{"floor":1,"key":"BottledMiracle"},{"floor":10,"key":"PowerPotion"},{"floor":11,"key":"Fruit Juice"},{"floor":13,"key":"BottledMiracle"},{"floor":14,"key":"Ancient Potion"},{"floor":16,"key":"PowerPotion"},{"floor":17,"key":"SteroidPotion"},{"floor":19,"key":"PowerPotion"},{"floor":20,"key":"EssenceOfSteel"},{"floor":22,"key":"Regen Potion"},{"floor":27,"key":"BottledMiracle"},{"floor":30,"key":"StancePotion"},{"floor":31,"key":"FearPotion"},{"floor":33,"key":"BottledMiracle"},{"floor":35,"key":"LiquidMemories"},{"floor":36,"key":"FearPotion"},{"floor":39,"key":"ColorlessPotion"},{"floor":40,"key":"DistilledChaos"},{"floor":42,"key":"SpeedPotion"},{"floor":44,"key":"LiquidMemories"},{"floor":46,"key":"Swift Potion"}],"is_trial":false,"path_per_floor":["M","M","?","M","?","E","R","?","T","M","E","$","M","E","R","B",null,"M","M","M","?","M","R","$","M","T","E","$","R","M","E","R","B",null,"M","M","M","$","?","E","$","E","T","M","R","M","R","M","R","B"],"character_chosen":"WATCHER","items_purchased":["Nirvana","FlurryOfBlows","MentalFortress","Shuriken","Membership Card","Melange","SkillPotion","Energy Potion"],"campfire_rested":8,"item_purchase_floors":[12,12,24,28,38,41,41,41],"current_hp_per_floor":[72,69,69,69,69,38,59,59,69,65,66,66,56,56,84,79,99,92,78,56,56,35,64,64,63,63,55,55,84,77,54,83,19,99,89,50,53,53,16,49,49,56,56,14,43,35,64,58,87,0,0],"gold":116,"neow_bonus":"BOSS_RELIC","is_daily":false,"chose_seed":false,"campfire_upgraded":0,"win_rate":0.0,"timestamp":1610916374,"path_taken":["M","M","?","M","?","E","R","?","T","?","E","?","M","E","R","BOSS","M","M","M","?","M","R","$","?","T","E","$","R","M","E","R","BOSS","M","M","M","$","?","E","$","E","T","M","R","M","R","M","R","BOSS"],"items_purchased_type":["Card","Card","Card","Relic","Relic","Relic","Potion","Potion"],"build_version":"2020-12-22","purchased_purges":1,"victory":false,"max_hp_per_floor":[72,72,72,72,72,72,72,72,82,82,94,94,94,94,94,94,99,99,99,99,99,99,99,99,99,99,99,99,99,99,99,99,99,99,99,99,99,99,99,99,99,99,99,99,99,99,99,99,99,99,99],"card_choices":[{"not_picked":["ForeignInfluence","Protect"],"picked":"BowlingBash","floor":1},{"not_picked":["FlyingSleeves","Halt"],"picked":"CutThroughFate","floor":2},{"not_picked":["BattleHymn","Perseverance","SashWhip"],"picked":"SKIP","floor":4},{"not_picked":["WheelKick","CrushJoints"],"picked":"EmptyBody","floor":6},{"not_picked":["FollowUp","EmptyFist"],"picked":"FlurryOfBlows","floor":10},{"not_picked":["Fasting2","Indignation"],"picked":"FlurryOfBlows","floor":11},{"not_picked":["FearNoEvil","Blasphemy"],"picked":"FlurryOfBlows","floor":13},{"not_picked":["FlurryOfBlows","Swivel"],"picked":"Conclude","floor":14},{"not_picked":["SpiritShield","Omniscience"],"picked":"LessonLearned","floor":16},{"not_picked":["EmptyMind","PathToVictory","SashWhip"],"picked":"SKIP","floor":18},{"not_picked":["Consecrate","ThirdEye"],"picked":"PathToVictory+1","floor":19},{"not_picked":["Adaptation","Swivel+1"],"picked":"FearNoEvil","floor":20},{"not_picked":["WheelKick","FearNoEvil+1","Prostrate"],"picked":"SKIP","floor":22},{"not_picked":["Weave","Wireheading"],"picked":"Crescendo","floor":25},{"not_picked":["PathToVictory","MentalFortress","JustLucky+1"],"picked":"SKIP","floor":27},{"not_picked":["ForeignInfluence","Prostrate"],"picked":"SandsOfTime+1","floor":30},{"not_picked":["CrushJoints+1","Evaluate+1"],"picked":"Study+1","floor":31},{"not_picked":["Establishment","Alpha"],"picked":"MasterReality","floor":33},{"not_picked":["Pray","PathToVictory+1"],"picked":"FollowUp+1","floor":35},{"not_picked":["Crescendo","Fasting2","SashWhip+1"],"picked":"SKIP","floor":36},{"not_picked":["Crescendo","Fasting2","SashWhip+1"],"picked":"SKIP","floor":36},{"not_picked":["EmptyMind+1","SashWhip+1"],"picked":"JustLucky+1","floor":37},{"not_picked":["ThirdEye+1","SashWhip+1"],"picked":"FlurryOfBlows+1","floor":39},{"not_picked":["Prostrate","Meditate+1"],"picked":"TalkToTheHand+1","floor":40},{"not_picked":["BowlingBash+1","Evaluate+1","Crescendo+1"],"picked":"SKIP","floor":42},{"not_picked":["Protect","Prostrate+1"],"picked":"EmptyBody+1","floor":44},{"not_picked":["Wireheading+1","Crescendo+1"],"picked":"Wallop+1","floor":46},{"not_picked":["CarveReality+1","FlyingSleeves+1"],"picked":"Consecrate+1","floor":48}],"player_experience":197012,"relics_obtained":[{"floor":6,"key":"Yang"},{"floor":6,"key":"White Beast Statue"},{"floor":9,"key":"Pear"},{"floor":11,"key":"Strawberry"},{"floor":11,"key":"MawBank"},{"floor":14,"key":"GoldenEye"},{"floor":14,"key":"Incense Burner"},{"floor":26,"key":"Blood Vial"},{"floor":27,"key":"Bird Faced Urn"},{"floor":27,"key":"Molten Egg 2"},{"floor":31,"key":"Centennial Puzzle"},{"floor":31,"key":"Damaru"},{"floor":39,"key":"Lizard Tail"},{"floor":40,"key":"Art of War"},{"floor":40,"key":"Boot"},{"floor":42,"key":"Bag of Preparation"},{"floor":42,"key":"Mercury Hourglass"},{"floor":43,"key":"Lantern"}],"event_choices":[{"cards_removed":["Strike_P"],"damage_healed":0,"gold_gain":0,"player_choice":"Card Removal","damage_taken":0,"max_hp_gain":0,"max_hp_loss":0,"event_name":"The Cleric","floor":3,"gold_loss":50},{"damage_healed":0,"gold_gain":0,"player_choice":"Ignored","damage_taken":0,"max_hp_gain":0,"max_hp_loss":0,"event_name":"Golden Wing","floor":5,"gold_loss":0},{"cards_removed":["EmptyBody"],"damage_healed":0,"gold_gain":0,"player_choice":"Gave Card","damage_taken":0,"relics_obtained":["Akabeko"],"max_hp_gain":0,"max_hp_loss":0,"event_name":"WeMeetAgain","floor":8,"gold_loss":0},{"damage_healed":0,"gold_gain":0,"player_choice":"Forge","damage_taken":0,"max_hp_gain":0,"max_hp_loss":0,"event_name":"Accursed Blacksmith","floor":21,"gold_loss":0,"cards_upgraded":["CutThroughFate"]},{"damage_healed":0,"gold_gain":0,"player_choice":"Fight","damage_taken":0,"max_hp_gain":0,"max_hp_loss":0,"event_name":"Mysterious Sphere","floor":39,"gold_loss":0}],"is_beta":false,"boss_relics":[{"not_picked":["Calling Bell","Snecko Eye"],"picked":"Tiny House"},{"not_picked":["Cursed Key","Velvet Choker"],"picked":"SacredBark"}],"items_purged_floors":[24],"is_endless":false,"potions_floor_spawned":[1,10,11,13,14,16,18,19,20,22,25,27,30,31,33,35,36,37,39,40,42,44,46,48],"killed_by":"Awakened One","ascension_level":0}}