{"host":"88q0baq93r2cvn7j","time":1610867351,"event":{"mods":["AchievementEnabler","Act Like it!","BaseMod","GungeonMod","Minty Spire (QoL Compilation)","StSLib"],"gold_per_floor":[114,189,200,37,37,69,83,114,138,173,225,225,225,244,244,342,342,393,408,423,46,59,122,122,159,159,174,229,229,67,80,80,180,180,215,1214,1241,695,732,732,775,775,812,357,393,405,452,491,503,520,532,544,42,133,133,133],"floor_reached":55,"language":"ZHS","playtime":2834,"items_purged":["DemoMod:Strike_Huntress","Shame","DemoMod:CrossBow","DemoMod:RustySidearm+1"],"score":883,"play_id":"00d3b367-baf0-410e-a596-8877ad08ac5c","local_time":"20210117150911","is_ascension_mode":true,"campfire_choices":[{"data":"DemoMod:ChanceBullets","floor":13.0,"key":"SMITH"},{"data":"DemoMod:FinishedGun","floor":15.0,"key":"SMITH"},{"data":"DemoMod:Behold!","floor":24.0,"key":"SMITH"},{"data":"DemoMod:ShadowBullets","floor":32.0,"key":"SMITH"},{"floor":40,"key":"RECALL"},{"data":"DemoMod:TableSutra","floor":46,"key":"SMITH"},{"data":"DemoMod:HungryBullets","floor":49,"key":"SMITH"},{"data":"DemoMod:SkilledReload","floor":52,"key":"SMITH"}],"circlet_count":0,"master_deck":["DemoMod:Defend_Huntress","DemoMod:Defend_Huntress+1","DemoMod:Roll","DemoMod:ManualReload","DemoMod:ChanceBullets+1","DemoMod:SAA","DemoMod:FinishedGun+1","DemoMod:AbyssalTentacle","DemoMod:BattleInHaste","DemoMod:FeignSurrender","DemoMod:Behold!+1","DemoMod:ThirdPartyController","DemoMod:Camera","DemoMod:Ejector+1","DemoMod:Eureka","DemoMod:CursedBullets","DemoMod:HuntsMan+1","DemoMod:Unmoved","DemoMod:EasyReloadBullets","DemoMod:ShadowBullets+1","DemoMod:Elimentaler","DemoMod:BlankBullets","CurseOfTheBell","DemoMod:TableSutra+1","Normality","Normality","DemoMod:SkilledReload+1","DemoMod:SniperShot+1","DemoMod:CursedBullets","DemoMod:HungryBullets+1","DemoMod:Unity+1","DemoMod:ShadowBullets","DemoMod:ChanceBullets","DemoMod:HungryBullets+1"],"relics":["DemoMod:Dog","StoneCalendar","Blood Vial","Meat on the Bone","Vajra","MealTicket","Philosopher\u0027s Stone","DemoMod:NanoMachines","Singing Bowl","Red Mask","DemoMod:ChaffGrenade","Calling Bell","Akabeko","Blue Candle","Incense Burner","DemoMod:WhiteGuonStone","Kunai","DemoMod:RatBoots","Pear","Pantograph","DemoMod:BigBoy","Ginger","MawBank","Gremlin Horn","Lantern","Orrery","DemoMod:MeltedRock"],"acts_visited":["Exordium","TheCity","TheBeyond","TheEnding"],"potions_floor_usage":[37,39,50,54,55,55],"damage_taken":[{"damage":7.0,"enemies":"Jaw Worm","floor":1.0,"turns":6.0},{"damage":0.0,"enemies":"Small Slimes","floor":3.0,"turns":4.0},{"damage":16.0,"enemies":"Gremlin Nob","floor":6.0,"turns":3.0},{"damage":0.0,"enemies":"2 Louse","floor":7.0,"turns":1.0},{"damage":13.0,"enemies":"3 Sentries","floor":8.0,"turns":6.0},{"damage":10.0,"enemies":"Lagavulin","floor":10.0,"turns":4.0},{"damage":7.0,"enemies":"Exordium Wildlife","floor":14.0,"turns":2.0},{"damage":17.0,"enemies":"Hexaghost","floor":16.0,"turns":3.0},{"damage":0.0,"enemies":"2 Thieves","floor":18.0,"turns":1.0},{"damage":18.0,"enemies":"Shell Parasite","floor":19.0,"turns":3.0},{"damage":7.0,"enemies":"Cultist and Chosen","floor":20.0,"turns":3.0},{"damage":0.0,"enemies":"Snake Plant","floor":22.0,"turns":2.0},{"damage":15.0,"enemies":"Book of Stabbing","floor":23.0,"turns":2.0},{"damage":0.0,"enemies":"Masked Bandits","floor":25.0,"turns":2.0},{"damage":5.0,"enemies":"Centurion and Healer","floor":27.0,"turns":2.0},{"damage":12.0,"enemies":"Slavers","floor":28.0,"turns":2.0},{"damage":0.0,"enemies":"Snecko","floor":31.0,"turns":2.0},{"damage":55.0,"enemies":"Champ","floor":33.0,"turns":5.0},{"damage":31.0,"enemies":"3 Shapes","floor":35.0,"turns":2.0},{"damage":0,"enemies":"3 Darklings","floor":37,"turns":2},{"damage":8,"enemies":"Maw","floor":39,"turns":5},{"damage":34,"enemies":"Nemesis","floor":41,"turns":5},{"damage":7,"enemies":"Maw","floor":43,"turns":4},{"damage":15,"enemies":"Reptomancer","floor":45,"turns":2},{"damage":10,"enemies":"Giant Head","floor":47,"turns":6},{"damage":26,"enemies":"Maw","floor":48,"turns":5},{"damage":90,"enemies":"Donu and Deca","floor":50,"turns":7},{"damage":55,"enemies":"Shield and Spear","floor":54,"turns":6},{"damage":91,"enemies":"The Heart","floor":55,"turns":3}],"seed_played":"7984216110988192776","potions_obtained":[{"floor":7.0,"key":"Block Potion"},{"floor":8.0,"key":"Block Potion"},{"floor":10.0,"key":"SneckoOil"},{"floor":14.0,"key":"FearPotion"},{"floor":19.0,"key":"Explosive Potion"},{"floor":25.0,"key":"DistilledChaos"},{"floor":27.0,"key":"SteroidPotion"},{"floor":33.0,"key":"Fruit Juice"},{"floor":35.0,"key":"FairyPotion"},{"floor":41,"key":"SneckoOil"},{"floor":48,"key":"SteroidPotion"}],"is_trial":false,"path_per_floor":["M","?","M","$","?","E","M","E","T","E","?","?","R","M","R","B",null,"M","M","M","$","M","E","R","?","T","M","E","?","$","M","R","B",null,"M","?","M","$","?","R","E","?","T","$","E","R","E","M","R","B",null,"R","$","E","B"],"character_chosen":"HUNTRESS","items_purchased":["DemoMod:FinishedGun","DemoMod:NanoMachines","DemoMod:ShadowBullets","DemoMod:Elimentaler","DemoMod:WhiteGuonStone","Kunai","DemoMod:SkilledReload","DemoMod:HungryBullets","Ginger","Lantern","Ancient Potion","Orrery"],"campfire_rested":0,"item_purchase_floors":[4,21,30,30,38,38,38,44,44,53,53,53],"current_hp_per_floor":[63,52,52,52,38,22,24,13,13,17,17,17,17,24,24,21,70,70,52,47,62,64,51,51,53,53,50,40,40,55,59,59,18,72,41,46,50,65,59,59,49,49,58,73,60,60,54,44,44,40,95,95,101,60,0,0],"gold":133,"neow_bonus":"ONE_RARE_RELIC","is_daily":false,"chose_seed":false,"campfire_upgraded":7,"win_rate":0.0,"timestamp":1610867351,"path_taken":["M","?","M","$","?","E","M","E","T","E","?","?","R","M","R","BOSS","M","M","M","$","M","E","R","?","T","M","E","?","$","M","R","BOSS","M","?","M","$","?","R","E","?","T","$","E","R","E","M","R","BOSS","R","$","E","BOSS"],"items_purchased_type":["Card","Relic","Card","Card","Relic","Relic","Card","Card","Relic","Relic","Potion","Relic"],"build_version":"2020-12-22","purchased_purges":4,"victory":false,"max_hp_per_floor":[70,70,70,70,70,70,70,70,70,70,70,70,70,70,70,70,70,70,70,70,70,70,70,70,70,70,70,70,70,70,72,72,72,72,72,77,79,79,79,79,89,89,91,91,91,91,93,95,95,95,95,95,101,103,103,103],"card_choices":[{"not_picked":["DemoMod:DoubleSwitch","DemoMod:ConditionalReflex"],"picked":"DemoMod:ChanceBullets","floor":1.0},{"not_picked":["DemoMod:BoxingGlove","DemoMod:HuntsMan"],"picked":"DemoMod:SAA","floor":3.0},{"not_picked":["DemoMod:TableSutra","DemoMod:Rummage"],"picked":"DemoMod:AbyssalTentacle","floor":6.0},{"not_picked":["DemoMod:SAA","DemoMod:PotionOfGunFriendShip"],"picked":"DemoMod:BattleInHaste","floor":7.0},{"not_picked":["DemoMod:ChanceBullets","DemoMod:ZorGun"],"picked":"DemoMod:FeignSurrender","floor":8.0},{"not_picked":["DemoMod:Camera","DemoMod:StickyCrossBow"],"picked":"DemoMod:Behold!","floor":10.0},{"not_picked":["DemoMod:Unmoved","DemoMod:ZorGun","DemoMod:LifeOrb"],"picked":"SKIP","floor":14.0},{"not_picked":["DemoMod:Desperate","DemoMod:Slinger"],"picked":"DemoMod:ThirdPartyController","floor":16.0},{"not_picked":["DemoMod:ProbeStrike","DemoMod:Unmoved"],"picked":"DemoMod:Camera","floor":18.0},{"not_picked":["DemoMod:TeaPot","DemoMod:CombinedRifle"],"picked":"DemoMod:DirectionalPad","floor":19.0},{"not_picked":["DemoMod:DoubleSwitch+1","DemoMod:AC15","DemoMod:JK47"],"picked":"SKIP","floor":20.0},{"not_picked":["DemoMod:TripleGun","DemoMod:DoubleSwitch"],"picked":"DemoMod:Ejector+1","floor":22.0},{"not_picked":["DemoMod:GunShield+1","DemoMod:Replace"],"picked":"DemoMod:Eureka","floor":23.0},{"not_picked":["DemoMod:HuntsMan","DemoMod:FortunesFavor"],"picked":"DemoMod:CursedBullets","floor":25.0},{"not_picked":["DemoMod:MachoBrace+1","DemoMod:SAA"],"picked":"DemoMod:Purify+1","floor":27.0},{"not_picked":["DemoMod:Purify","DemoMod:GunstockTap"],"picked":"DemoMod:HuntsMan+1","floor":28.0},{"not_picked":["DemoMod:FeignSurrender","DemoMod:TripleGun","DemoMod:AbyssalTentacle+1"],"picked":"Singing Bowl","floor":31.0},{"not_picked":["DemoMod:Desperate","DemoMod:DoubleVision"],"picked":"DemoMod:BlankBullets","floor":33.0},{"not_picked":["DemoMod:HardPowerCard","DemoMod:Casey+1"],"picked":"DemoMod:TableSutra","floor":35.0},{"not_picked":["DemoMod:Ejector+1","DemoMod:FortunesFavor","DemoMod:Rummage+1"],"picked":"Singing Bowl","floor":37},{"not_picked":["DemoMod:Casey","DemoMod:BattleInHaste+1"],"picked":"DemoMod:SniperShot+1","floor":39},{"not_picked":["DemoMod:SniperShot","DemoMod:JK47"],"picked":"DemoMod:CursedBullets","floor":41},{"not_picked":["DemoMod:DoubleSwitch","DemoMod:SAA","DemoMod:ThirdPartyController"],"picked":"Singing Bowl","floor":43},{"not_picked":["DemoMod:TripleGun+1","DemoMod:Camera+1"],"picked":"DemoMod:Unity+1","floor":45},{"not_picked":["DemoMod:CombinedRifle","DemoMod:SniperShot","DemoMod:SpreadAmmo"],"picked":"Singing Bowl","floor":47},{"not_picked":["DemoMod:BSG","DemoMod:AbyssalTentacle","DemoMod:MachoBrace+1"],"picked":"Singing Bowl","floor":48},{"not_picked":["DemoMod:TeaPot+1","DemoMod:DirectionalPad"],"picked":"DemoMod:ShadowBullets","floor":48},{"not_picked":["DemoMod:BattleInHaste+1","DemoMod:RadGun"],"picked":"DemoMod:ChanceBullets","floor":53},{"not_picked":["DemoMod:TripleGun","DemoMod:DirectionalPad+1","DemoMod:ConditionalReflex"],"picked":"Singing Bowl","floor":53},{"not_picked":["DemoMod:Casey+1","DemoMod:TeaPot+1"],"picked":"DemoMod:HungryBullets+1","floor":53},{"not_picked":["DemoMod:Purify+1","DemoMod:FastSwitch+1","DemoMod:HungryBullets"],"picked":"Singing Bowl","floor":53},{"not_picked":["DemoMod:TripleGun","DemoMod:HardPowerCard+1","DemoMod:Casey+1"],"picked":"Singing Bowl","floor":53},{"not_picked":["DemoMod:Replace","DemoMod:Ejector+1","DemoMod:FastSwitch+1"],"picked":"Singing Bowl","floor":54}],"player_experience":342366,"relics_obtained":[{"floor":6.0,"key":"Blood Vial"},{"floor":8.0,"key":"Meat on the Bone"},{"floor":9.0,"key":"Vajra"},{"floor":10.0,"key":"MealTicket"},{"floor":23.0,"key":"Singing Bowl"},{"floor":25.0,"key":"Red Mask"},{"floor":28.0,"key":"DemoMod:ChaffGrenade"},{"floor":34.0,"key":"Akabeko"},{"floor":34.0,"key":"Blue Candle"},{"floor":34.0,"key":"Incense Burner"},{"floor":39,"key":"DemoMod:RatBoots"},{"floor":41,"key":"Pear"},{"floor":43,"key":"DemoMod:BigBoy"},{"floor":45,"key":"MawBank"},{"floor":47,"key":"Gremlin Horn"},{"floor":54,"key":"DemoMod:MeltedRock"}],"event_choices":[{"damage_healed":0.0,"max_hp_gain":0.0,"max_hp_loss":0.0,"gold_gain":75.0,"event_name":"World of Goop","player_choice":"Gather Gold","floor":2.0,"gold_loss":0.0,"damage_taken":11.0},{"damage_healed":0.0,"max_hp_gain":0.0,"max_hp_loss":0.0,"gold_gain":0.0,"event_name":"Shining Light","player_choice":"Entered Light","floor":5.0,"gold_loss":0.0,"damage_taken":14.0,"cards_upgraded":["DemoMod:RustySidearm","DemoMod:Defend_Huntress"]},{"damage_healed":0.0,"max_hp_gain":0.0,"max_hp_loss":0.0,"gold_gain":52.0,"event_name":"Golden Wing","player_choice":"Gained Gold","floor":11.0,"gold_loss":0.0,"damage_taken":0.0},{"cards_removed":["DemoMod:Strike_Huntress"],"damage_healed":0.0,"max_hp_gain":0.0,"max_hp_loss":0.0,"gold_gain":0.0,"event_name":"Living Wall","player_choice":"Forget","floor":12.0,"gold_loss":0.0,"damage_taken":0.0},{"damage_healed":0.0,"max_hp_gain":0.0,"max_hp_loss":0.0,"gold_gain":0.0,"event_name":"Masked Bandits","player_choice":"Fought Bandits","floor":25.0,"gold_loss":0.0,"damage_taken":0.0},{"damage_healed":0.0,"max_hp_gain":0.0,"max_hp_loss":0.0,"gold_gain":0.0,"cards_transformed":["DemoMod:Defend_Huntress","DemoMod:Defend_Huntress"],"event_name":"Drug Dealer","player_choice":"Became Test Subject","floor":29.0,"gold_loss":0.0,"damage_taken":0.0,"cards_obtained":["DemoMod:Unmoved","DemoMod:EasyReloadBullets"]},{"damage_healed":0.0,"max_hp_gain":0.0,"max_hp_loss":0.0,"gold_gain":999.0,"event_name":"MindBloom","player_choice":"Gold","floor":36.0,"gold_loss":0.0,"damage_taken":0.0,"cards_obtained":["Normality","Normality"]}],"is_beta":false,"boss_relics":[{"not_picked":["Runic Pyramid","Coffee Dripper"],"picked":"Philosopher\u0027s Stone"},{"not_picked":["Pandora\u0027s Box","Velvet Choker"],"picked":"Calling Bell"}],"items_purged_floors":[21,38,44,53],"is_endless":false,"potions_floor_spawned":[7,8,10,14,19,25,27,33,35,41,48],"killed_by":"The Heart","ascension_level":4}}