{"host":"7rmsgc3rayi00cdt","time":1610875200,"event":{"mods":["BaseMod","Minty Spire (QoL Compilation)"],"gold_per_floor":[115,125,125,139,149,149,177,177,204,204,229,229,229,254,254,254,254],"floor_reached":16,"language":"ENG","playtime":500,"items_purged":[],"score":189,"play_id":"dffb8c6f-5c85-4f9f-992b-e61d448c8eec","local_time":"20210117092000","is_ascension_mode":true,"campfire_choices":[{"floor":6,"key":"REST"},{"floor":10,"key":"REST"},{"data":"Zap","floor":13,"key":"SMITH"},{"floor":15,"key":"REST"}],"circlet_count":0,"master_deck":["AscendersBane","Strike_B","Strike_B","Strike_B","Defend_B","Defend_B","Defend_B","Defend_B","Zap+1","Dualcast","Gash","Beam Cell","Leap","Cold Snap","Coolheaded","Injury","Pain","Leap"],"relics":["Cracked Core","Bag of Marbles","Golden Idol","PreservedInsect","WarpedTongs"],"acts_visited":["Exordium"],"potions_floor_usage":[5,16,16,16],"damage_taken":[{"damage":2,"enemies":"2 Louse","floor":1,"turns":3},{"damage":1,"enemies":"Cultist","floor":2,"turns":3},{"damage":4,"enemies":"Small Slimes","floor":4,"turns":3},{"damage":6,"enemies":"Gremlin Gang","floor":5,"turns":6},{"damage":34,"enemies":"Gremlin Nob","floor":7,"turns":5},{"damage":2,"enemies":"Exordium Wildlife","floor":11,"turns":5},{"damage":4,"enemies":"2 Fungi Beasts","floor":14,"turns":4},{"damage":86,"enemies":"Slime Boss","floor":16,"turns":13}],"seed_played":"8820410383221583374","potions_obtained":[{"floor":2,"key":"DuplicationPotion"},{"floor":4,"key":"EntropicBrew"},{"floor":7,"key":"DuplicationPotion"}],"is_trial":false,"path_per_floor":["M","M","?","M","M","R","E","?","T","R","M","?","R","M","R","B"],"character_chosen":"DEFECT","items_purchased":[],"campfire_rested":3,"item_purchase_floors":[],"current_hp_per_floor":[58,57,57,53,47,72,38,38,38,63,61,61,61,57,82,0,0],"gold":254,"neow_bonus":"TWENTY_PERCENT_HP_BONUS","is_daily":false,"chose_seed":false,"campfire_upgraded":1,"win_rate":0.0,"timestamp":1610875200,"path_taken":["M","M","?","?","M","R","E","?","T","R","M","?","R","M","R","BOSS"],"items_purchased_type":[],"build_version":"2020-12-22","purchased_purges":0,"victory":false,"max_hp_per_floor":[85,85,85,85,85,85,85,85,85,85,85,85,85,85,85,85,85],"card_choices":[{"not_picked":["Sweeping Beam","Go for the Eyes"],"picked":"Gash","floor":1},{"not_picked":["Glacier","Self Repair"],"picked":"Beam Cell","floor":2},{"not_picked":["Turbo","Beam Cell"],"picked":"Leap","floor":4},{"not_picked":["Lockon","Compile Driver"],"picked":"Cold Snap","floor":5},{"not_picked":["Redo","Creative AI"],"picked":"Coolheaded","floor":7},{"not_picked":["Fusion","Coolheaded","Skim"],"picked":"SKIP","floor":11},{"not_picked":["Sweeping Beam","Redo"],"picked":"Leap","floor":14}],"player_experience":772518,"relics_obtained":[{"floor":7,"key":"Bag of Marbles"},{"floor":9,"key":"PreservedInsect"}],"event_choices":[{"cards_removed":["Strike_B"],"damage_healed":0,"gold_gain":0,"player_choice":"Offered Basic","damage_taken":0,"max_hp_gain":0,"max_hp_loss":0,"event_name":"Bonfire Elementals","floor":3,"gold_loss":0},{"damage_healed":0,"gold_gain":0,"player_choice":"Take Wound","damage_taken":0,"relics_obtained":["Golden Idol"],"max_hp_gain":0,"max_hp_loss":0,"event_name":"Golden Idol","floor":8,"gold_loss":0,"cards_obtained":["Injury"]},{"damage_healed":0,"gold_gain":0,"player_choice":"Rummage","damage_taken":0,"relics_obtained":["WarpedTongs"],"max_hp_gain":0,"max_hp_loss":0,"event_name":"Accursed Blacksmith","floor":12,"gold_loss":0,"cards_obtained":["Pain"]}],"is_beta":false,"boss_relics":[],"items_purged_floors":[],"is_endless":false,"potions_floor_spawned":[2,4,7],"killed_by":"Slime Boss","ascension_level":17}}