{"host":"ik8ww1p4uabx5gam","time":1610889494,"event":{"mods":["Always Whale","Aspiration","BaseMod","Beaked The Cultist","Better Third Choice","BetterRewards","Colored Map","Colored Powertips","Conspire","Energized Spire","FetchMod","GifTheSpireLib","Hubris","Infinite Spire","Ironclad Rager","Jedi Mod","Minty Spire (QoL Compilation)","Random Character Button","Replay The Spire","Shop Mod","Spicy Shops","Spikes Relics","StSLib","Stuff the Spire","The Bladedancer","The Blue Laboratory","The Gatherer","Wandering Minibosses","??????REMEMod"],"gold_per_floor":[119,131,150,150,150,177,177,209,209,209,223,240,255,270,270,367,367,386,386,401,401,421,452,466,498,522,554,570,582,582,582,582,681,681,700,720,739,739,789,789,815,815,815,815,831,1131,1131,1150,1150,1150],"floor_reached":51,"language":"ENG","playtime":2733,"items_purged":["Gatherer:Strike_Gatherer"],"score":941,"play_id":"dcb7d217-4e03-42f9-be14-423e5f49d980","local_time":"20210117071814","is_ascension_mode":true,"metric_token":1873,"campfire_choices":[{"data":"Immolate","floor":7,"key":"SMITH"},{"data":"Gatherer:OddSpoils","floor":10,"key":"SMITH"},{"data":"Gatherer:FragileHammer","floor":15,"key":"SMITH"},{"data":"StuffTheSpire:Rapture","floor":32,"key":"SMITH"},{"data":"Gatherer:TacticalStrike","floor":40,"key":"SMITH"},{"data":"Gatherer:FlowerWhip","floor":42,"key":"SMITH"},{"data":"Gatherer:FlowerWhip+1","floor":44,"key":"SMITH"},{"floor":49,"key":"DIG"}],"circlet_count":0,"master_deck":["Gatherer:Strike_Gatherer","Gatherer:Strike_Gatherer","Gatherer:Strike_Gatherer","Gatherer:Defend_Gatherer","Gatherer:Defend_Gatherer","Gatherer:Defend_Gatherer","Gatherer:Defend_Gatherer","Gatherer:Centralize","Gatherer:FlowerWhip+2","Immolate+1","Gatherer:OddSpoils+1","Gatherer:Transmute+1","Gatherer:SaveValuables+1","Gatherer:FragileHammer+1","Adrenaline+1","Degenerate+1","Gatherer:QuickSynthesis+1","Gatherer:AlchemyTrial+1","Gatherer:TacticalStrike+1","Gatherer:TacticalStrike+1","StuffTheSpire:Rapture+1","Gatherer:Enchant+1","beaked:WarriorEssence+1","beaked:Daydream+1","Metamorphosis+1","jedi:LeechingStrike","hubris:Wrath","hubris:DuctTapeCard"],"relics":["Gatherer:AlchemyBag","REME_ComplimentaryCards","Toxic Egg 2","hubris:PeanutButter","Iron Hammer","Pondfish Scales","Sandwich","jedi:angrymask","Replay:Bottled Steam","FossilizedHelix","Empty Cage","aspiration:BeakedSkillbook","StoneCalendar","StuffTheSpire:PointBlank","StuffTheSpire:Tea","hubris:NiceRug","hubris:Potato","Replay:Rubber Ducky","hubris:HerbalPaste","Onion Ring","Akabeko","ReplayTheSpireMod:ShopPack","wanderingMiniBosses:Inkheart","Ring of Panic","Ring of Peace","hubris:DuctTape"],"acts_visited":["Exordium","TheCity","TheBeyond"],"potions_floor_usage":[8,16,20,23,33,33,46,46,50,50],"damage_taken":[{"damage":3,"enemies":"Small Slimes","floor":1,"turns":2},{"damage":0,"enemies":"Cultist","floor":2,"turns":2},{"damage":0,"enemies":"2 Louse","floor":3,"turns":1},{"damage":13,"enemies":"3 Sentries","floor":6,"turns":4},{"damage":0,"enemies":"Gremlin Nob","floor":8,"turns":4},{"damage":0,"enemies":"2 Fungi Beasts","floor":11,"turns":2},{"damage":0,"enemies":"Looter","floor":12,"turns":2},{"damage":0,"enemies":"3 Louse","floor":13,"turns":3},{"damage":0,"enemies":"conspire:2 RoseBushes","floor":14,"turns":1},{"damage":0,"enemies":"Slime Boss","floor":16,"turns":3},{"damage":0,"enemies":"Spheric Guardian","floor":18,"turns":2},{"damage":0,"enemies":"3 Byrds","floor":20,"turns":6},{"damage":0,"enemies":"conspire:HollyBat","floor":22,"turns":6},{"damage":0,"enemies":"Slavers","floor":23,"turns":1},{"damage":0,"enemies":"Centurion and Healer","floor":24,"turns":3},{"damage":0,"enemies":"Book of Stabbing","floor":25,"turns":3},{"damage":0,"enemies":"conspire:Head Lice","floor":27,"turns":2},{"damage":0,"enemies":"Snecko","floor":28,"turns":3},{"damage":0,"enemies":"Shelled Parasite and Fungi","floor":29,"turns":2},{"damage":0,"enemies":"Automaton","floor":33,"turns":4},{"damage":0,"enemies":"3 Shapes","floor":35,"turns":1},{"damage":0,"enemies":"3 Darklings","floor":36,"turns":2},{"damage":0,"enemies":"Jaw Worm Horde","floor":37,"turns":2},{"damage":0,"enemies":"Mind Bloom Boss Battle","floor":39,"turns":3},{"damage":0,"enemies":"Nemesis","floor":41,"turns":7},{"damage":0,"enemies":"4 Shapes","floor":45,"turns":2},{"damage":10,"enemies":"hubris:Merchant","floor":46,"turns":5},{"damage":0,"enemies":"Maw","floor":48,"turns":2},{"damage":0,"enemies":"Replay:Hell Engine","floor":50,"turns":5}],"seed_played":"-320853049576649401","potions_obtained":[{"floor":1,"key":"Ancient Potion"},{"floor":3,"key":"blueLaboratory:StoneskinPotion"},{"floor":12,"key":"BloodPotion"},{"floor":14,"key":"ColorlessPotion"},{"floor":22,"key":"blueLaboratory:BottleOfRum"},{"floor":28,"key":"DuplicationPotion"},{"floor":29,"key":"Adrenaline Potion"},{"floor":33,"key":"blueLaboratory:PolymorphPotion"},{"floor":39,"key":"blueLaboratory:BottledHope"},{"floor":46,"key":"Block Potion"},{"floor":46,"key":"Poison Potion"},{"floor":48,"key":"Doom Potion"}],"is_trial":false,"path_per_floor":["M","M","M","?","?","E","R","E","T","R","M","M","M","M","R","B",null,"M","?","M","AVR","M","E","M","E","T","E","M","M","?","?","R","B",null,"M","M","M","AVR","?","R","E","R","T","R","M","$","?","M","R_BF","B",null],"character_chosen":"THE_GATHERER","items_purchased":[],"campfire_rested":0,"item_purchase_floors":[],"current_hp_per_floor":[76,76,76,76,76,63,63,63,63,63,63,63,63,63,63,63,79,79,79,79,79,79,79,79,79,79,79,79,79,79,79,79,79,79,79,79,79,79,79,79,79,79,79,79,79,69,69,72,72,79],"gold":1150,"neow_bonus":"TEN_PERCENT_HP_BONUS","is_daily":false,"chose_seed":false,"campfire_upgraded":7,"win_rate":0.0,"timestamp":1610889494,"path_taken":["M","M","M","?","?","E","R","E","T","R","M","M","M","M","R","BOSS","M","?","M","AVR","M","E","M","E","T","E","M","?","?","?","R","BOSS","M","M","M","AVR","?","R","E","R","T","R","M","$","?","?","R_BF","BOSS"],"items_purchased_type":[],"build_version":"2020-12-22","purchased_purges":1,"victory":true,"max_hp_per_floor":[79,79,79,79,79,79,79,79,79,79,79,79,79,79,79,79,79,79,79,79,79,79,79,79,79,79,79,79,79,79,79,79,79,79,79,79,79,79,79,79,79,79,79,79,79,79,79,79,79,79],"card_choices":[{"not_picked":["Gatherer:SaveValuables","Gatherer:Polymorphism"],"picked":"Gatherer:OddSpoils","floor":1},{"not_picked":["Gatherer:UpgradeBag","Gatherer:CarefulStrike"],"picked":"Gatherer:Transmute","floor":2},{"not_picked":["Gatherer:FlowerPower","Gatherer:GatherMaterial","Gatherer:Frenzy"],"picked":"SKIP","floor":3},{"not_picked":["Gatherer:FlowerFalling","Gatherer:GlowingPlant+1"],"picked":"Gatherer:GrowBook+1","floor":6},{"not_picked":["Gatherer:FlowerPower","Gatherer:TreeGrowth+1","Gatherer:Convert+1"],"picked":"SKIP","floor":8},{"not_picked":["Gatherer:Transmute+1","Gatherer:WoolGloves+1","Gatherer:FlowerBeam"],"picked":"SKIP","floor":11},{"not_picked":["Gatherer:Solidify+1","Gatherer:SealedBomb"],"picked":"Gatherer:SaveValuables+1","floor":12},{"not_picked":["Gatherer:Photoscythe","Gatherer:Herbalism+1"],"picked":"Gatherer:FragileHammer","floor":13},{"not_picked":["Gatherer:FlowerShield+1","Gatherer:GatherMaterial+1","Gatherer:Frenzy"],"picked":"SKIP","floor":14},{"not_picked":["Gatherer:CursedBlade","Gatherer:FinishingStrike"],"picked":"Gatherer:GrowBook+1","floor":16},{"not_picked":["Gatherer:Duality","Gatherer:TreeGrowth+1"],"picked":"Gatherer:QuickSynthesis+1","floor":18},{"not_picked":["Gatherer:Transmute+1","Gatherer:DrugPower+1","Gatherer:GatherMaterial+1"],"picked":"SKIP","floor":20},{"not_picked":["Gatherer:CarefulStrike","Gatherer:EnergyBasket+1","Gatherer:BalancedGrowth"],"picked":"SKIP","floor":22},{"not_picked":["Gatherer:ColorfulGarden","Gatherer:EchoOfNature"],"picked":"Gatherer:AlchemyTrial+1","floor":23},{"not_picked":["Gatherer:FlowerShield+1","Gatherer:AcidicSpray","Gatherer:BambuSword+1"],"picked":"SKIP","floor":24},{"not_picked":["Gatherer:BigPouch+1","Gatherer:LuckyClover","Gatherer:BambuSword+1"],"picked":"SKIP","floor":25},{"not_picked":["Gatherer:DrugPower+1","Gatherer:EchoOfNature","Gatherer:TreeGrowth+1"],"picked":"SKIP","floor":27},{"not_picked":["Gatherer:FlowerFalling","Gatherer:Frenzy"],"picked":"Gatherer:TacticalStrike","floor":28},{"not_picked":["Gatherer:QuickSynthesis+1","Gatherer:SaveValuables+1"],"picked":"Gatherer:TacticalStrike+1","floor":29},{"not_picked":["StuffTheSpire:Brawn","StuffTheSpire:Perfection"],"picked":"StuffTheSpire:Rapture","floor":31},{"not_picked":["Gatherer:Solidify+1","Gatherer:GatherMaterial+1","Gatherer:Convert+1"],"picked":"SKIP","floor":35},{"not_picked":["Gatherer:FlowerShield+1","Gatherer:SealedBomb+1"],"picked":"Gatherer:Enchant+1","floor":36},{"not_picked":["Gatherer:DrugPower+1","Gatherer:GatherMaterial+1","Gatherer:BigPouch+1"],"picked":"SKIP","floor":37},{"not_picked":["Gatherer:SaveValuables+1","beaked:StunningBlow+1","Gatherer:AlchemyTrial"],"picked":"beaked:WarriorEssence+1","floor":41},{"not_picked":["Gatherer:SmartManeuver+1","Gatherer:FlowerShield+1","Gatherer:CarefulStrike+1"],"picked":"beaked:Daydream+1","floor":45},{"not_picked":["Gatherer:FragileHammer+1"],"picked":"SKIP","floor":46},{"not_picked":["Gatherer:ScherryThrow"],"picked":"SKIP","floor":46},{"not_picked":["beaked:DigDeep+1"],"picked":"SKIP","floor":46},{"not_picked":["beaked:HuntressEssence+1"],"picked":"SKIP","floor":46},{"not_picked":["beaked:MaddeningMurmurs"],"picked":"SKIP","floor":46},{"not_picked":["StuffTheSpire:PlasmaPunch"],"picked":"SKIP","floor":46},{"not_picked":["REME_AllRoundStrike"],"picked":"SKIP","floor":46},{"not_picked":["jedi:cleanse","REME_BuildACard","Transmutation"],"picked":"Crow Ritual","floor":47},{"not_picked":["PlatinumSkin","ReplayTheSpireMod:Necrogeddon","REME_WheelOfFate"],"picked":"Metamorphosis","floor":47},{"not_picked":["StuffTheSpire:Recharge","Swift Strike","REME_HeartOfCthun"],"picked":"jedi:LeechingStrike","floor":47},{"not_picked":["Gatherer:SealedBomb","beaked:WindBringer","beaked:Resilience+1","Gatherer:AromaProtection+1"],"picked":"SKIP","floor":48}],"player_experience":1026639,"relics_obtained":[{"floor":6,"key":"hubris:PeanutButter"},{"floor":8,"key":"Iron Hammer"},{"floor":9,"key":"Pondfish Scales"},{"floor":23,"key":"jedi:angrymask"},{"floor":25,"key":"Replay:Bottled Steam"},{"floor":26,"key":"Gremlin Food"},{"floor":27,"key":"FossilizedHelix"},{"floor":39,"key":"StoneCalendar"},{"floor":41,"key":"StuffTheSpire:PointBlank"},{"floor":43,"key":"StuffTheSpire:Tea"},{"floor":46,"key":"hubris:Potato"},{"floor":46,"key":"Replay:Rubber Ducky"},{"floor":46,"key":"hubris:HerbalPaste"},{"floor":46,"key":"Onion Ring"},{"floor":46,"key":"Akabeko"},{"floor":46,"key":"ReplayTheSpireMod:ShopPack"},{"floor":46,"key":"wanderingMiniBosses:Inkheart"},{"floor":47,"key":"Ring of Panic"},{"floor":47,"key":"Ring of Peace"},{"floor":49,"key":"hubris:DuctTape"}],"event_choices":[{"damage_healed":0,"gold_gain":0,"player_choice":"Upgraded","damage_taken":0,"max_hp_gain":0,"max_hp_loss":0,"event_name":"Upgrade Shrine","floor":19,"gold_loss":0,"cards_upgraded":["Gatherer:Transmute"]},{"damage_healed":0,"gold_gain":0,"player_choice":"Fight","damage_taken":0,"max_hp_gain":0,"max_hp_loss":0,"event_name":"MindBloom","floor":39,"gold_loss":0}],"is_beta":false,"boss_relics":[{"not_picked":["Replay:Wanted Poster","hubris:BlackHole"],"picked":"Sandwich"},{"not_picked":["StuffTheSpire:ModemDavis","Painkiller Herb"],"picked":"Empty Cage"}],"items_purged_floors":[21],"is_endless":false,"potions_floor_spawned":[1,3,12,14,22,28,29,33,39,41,48],"ascension_level":1}}