{"host":"yfrzjlps46tkbs82","time":1610893917,"event":{"mods":["Aspiration","BaseMod","BetterRewards","Dota2Spire","Hubris","Lobotomy","Marisa£®ÏF”Í°°ƒß¿Ì…≥£©","Minty Spire (QoL Compilation)","MostiFishMod","Replay The Spire","StSLib","SuperFastMode","TestMod","[IsaacMod]“‘»ˆº‚À˛"],"gold_per_floor":[115,131,56,119,136,164,164,197,197,197,97,97,125,125,125,227,227,246,246,257,270,280,305,305,245,297,317,342,342,356,356,356,451,451,468,530,530,545,564,564,605,636,688,707,707,707,736,465,465,478,478,478,177,216,237],"floor_reached":56,"language":"ZHS","playtime":1909,"items_purged":["Shame","Sickly","Strike_MRS"],"score":2323,"play_id":"aff57b4d-2be6-4841-b9c0-5fc5783cbbfc","local_time":"20210117223157","is_ascension_mode":true,"campfire_choices":[{"data":"PowerUp","floor":7.0,"key":"SMITH"},{"data":"PowerUp","floor":10.0,"key":"SMITH"},{"data":"GalacticHalo","floor":15.0,"key":"SMITH"},{"floor":24.0,"key":"RECALL"},{"data":"TreasureHunter","floor":29.0,"key":"SMITH"},{"data":"PowerUp","floor":32.0,"key":"SMITH"},{"data":"UltimateShortwave","floor":40.0,"key":"SMITH"},{"data":"AbsoluteMagnitude","floor":49.0,"key":"SMITH"},{"data":"SprinkleStarSeal","floor":52.0,"key":"SMITH"}],"circlet_count":0,"master_deck":["Defend_MRS","MasterSpark","UpSweep","PowerUp+1","EnergyRecoil","Acceleration","PowerUp+1","GalacticHalo+1","TreasureHunter+1","PowerUp+1","Singularity+1","SprinkleStarSeal+1","UltimateShortwave+1","CurseOfTheBell","MachineGunSpark","Singularity+1","EarthLightRay+1","AbsoluteMagnitude+1","Acceleration+1"],"relics":["MiniHakkero","DaveBox","testmod-TestBox","HushsDoor","GnawedLeaf","testmod-D®¶j®§vu","Transparent","testmod-HarvestTotem","Kintsugi","SynthV:TestCard","HandmadeGrimoire","SharpPlug","BookOfRevelations","Frozen Egg 2","TimeKeys","hubris:DeckOfHolding","Dota2Spire:CrimsonGuard","testmod-OneHitWonder","testmod-Alchemist","Calling Bell","testmod-Acrobat","Pantograph","Dota2Spire:DivineRapier","hubris:SphereOfDissonance","ReplayFunnel","aspiration:SeaSaltIceCream","Strawberry","DaveBox","Replay:Baseball","Dota2Spire:Vanguard","Dota2Spire:ArcaneBoots","Dota2Spire:BladeMail","Civilization","aspiration:StickyExplosives_weak","hubris:AstralHammer"],"acts_visited":["Exordium","TheCity","TheBeyond","TheEnding"],"potions_floor_usage":[55,55,55],"damage_taken":[{"damage":35.0,"enemies":"Small Slimes","floor":1.0,"turns":2.0},{"damage":48.0,"enemies":"Cultist","floor":2.0,"turns":3.0},{"damage":35.0,"enemies":"Jaw Worm","floor":5.0,"turns":2.0},{"damage":90.0,"enemies":"Lagavulin","floor":6.0,"turns":6.0},{"damage":68.0,"enemies":"3 Sentries","floor":8.0,"turns":4.0},{"damage":30.0,"enemies":"Lagavulin","floor":13.0,"turns":2.0},{"damage":75.0,"enemies":"Fading Forest","floor":16.0,"turns":5.0},{"damage":70.0,"enemies":"3 Byrds","floor":18.0,"turns":4.0},{"damage":30.0,"enemies":"Spheric Guardian","floor":20.0,"turns":2.0},{"damage":47.0,"enemies":"Snake Plant","floor":21.0,"turns":3.0},{"damage":48.0,"enemies":"Centurion and Healer","floor":22.0,"turns":3.0},{"damage":45.0,"enemies":"Replay:Snechameleon","floor":23.0,"turns":3.0},{"damage":53.0,"enemies":"Chosen and Byrds","floor":27.0,"turns":3.0},{"damage":49.0,"enemies":"Book of Stabbing","floor":28.0,"turns":3.0},{"damage":51.0,"enemies":"Shelled Parasite and Fungi","floor":30.0,"turns":3.0},{"damage":78.0,"enemies":"Pondfish","floor":33.0,"turns":5.0},{"damage":63.0,"enemies":"3 Shapes","floor":35.0,"turns":3.0},{"damage":117.0,"enemies":"Hiden Room Battle","floor":36.0,"turns":4.0},{"damage":14.0,"enemies":"Orb Walker","floor":38.0,"turns":1.0},{"damage":34.0,"enemies":"Sphere and 2 Shapes","floor":39.0,"turns":2.0},{"damage":70.0,"enemies":"Nemesis","floor":41.0,"turns":3.0},{"damage":89.0,"enemies":"3 Darklings","floor":42.0,"turns":4.0},{"damage":59.0,"enemies":"Maw","floor":44.0,"turns":3.0},{"damage":106.0,"enemies":"Transient","floor":47.0,"turns":3.0},{"damage":87.0,"enemies":"hubris:GrandSnecko","floor":50.0,"turns":5.0},{"damage":63.0,"enemies":"Shield and Spear","floor":54.0,"turns":2.0},{"damage":96,"enemies":"Delirium","floor":55,"turns":6}],"seed_played":"7487883872103139580","potions_obtained":[{"floor":2.0,"key":"Adrenaline Potion"},{"floor":8.0,"key":"BlessingOfTheForge"},{"floor":16.0,"key":"Energy Potion"},{"floor":21.0,"key":"CultistPotion"},{"floor":33.0,"key":"Swift Potion"}],"is_trial":false,"path_per_floor":["M","M","$","?","M","E","R","E","T","R","$","?","E","?","R","B",null,"M","$","M","M","M","E","R","?","T","M","E","R","M","?","R","B",null,"M","?","?","M","M","R","E","M","T","M","T","$","M","$","R","B",null,"R","$","E","B",null],"character_chosen":"MARISA","items_purchased":["MachineGunSpark","Dota2Spire:ArcaneBoots","Dota2Spire:BladeMail","Civilization"],"campfire_rested":0,"item_purchase_floors":[34,48,53,53],"current_hp_per_floor":[150,150,150,135,150,150,150,150,150,150,150,150,150,150,150,150,150,150,150,150,150,150,150,150,150,150,150,150,150,150,134,134,150,147,147,147,147,147,147,147,161,161,161,161,161,161,161,161,161,161,161,161,161,165,173],"gold":237,"neow_bonus":"DOUBLE_BOSS_RELIC","is_daily":false,"chose_seed":false,"campfire_upgraded":8,"win_rate":0.0,"timestamp":1610893917,"path_taken":["M","M","$","?","M","E","R","E","T","R","$","?","E","?","R","BOSS","M","$","M","M","M","E","R","?","T","?","E","R","M","?","R","BOSS","M","?","?","?","M","R","E","M","T","M","?","$","M","$","R","BOSS","R","$","E","BOSS"],"items_purchased_type":["Card","Relic","Relic","Relic"],"build_version":"2020-12-22","purchased_purges":3,"victory":true,"max_hp_per_floor":[150,150,150,150,150,150,150,150,150,150,150,150,150,150,150,150,150,150,150,150,150,150,150,150,150,150,150,150,150,150,150,150,150,147,147,147,147,147,147,147,161,161,161,161,161,161,161,161,161,161,161,161,161,165,173],"card_choices":[{"not_picked":["6A","OortCloud","UnstableBomb"],"picked":"SKIP","floor":1.0},{"not_picked":["BinaryStars","MilkyWay","BlazeAway","SporeBomb"],"picked":"PowerUp","floor":2.0},{"not_picked":["SporeBomb","BlazeAway","DoubleSpark","SuperNova"],"picked":"EnergyRecoil","floor":5.0},{"not_picked":["OpenUniverse","ManaConvection","ChargingUp","FairyDestructionRay"],"picked":"Acceleration","floor":6.0},{"not_picked":["EventHorizon","OpenUniverse","LuminesStrike","DC"],"picked":"PowerUp","floor":8.0},{"not_picked":["DarkMatter","DoubleSpark","MagicChant","BlazeAway","OneTimeOff"],"picked":"SKIP","floor":13.0},{"not_picked":["AbsoluteMagnitude","MaximisePower","MillisecondPulsars+1","SuperNova+1"],"picked":"TreasureHunter","floor":16.0},{"not_picked":["Robbery","WitchLeyline","GravityBeat+1","LuminesStrike","AlicesGift"],"picked":"SKIP","floor":18.0},{"not_picked":["GrandCross","DoubleSpark","ChargingUp","GravityBeat"],"picked":"PowerUp","floor":20.0},{"not_picked":["Acceleration","SporeBomb","PulseMagic","FinalSpark","AsteroidBelt"],"picked":"SKIP","floor":21.0},{"not_picked":["StarBarrage+1","NonDirectionalLaser+1","DC","SporeBomb"],"picked":"Singularity+1","floor":22.0},{"not_picked":["DeepEcoloBomb","LuminesStrike","EnergyRecoil+1","IllusionStar","ShootingEcho+1"],"picked":"SKIP","floor":23.0},{"not_picked":["ShootTheMoon","GrandCross","PulseMagic","ManaRampage"],"picked":"SprinkleStarSeal","floor":27.0},{"not_picked":["AsteroidBelt","PropBag+1","MysteriousBeam","DragonMeteor+1","GalacticHalo"],"picked":"SKIP","floor":28.0},{"not_picked":["Orbital","IllusionStar+1","Acceleration+1","ShootingEcho","DarkSpark"],"picked":"SKIP","floor":30.0},{"not_picked":["MaximisePower","CollectingQuirk","JA","BlazingStar"],"picked":"UltimateShortwave","floor":33.0},{"not_picked":["OpenUniverse","UnstableBomb","MysteriousBeam+1","LuminesStrike+1","GravityBeat"],"picked":"SKIP","floor":35.0},{"not_picked":["PulseMagic+1","6A","WitchLeyline","MachineGunSpark","IllusionStar"],"picked":"SKIP","floor":38.0},{"not_picked":["OortCloud+1","ShootTheMoon","PowerUp+1","StarlightTyphoon"],"picked":"Singularity+1","floor":39.0},{"not_picked":["ManaRampage","MysteriousBeam","ShootingEcho+1","DeepEcoloBomb"],"picked":"EarthLightRay+1","floor":41.0},{"not_picked":["PowerUp+1","UnstableBomb+1","MeteoricShower","GravityBeat+1","6A"],"picked":"SKIP","floor":42.0},{"not_picked":["DoubleSpark+1","Acceleration","WitchOfGreed+1","IllusionStar"],"picked":"AbsoluteMagnitude","floor":44.0},{"not_picked":["UnstableBomb","SprinkleStarSeal+1","AsteroidBelt","GrandCross+1"],"picked":"Acceleration+1","floor":47.0},{"not_picked":["OpenUniverse","SuperPerseids+1","GravityBeat","DC+1","EnergyRecoil+1"],"picked":"SKIP","floor":54.0}],"player_experience":243734,"relics_obtained":[{"floor":1.0,"key":"SynthV:TestCard"},{"floor":6.0,"key":"HandmadeGrimoire"},{"floor":8.0,"key":"SharpPlug"},{"floor":9.0,"key":"BookOfRevelations"},{"floor":13.0,"key":"Frozen Egg 2"},{"floor":23.0,"key":"hubris:DeckOfHolding"},{"floor":28.0,"key":"Dota2Spire:CrimsonGuard"},{"floor":28.0,"key":"testmod-OneHitWonder"},{"floor":33.0,"key":"testmod-Alchemist"},{"floor":34.0,"key":"testmod-Acrobat"},{"floor":34.0,"key":"Pantograph"},{"floor":34.0,"key":"Dota2Spire:DivineRapier"},{"floor":36.0,"key":"hubris:SphereOfDissonance"},{"floor":36.0,"key":"ReplayFunnel"},{"floor":41.0,"key":"aspiration:SeaSaltIceCream"},{"floor":41.0,"key":"Strawberry"},{"floor":43.0,"key":"Replay:Baseball"},{"floor":45.0,"key":"Dota2Spire:Vanguard"},{"floor":54.0,"key":"aspiration:StickyExplosives_weak"},{"floor":54.0,"key":"hubris:AstralHammer"}],"event_choices":[{"damage_healed":0.0,"max_hp_gain":0.0,"max_hp_loss":0.0,"gold_gain":0.0,"event_name":"Cursed Tome","player_choice":"Obtained Book","floor":31.0,"gold_loss":0.0,"damage_taken":16.0},{"damage_healed":0.0,"max_hp_gain":0.0,"max_hp_loss":0.0,"gold_gain":0.0,"event_name":"HidenRoomEvent","player_choice":"Fight","floor":36.0,"gold_loss":0.0,"damage_taken":0.0},{"damage_healed":0.0,"max_hp_gain":0.0,"max_hp_loss":0.0,"gold_gain":0.0,"event_name":"Match and Keep!","player_choice":"0 cards matched","floor":37.0,"gold_loss":0.0,"damage_taken":0.0,"cards_obtained":[]}],"is_beta":false,"boss_relics":[{"not_picked":["BewitchedHakkero","FrostBlade"],"picked":"TimeKeys"},{"not_picked":[]},{"not_picked":["EE1DDrone","hubris:BlackHole"],"picked":"Calling Bell"},{"not_picked":[]}],"items_purged_floors":[3,11,48],"is_endless":false,"potions_floor_spawned":[2,8,16,21,28,33,38,41,42,44],"ascension_level":6}}