{"host":"75t5dw8c2tyw3fa7","time":1610881541,"event":{"mods":["BaseMod","Minty Spire (QoL Compilation)","Replay The Spire","StSLib"],"gold_per_floor":[133,187,241,166,198,198,235,260,260,312,51,51,51,119,119,244,244,288,324,324,385,233,233,270,270],"floor_reached":24,"language":"ENG","playtime":1658,"items_purged":["Strike_G"],"score":312,"play_id":"5c8dbf31-80f8-45d0-b392-d4661e4696e5","local_time":"20210117030541","is_ascension_mode":true,"campfire_choices":[{"data":"HandOfGreed","floor":6.0,"key":"SMITH"},{"floor":13,"key":"REST"},{"data":"Sucker Punch","floor":15,"key":"SMITH"},{"floor":23,"key":"REST"}],"circlet_count":0,"master_deck":["AscendersBane","Strike_G","Strike_G","Strike_G","Strike_G","Defend_G","Defend_G","Defend_G","Defend_G","Defend_G","Survivor","Neutralize","HandOfGreed+1","Well Laid Plans","Sucker Punch+1","Terror","Heel Hook","Underhanded Strike","Malaise","Leg Sweep","Masterful Stab+1","Sickly"],"relics":["Ring of the Snake","Replay:Rubber Ducky","Replay:Bottled Snecko","Shuriken","Divine Protection","Philosopher\u0027s Stone","Enchiridion","ReplayTheSpireMod:CursedCoin","Replay:Bandana","Blue Doll"],"acts_visited":["Exordium","TheCity"],"potions_floor_usage":[16,18,19,21],"damage_taken":[{"damage":0.0,"enemies":"Cultist","floor":1.0,"turns":4.0},{"damage":5.0,"enemies":"Small Slimes","floor":2.0,"turns":4.0},{"damage":5.0,"enemies":"2 Louse","floor":3.0,"turns":5.0},{"damage":6.0,"enemies":"Looter","floor":5.0,"turns":3.0},{"damage":0.0,"enemies":"Large Slime","floor":7.0,"turns":3.0},{"damage":23.0,"enemies":"Gremlin Nob","floor":8.0,"turns":4.0},{"damage":16.0,"enemies":"Lagavulin","floor":10.0,"turns":7.0},{"damage":7,"enemies":"Lots of Slimes","floor":14,"turns":6},{"damage":1,"enemies":"Hexaghost","floor":16,"turns":8},{"damage":4,"enemies":"Spheric Guardian","floor":18,"turns":6},{"damage":15,"enemies":"2 Thieves","floor":19,"turns":4},{"damage":0,"enemies":"Centurion and Healer","floor":21,"turns":8},{"damage":35,"enemies":"Slavers","floor":24,"turns":5}],"seed_played":"4532656201057406231","potions_obtained":[{"floor":2.0,"key":"Elixir"},{"floor":5.0,"key":"Adrenaline Potion"},{"floor":7.0,"key":"CunningPotion"},{"floor":14,"key":"Poison Potion"},{"floor":16,"key":"Block Potion"},{"floor":18,"key":"SkillPotion"},{"floor":19,"key":"DistilledChaos"}],"is_trial":false,"path_per_floor":["M","M","M","$","M","R","M","E","T","E","$","?","R","M","R","B",null,"M","M","?","M","$","R","E"],"character_chosen":"THE_SILENT","items_purchased":["Divine Protection","ReplayTheSpireMod:CursedCoin","Replay:Bandana","Blue Doll"],"campfire_rested":2,"item_purchase_floors":[11,22,22,22],"current_hp_per_floor":[63,58,53,53,47,47,47,24,24,8,8,8,26,19,19,18,52,48,33,17,17,17,35,0,0],"gold":270,"neow_bonus":"RANDOM_COLORLESS_2","is_daily":false,"chose_seed":false,"campfire_upgraded":2,"win_rate":0.0,"timestamp":1610881541,"path_taken":["M","M","M","$","M","R","?","E","T","E","$","?","R","M","R","BOSS","M","M","?","M","$","R","E"],"items_purchased_type":["Relic","Relic","Relic","Relic"],"build_version":"2020-12-22","purchased_purges":1,"victory":false,"max_hp_per_floor":[63,63,63,63,63,63,63,63,63,63,63,63,63,63,63,63,63,63,63,63,63,63,63,63,63],"card_choices":[{"not_picked":["Crow Ritual","The Bomb"],"picked":"HandOfGreed","floor":0.0},{"not_picked":["Sneak Up","Poisoned Stab"],"picked":"Well Laid Plans","floor":1.0},{"not_picked":["Crippling Poison","Outmaneuver"],"picked":"Sucker Punch","floor":2.0},{"not_picked":["Bane","Slice"],"picked":"Terror","floor":3.0},{"not_picked":["Flechettes","Blade Dance","Prepared"],"picked":"SKIP","floor":5.0},{"not_picked":["Dagger Throw","Crippling Poison","Deflect"],"picked":"SKIP","floor":7.0},{"not_picked":["Bane","Accuracy"],"picked":"Heel Hook","floor":8.0},{"not_picked":["Deadly Poison","Flying Knee"],"picked":"Underhanded Strike","floor":10.0},{"not_picked":["All Out Attack","ReplayTheSpireMod:Speed Training","Flying Knee"],"picked":"SKIP","floor":14},{"not_picked":["Unload","Grand Finale"],"picked":"Malaise","floor":16},{"not_picked":["Reflex+1","Flying Knee"],"picked":"Leg Sweep","floor":18},{"not_picked":["Slice","Tactician"],"picked":"Masterful Stab+1","floor":19},{"not_picked":["Replay:Poison Smokescreen","Dagger Spray+1","Backflip"],"picked":"SKIP","floor":21}],"player_experience":450664,"relics_obtained":[{"floor":8.0,"key":"Replay:Rubber Ducky"},{"floor":9.0,"key":"Replay:Bottled Snecko"},{"floor":10.0,"key":"Shuriken"},{"floor":20,"key":"Enchiridion"}],"event_choices":[{"damage_healed":0,"gold_gain":0,"player_choice":"Fled","damage_taken":0,"max_hp_gain":0,"max_hp_loss":0,"event_name":"Scrap Ooze","floor":12,"gold_loss":0},{"damage_healed":0,"gold_gain":0,"player_choice":"Obtained Book","damage_taken":16,"max_hp_gain":0,"max_hp_loss":0,"event_name":"Cursed Tome","floor":20,"gold_loss":0}],"is_beta":false,"boss_relics":[{"not_picked":["Sozu","Kintsugi"],"picked":"Philosopher\u0027s Stone"}],"items_purged_floors":[4],"is_endless":false,"potions_floor_spawned":[2,5,7,14,16,18,19],"killed_by":"Slavers","ascension_level":10}}