{"host":"8rqsnaeml9gxb0kp","time":1610866017,"event":{"mods":["AchievementEnabler","BaseMod","Dark Map","Minty Spire (QoL Compilation)","StSLib"],"gold_per_floor":[115,127,141,42,55,88,164,189,489,519,519,535,535,552,552,652,652,640,659,659,659],"floor_reached":20,"language":"ENG","playtime":1328,"items_purged":[],"score":206,"play_id":"4520228e-703f-4bba-95eb-a68dd3bd4154","local_time":"20210116224657","is_ascension_mode":true,"campfire_choices":[{"floor":13,"key":"REST"},{"floor":15,"key":"REST"}],"circlet_count":0,"master_deck":["Strike_G","Strike_G","Strike_G","Strike_G","Strike_G","Defend_G","Defend_G","Defend_G","Defend_G","Defend_G","Survivor","Neutralize","Quick Slash","Choke","Outmaneuver","Slice","Flying Knee","Finisher","Eviscerate","Accuracy","Tools of the Trade","Backflip","Blade Dance","Backflip","A Thousand Cuts","Distraction+1","Leg Sweep+1"],"relics":["Velvet Choker","Eternal Feather","Ginger","Old Coin","Darkstone Periapt","WristBlade"],"acts_visited":["Exordium","TheCity"],"potions_floor_usage":[6,6,10,14,16,20],"damage_taken":[{"damage":0,"enemies":"2 Louse","floor":1,"turns":3},{"damage":1,"enemies":"Jaw Worm","floor":2,"turns":3},{"damage":0,"enemies":"Cultist","floor":3,"turns":3},{"damage":3,"enemies":"Lots of Slimes","floor":5,"turns":4},{"damage":13,"enemies":"3 Sentries","floor":6,"turns":6},{"damage":28,"enemies":"Gremlin Nob","floor":8,"turns":4},{"damage":12,"enemies":"3 Sentries","floor":10,"turns":8},{"damage":11,"enemies":"Exordium Wildlife","floor":12,"turns":4},{"damage":12,"enemies":"Large Slime","floor":14,"turns":3},{"damage":51,"enemies":"The Guardian","floor":16,"turns":14},{"damage":25,"enemies":"2 Thieves","floor":18,"turns":4},{"damage":22,"enemies":"Spheric Guardian","floor":19,"turns":4},{"damage":23,"enemies":"Shelled Parasite and Fungi","floor":20,"turns":8}],"seed_played":"3551312105010210554","potions_obtained":[{"floor":1,"key":"Block Potion"},{"floor":2,"key":"Energy Potion"},{"floor":5,"key":"LiquidMemories"},{"floor":10,"key":"Weak Potion"},{"floor":12,"key":"Poison Potion"},{"floor":18,"key":"DistilledChaos"}],"is_trial":false,"path_per_floor":["M","M","M","$","M","E","?","E","T","E","?","M","R","M","R","B",null,"M","M","M"],"character_chosen":"THE_SILENT","items_purchased":["Slice","Flying Knee"],"campfire_rested":2,"item_purchase_floors":[4,4],"current_hp_per_floor":[70,69,69,69,66,53,53,25,25,13,13,2,35,23,56,5,70,45,23,0,0],"gold":659,"neow_bonus":"BOSS_RELIC","is_daily":false,"chose_seed":false,"campfire_upgraded":0,"win_rate":0.0,"timestamp":1610866017,"path_taken":["M","M","M","$","M","E","?","E","T","E","?","?","R","M","R","BOSS","M","M","M"],"items_purchased_type":["Card","Card"],"build_version":"2020-12-22","purchased_purges":0,"victory":false,"max_hp_per_floor":[70,70,70,70,70,70,70,70,70,70,70,70,70,70,70,70,70,70,70,70,70],"card_choices":[{"not_picked":["Calculated Gamble","Flechettes"],"picked":"Quick Slash","floor":1},{"not_picked":["Deflect","Blade Dance"],"picked":"Choke","floor":2},{"not_picked":["Terror","Cloak And Dagger"],"picked":"Outmaneuver","floor":3},{"not_picked":["Infinite Blades","Slice"],"picked":"Finisher","floor":5},{"not_picked":["Bane","Deadly Poison"],"picked":"Eviscerate","floor":6},{"not_picked":["Adrenaline","Slice"],"picked":"Accuracy","floor":8},{"not_picked":["Escape Plan","Noxious Fumes"],"picked":"Tools of the Trade","floor":10},{"not_picked":["Flying Knee","Flechettes"],"picked":"Blade Dance","floor":12},{"not_picked":["Flying Knee","Acrobatics"],"picked":"Backflip","floor":14},{"not_picked":["Wraith Form v2","Doppelganger"],"picked":"A Thousand Cuts","floor":16},{"not_picked":["Catalyst","Dagger Throw"],"picked":"Distraction+1","floor":18},{"not_picked":["PiercingWail","Choke"],"picked":"Leg Sweep+1","floor":19}],"player_experience":87711,"relics_obtained":[{"floor":6,"key":"Eternal Feather"},{"floor":8,"key":"Ginger"},{"floor":9,"key":"Old Coin"},{"floor":10,"key":"Darkstone Periapt"}],"event_choices":[{"damage_healed":0,"gold_gain":76,"player_choice":"Gained Gold","damage_taken":0,"max_hp_gain":0,"max_hp_loss":0,"event_name":"Golden Wing","floor":7,"gold_loss":0},{"damage_healed":0,"gold_gain":0,"player_choice":"1 cards matched","damage_taken":0,"max_hp_gain":0,"max_hp_loss":0,"event_name":"Match and Keep!","floor":11,"gold_loss":0,"cards_obtained":["Backflip"]}],"is_beta":false,"boss_relics":[{"not_picked":["Empty Cage","Sozu"],"picked":"WristBlade"}],"items_purged_floors":[],"is_endless":false,"potions_floor_spawned":[1,2,5,10,12,18],"killed_by":"Shelled Parasite and Fungi","ascension_level":1}}