{"host":"pletss163z7s8pvv","time":1610854445,"event":{"mods":["AchievementEnabler","BaseMod","Colored Map","Colored Powertips","Minty Spire (QoL Compilation)"],"gold_per_floor":[144,189,189,234,9,9,54,99,99,99,144,189,364,364,364,664,664,709,754,357,357,111,201,201,201,201,201,246,291,291,336,336,636,636,681,270,270,3,48,138,138,183,183,183,93,4,49,94,94,94],"floor_reached":51,"language":"ENG","playtime":1695,"items_purged":[],"score":1039,"play_id":"a0bac3c7-9888-4454-b18d-31f49fcc5bb2","local_time":"20210116213405","daily_mods":["SealedDeck","Hoarder","Midas"],"is_ascension_mode":false,"campfire_choices":[{"floor":6,"key":"REST"},{"floor":15,"key":"REST"},{"data":"Doubt","floor":25,"key":"PURGE"},{"data":"Doubt","floor":27,"key":"PURGE"},{"floor":30,"key":"REST"},{"floor":32,"key":"REST"},{"floor":41,"key":"REST"},{"data":"Electrodynamics","floor":44,"key":"PURGE"},{"data":"Parasite","floor":49,"key":"PURGE"}],"circlet_count":0,"master_deck":["Conserve Battery","Conserve Battery","Conserve Battery","Barrage","Barrage","Barrage","Beam Cell","Beam Cell","Beam Cell","Loop+1","Loop","Loop","Beam Cell","Beam Cell","Beam Cell","Leap","Leap","Leap","Turbo","Turbo","Go for the Eyes","Go for the Eyes","Go for the Eyes","Barrage","Barrage","Barrage","Coolheaded","Coolheaded","Coolheaded","Scrape","Scrape","Cold Snap","Cold Snap","Cold Snap","Core Surge","Core Surge","Core Surge","Defragment","Defragment","Defragment","Stack","Stack","Stack","Beam Cell","Beam Cell","Beam Cell","Sunder","Sunder","Sunder","Electrodynamics","Ball Lightning","Ball Lightning","Ball Lightning","Static Discharge","Static Discharge","Static Discharge","Panacea","Panacea","Panacea","Doom and Gloom","Doom and Gloom","Doom and Gloom","Loop","Loop","Loop","Capacitor","Capacitor","Capacitor","BootSequence","BootSequence","BootSequence","Consume","Consume","Consume","Conserve Battery+1","Conserve Battery+1","Conserve Battery+1","Gash+1","Gash+1","Gash+1","Cold Snap","Cold Snap","Cold Snap","Core Surge","Core Surge","Core Surge","Conserve Battery+1","Conserve Battery+1","Conserve Battery+1","Bandage Up","Bandage Up","Bandage Up","Barrage","Barrage","Barrage+1","Defragment","Defragment","Defragment","Cold Snap+1","Cold Snap+1","Cold Snap+1","All For One","All For One","All For One","Consume+1","Consume+1","Consume+1","Reprogram+1","Reprogram+1","Reprogram+1","Auto Shields+1","Auto Shields+1","Auto Shields+1","Beam Cell","Beam Cell","Beam Cell","Redo+1","Redo+1","Redo+1","Sweeping Beam","Sweeping Beam","Sweeping Beam","Core Surge","Core Surge","Core Surge","Rip and Tear","Rip and Tear","Rip and Tear","Parasite","Parasite","Defragment+1","Defragment+1","Defragment+1","Defragment+1","Defragment+1","Defragment+1"],"relics":["Cracked Core","Membership Card","Nunchaku","Pear","Darkstone Periapt","Fusion Hammer","Bottled Lightning","Mango","Peace Pipe","OrangePellets","Potion Belt","Bottled Flame","Nuclear Battery","Ice Cream","FossilizedHelix","Orrery","Eternal Feather","Toxic Egg 2","Frozen Egg 2"],"acts_visited":["Exordium","TheCity","TheBeyond"],"potions_floor_usage":[33,33,33,36,40,50,50,50,50,50],"damage_taken":[{"damage":0,"enemies":"2 Louse","floor":1,"turns":3},{"damage":0,"enemies":"Cultist","floor":2,"turns":3},{"damage":4,"enemies":"Small Slimes","floor":4,"turns":2},{"damage":7,"enemies":"Looter","floor":7,"turns":3},{"damage":3,"enemies":"2 Fungi Beasts","floor":8,"turns":3},{"damage":0,"enemies":"Large Slime","floor":11,"turns":3},{"damage":5,"enemies":"Lots of Slimes","floor":12,"turns":4},{"damage":18,"enemies":"Slime Boss","floor":16,"turns":12},{"damage":12,"enemies":"Spheric Guardian","floor":18,"turns":4},{"damage":6,"enemies":"Chosen","floor":19,"turns":3},{"damage":30,"enemies":"Slavers","floor":23,"turns":2},{"damage":16,"enemies":"3 Cultists","floor":28,"turns":5},{"damage":14,"enemies":"Snake Plant","floor":29,"turns":3},{"damage":31,"enemies":"Sentry and Sphere","floor":31,"turns":4},{"damage":41,"enemies":"Automaton","floor":33,"turns":8},{"damage":37,"enemies":"3 Darklings","floor":35,"turns":6},{"damage":34,"enemies":"3 Shapes","floor":39,"turns":6},{"damage":9,"enemies":"Reptomancer","floor":40,"turns":4},{"damage":55,"enemies":"Transient","floor":42,"turns":5},{"damage":15,"enemies":"Writhing Mass","floor":47,"turns":7},{"damage":14,"enemies":"Jaw Worm Horde","floor":48,"turns":7},{"damage":39,"enemies":"Awakened One","floor":50,"turns":17}],"seed_played":"7372172642885907109","potions_obtained":[{"floor":12,"key":"SpeedPotion"},{"floor":18,"key":"BlessingOfTheForge"},{"floor":23,"key":"LiquidBronze"},{"floor":28,"key":"CultistPotion"},{"floor":39,"key":"ColorlessPotion"},{"floor":47,"key":"EntropicBrew"}],"is_trial":false,"path_per_floor":["M","M","?","M","$","R","M","M","T","?","M","M","?","?","R","B",null,"M","M","$","?","$","E","?","R","T","R","M","M","R","M","R","B",null,"M","$","?","$","M","E","R","M","T","R","?","$","M","M","R","B",null],"character_chosen":"DEFECT","items_purchased":["Membership Card","Nunchaku","Bottled Lightning","Mango","Panacea","Doom and Gloom","Loop","Capacitor","Peace Pipe","OrangePellets","Fruit Juice","Ice Cream","FossilizedHelix","Bandage Up","Barrage","Defragment","Orrery","Eternal Feather","FairyPotion","Core Surge","Rip and Tear"],"campfire_rested":5,"item_purchase_floors":[5,5,20,20,20,20,20,22,22,22,36,36,36,36,36,38,38,38,38,46,46],"current_hp_per_floor":[75,75,75,71,71,75,68,65,75,75,75,70,88,88,103,85,103,91,85,99,99,99,69,69,69,69,69,53,39,74,43,78,37,117,80,85,85,85,55,50,122,67,67,122,122,122,125,115,137,104],"gold":94,"neow_bonus":"","is_daily":true,"chose_seed":false,"campfire_upgraded":0,"win_rate":0.0,"timestamp":1610854445,"path_taken":["M","M","?","M","$","R","M","M","T","?","?","M","?","?","R","BOSS","M","M","$","?","$","E","?","R","T","R","M","M","R","M","R","BOSS","M","$","?","$","M","E","R","M","T","R","?","$","M","M","R","BOSS"],"items_purchased_type":["Relic","Relic","Relic","Relic","Card","Card","Card","Card","Relic","Relic","Potion","Relic","Relic","Card","Card","Card","Relic","Relic","Potion","Card","Card"],"build_version":"2020-12-22","purchased_purges":0,"victory":true,"max_hp_per_floor":[75,75,75,75,75,75,75,75,85,85,85,85,103,103,103,103,103,103,103,117,117,117,117,117,117,117,117,117,117,117,117,117,117,117,117,122,122,122,122,122,122,122,122,122,122,122,140,140,137,137],"card_choices":[{"not_picked":["Leap","Streamline"],"picked":"Scrape","floor":1},{"not_picked":["Streamline","Double Energy"],"picked":"Cold Snap","floor":2},{"not_picked":["Steam","Turbo"],"picked":"Core Surge","floor":4},{"not_picked":["Coolheaded","Capacitor"],"picked":"Defragment","floor":7},{"not_picked":["Compile Driver","Turbo"],"picked":"Stack","floor":8},{"not_picked":["FTL","Redo"],"picked":"Beam Cell","floor":11},{"not_picked":["Tempest","Go for the Eyes"],"picked":"Sunder","floor":12},{"not_picked":["All For One","Fission"],"picked":"Electrodynamics","floor":16},{"not_picked":["Streamline","Storm"],"picked":"Ball Lightning","floor":18},{"not_picked":["Double Energy","Genetic Algorithm"],"picked":"Static Discharge","floor":19},{"not_picked":["FTL","Biased Cognition"],"picked":"BootSequence","floor":23},{"not_picked":["Skim","Undo"],"picked":"Conserve Battery+1","floor":28},{"not_picked":["Streamline+1","Coolheaded"],"picked":"Gash+1","floor":29},{"not_picked":["Reinforced Body","Consume"],"picked":"Cold Snap","floor":31},{"not_picked":["Echo Form","All For One"],"picked":"Core Surge","floor":33},{"not_picked":["Redo","Barrage"],"picked":"Conserve Battery+1","floor":35},{"not_picked":["Double Energy","Compile Driver+1"],"picked":"Cold Snap+1","floor":38},{"not_picked":["Doom and Gloom","Chaos+1"],"picked":"All For One","floor":38},{"not_picked":["Glacier+1","Conserve Battery"],"picked":"Consume+1","floor":38},{"not_picked":["Doom and Gloom+1","Tempest+1"],"picked":"Reprogram+1","floor":38},{"not_picked":["Tempest","Leap"],"picked":"Auto Shields+1","floor":38},{"not_picked":["Compile Driver","Rip and Tear"],"picked":"Beam Cell","floor":39},{"not_picked":["Compile Driver","Barrage+1"],"picked":"Redo+1","floor":40},{"not_picked":["Fusion+1","Gash"],"picked":"Sweeping Beam","floor":42},{"not_picked":["Recycle+1","Electrodynamics+1"],"picked":"Defragment+1","floor":47},{"not_picked":["Self Repair+1","Coolheaded+1"],"picked":"Defragment+1","floor":48}],"player_experience":420395,"relics_obtained":[{"floor":9,"key":"Pear"},{"floor":23,"key":"Potion Belt"},{"floor":26,"key":"Bottled Flame"},{"floor":40,"key":"Toxic Egg 2"},{"floor":43,"key":"Frozen Egg 2"}],"event_choices":[{"damage_healed":0,"gold_gain":0,"player_choice":"Ignored","damage_taken":0,"max_hp_gain":0,"max_hp_loss":0,"event_name":"Golden Wing","floor":3,"gold_loss":0},{"cards_removed":["Turbo"],"damage_healed":0,"gold_gain":0,"player_choice":"Gave Card","damage_taken":0,"relics_obtained":["Darkstone Periapt"],"max_hp_gain":0,"max_hp_loss":0,"event_name":"WeMeetAgain","floor":10,"gold_loss":0},{"damage_healed":0,"gold_gain":175,"player_choice":"AGREE","damage_taken":0,"max_hp_gain":0,"max_hp_loss":0,"event_name":"Liars Game","floor":13,"gold_loss":0,"cards_obtained":["Doubt"]},{"damage_healed":0,"gold_gain":0,"player_choice":"Grow","damage_taken":0,"max_hp_gain":0,"max_hp_loss":0,"event_name":"Living Wall","floor":14,"gold_loss":0,"cards_upgraded":["Loop"]},{"cards_removed":["Doubt"],"damage_healed":0,"gold_gain":0,"player_choice":"Elegance","damage_taken":0,"max_hp_gain":0,"max_hp_loss":0,"event_name":"Back to Basics","floor":21,"gold_loss":0},{"damage_healed":0,"gold_gain":0,"player_choice":"Read","damage_taken":0,"max_hp_gain":0,"max_hp_loss":0,"event_name":"The Library","floor":24,"gold_loss":0,"cards_obtained":["Consume"]},{"cards_removed":["Scrape"],"damage_healed":0,"gold_gain":0,"player_choice":"Removed Attack","damage_taken":0,"max_hp_gain":0,"max_hp_loss":0,"event_name":"Falling","floor":37,"gold_loss":0},{"cards_removed":["Electrodynamics"],"damage_healed":0,"gold_gain":0,"player_choice":"Upgrade and Remove","damage_taken":0,"max_hp_gain":0,"max_hp_loss":0,"event_name":"Designer","floor":45,"gold_loss":90,"cards_upgraded":["Barrage"]}],"is_beta":false,"boss_relics":[{"not_picked":["SlaversCollar","Philosopher\u0027s Stone"],"picked":"Fusion Hammer"},{"not_picked":["Black Star","Astrolabe"],"picked":"Nuclear Battery"}],"items_purged_floors":[],"is_endless":false,"potions_floor_spawned":[7,12,18,23,28,39,47],"ascension_level":0}}