{"host":"5icjlaq41ghjcr7h","time":1610862093,"event":{"mods":["AchievementEnabler","BaseMod","Colored Map","Minty Spire (QoL Compilation)","SuperFastMode","everything is the same but u backflip on backflip"],"gold_per_floor":[110,130,145,155,230,230,255,255,255,282,282,282,297,315,315,315,315],"floor_reached":16,"language":"KOR","playtime":467,"items_purged":[],"score":129,"play_id":"6d57c53f-8eba-4b2e-b185-fb3f6cc08c7d","local_time":"20210117144133","is_ascension_mode":true,"campfire_choices":[{"data":"Zap","floor":6,"key":"SMITH"},{"floor":8,"key":"REST"},{"floor":12,"key":"REST"},{"floor":15,"key":"REST"}],"circlet_count":0,"master_deck":["Strike_B","Strike_B","Strike_B","Strike_B","Defend_B","Defend_B","Defend_B","Defend_B","Zap+1","Dualcast","Genetic Algorithm","Go for the Eyes","Coolheaded","Coolheaded","Rainbow","Injury","Turbo","Defragment","Turbo"],"relics":["Cracked Core","NeowsBlessing","Dream Catcher","Mummified Hand","Golden Idol"],"acts_visited":["Exordium"],"potions_floor_usage":[7,7,14],"damage_taken":[{"damage":0,"enemies":"Jaw Worm","floor":1,"turns":1},{"damage":0,"enemies":"2 Louse","floor":2,"turns":1},{"damage":0,"enemies":"Cultist","floor":3,"turns":1},{"damage":6,"enemies":"Looter","floor":4,"turns":4},{"damage":23,"enemies":"Gremlin Nob","floor":7,"turns":4},{"damage":36,"enemies":"3 Sentries","floor":10,"turns":9},{"damage":19,"enemies":"Exordium Wildlife","floor":13,"turns":7},{"damage":12,"enemies":"Exordium Thugs","floor":14,"turns":5},{"damage":41,"enemies":"The Guardian","floor":16,"turns":18}],"seed_played":"-7769245815400517371","potions_obtained":[{"floor":1,"key":"SteroidPotion"},{"floor":4,"key":"SkillPotion"},{"floor":13,"key":"AttackPotion"}],"is_trial":false,"path_per_floor":["M","M","M","M","?","R","E","R","T","E","?","R","M","M","R","B"],"character_chosen":"DEFECT","items_purchased":[],"campfire_rested":3,"item_purchase_floors":[],"current_hp_per_floor":[75,75,75,69,58,58,35,57,57,21,21,43,24,12,34,0,0],"gold":315,"neow_bonus":"THREE_ENEMY_KILL","is_daily":false,"chose_seed":false,"campfire_upgraded":1,"win_rate":0.0,"timestamp":1610862093,"path_taken":["M","M","M","M","?","R","E","R","T","E","?","R","M","?","R","BOSS"],"items_purchased_type":[],"build_version":"2020-12-22","purchased_purges":0,"victory":false,"max_hp_per_floor":[75,75,75,75,75,75,75,75,75,75,75,75,75,75,75,75,75],"card_choices":[{"not_picked":["Scrape","Heatsinks","Hologram"],"picked":"SKIP","floor":1},{"not_picked":["Beam Cell","Doom and Gloom","Redo"],"picked":"SKIP","floor":2},{"not_picked":["Double Energy","Stack"],"picked":"Genetic Algorithm","floor":3},{"not_picked":["Streamline","Sweeping Beam"],"picked":"Go for the Eyes","floor":4},{"not_picked":["Aggregate","Lockon"],"picked":"Coolheaded","floor":7},{"not_picked":["Steam","Gash"],"picked":"Coolheaded","floor":8},{"not_picked":["Undo","Stack"],"picked":"Rainbow","floor":10},{"not_picked":["Darkness","Scrape"],"picked":"Turbo","floor":13},{"not_picked":["Melter","Ball Lightning"],"picked":"Defragment","floor":14},{"not_picked":["Double Energy","Lockon"],"picked":"Turbo","floor":15}],"player_experience":137046,"relics_obtained":[{"floor":7,"key":"Dream Catcher"},{"floor":10,"key":"Mummified Hand"}],"event_choices":[{"damage_healed":0,"gold_gain":75,"player_choice":"Gather Gold","damage_taken":11,"max_hp_gain":0,"max_hp_loss":0,"event_name":"World of Goop","floor":5,"gold_loss":0},{"damage_healed":0,"gold_gain":0,"player_choice":"Take Wound","damage_taken":0,"relics_obtained":["Golden Idol"],"max_hp_gain":0,"max_hp_loss":0,"event_name":"Golden Idol","floor":11,"gold_loss":0,"cards_obtained":["Injury"]}],"is_beta":false,"boss_relics":[],"items_purged_floors":[],"is_endless":false,"potions_floor_spawned":[1,4,13],"killed_by":"The Guardian","ascension_level":3}}