{"host":"15dd7v8o90xso62x","time":1610892555,"event":{"mods":["BaseMod","Minty Spire (QoL Compilation)","Quick Restart","StSLib","SuperFastMode"],"gold_per_floor":[218,236,236,256,18,50,50,78,78,96,96,96,108,123,123,123,123],"floor_reached":16,"language":"KOR","playtime":552,"items_purged":["Strike_G"],"score":224,"play_id":"6696d38c-305b-4630-b1d9-89147c3da2f3","local_time":"20210117230915","is_ascension_mode":true,"campfire_choices":[{"data":"Riddle With Holes","floor":7,"key":"SMITH"},{"data":"Neutralize","floor":12,"key":"SMITH"},{"data":"Poisoned Stab","floor":15,"key":"SMITH"}],"circlet_count":0,"master_deck":["AscendersBane","Strike_G","Strike_G","Strike_G","Strike_G","Defend_G","Defend_G","Defend_G","Defend_G","Defend_G","Survivor","Neutralize+1","Poisoned Stab+1","Terror","Dagger Spray","Die Die Die","Riddle With Holes+1","Calculated Gamble","PiercingWail"],"relics":["Ring of the Snake","Torii","HornCleat","Eternal Feather"],"acts_visited":["Exordium"],"potions_floor_usage":[2,16,16],"damage_taken":[{"damage":3,"enemies":"Jaw Worm","floor":1,"turns":4},{"damage":0,"enemies":"Cultist","floor":2,"turns":4},{"damage":4,"enemies":"Small Slimes","floor":4,"turns":3},{"damage":32,"enemies":"Lagavulin","floor":6,"turns":7},{"damage":14,"enemies":"3 Sentries","floor":8,"turns":7},{"damage":7,"enemies":"3 Louse","floor":10,"turns":3},{"damage":0,"enemies":"Exordium Wildlife","floor":13,"turns":2},{"damage":0,"enemies":"Blue Slaver","floor":14,"turns":3},{"damage":26,"enemies":"Hexaghost","floor":16,"turns":7}],"seed_played":"3098192655813578035","potions_obtained":[{"floor":1,"key":"Fire Potion"},{"floor":10,"key":"SteroidPotion"},{"floor":13,"key":"LiquidBronze"},{"floor":14,"key":"AttackPotion"}],"is_trial":false,"path_per_floor":["M","M","?","M","$","E","R","E","T","M","?","R","M","M","R","B"],"character_chosen":"THE_SILENT","items_purchased":["Die Die Die"],"campfire_rested":0,"item_purchase_floors":[5],"current_hp_per_floor":[56,56,61,57,57,25,25,11,11,4,4,13,13,13,22,0,0],"gold":123,"neow_bonus":"HUNDRED_GOLD","is_daily":false,"chose_seed":false,"campfire_upgraded":3,"win_rate":0.0,"timestamp":1610892555,"path_taken":["M","M","?","M","$","E","R","E","T","M","?","R","?","M","R","BOSS"],"items_purchased_type":["Card"],"build_version":"2020-12-22","purchased_purges":1,"victory":false,"max_hp_per_floor":[66,66,71,71,71,71,71,71,71,71,71,71,71,71,71,71,71],"card_choices":[{"not_picked":["Distraction","PiercingWail"],"picked":"Poisoned Stab","floor":1},{"not_picked":["Flechettes","Prepared"],"picked":"Terror","floor":2},{"not_picked":["Blade Dance","Deflect"],"picked":"Dagger Spray","floor":4},{"not_picked":["Noxious Fumes","Reflex"],"picked":"Riddle With Holes","floor":6},{"not_picked":["Prepared","Accuracy"],"picked":"Calculated Gamble","floor":8},{"not_picked":["Dagger Spray","Outmaneuver","Skewer"],"picked":"SKIP","floor":10},{"not_picked":["Dagger Throw","Bane","Distraction"],"picked":"SKIP","floor":13},{"not_picked":["Predator","Corpse Explosion"],"picked":"PiercingWail","floor":14}],"player_experience":1040016,"relics_obtained":[{"floor":6,"key":"Torii"},{"floor":8,"key":"HornCleat"}],"event_choices":[{"damage_healed":0,"gold_gain":0,"player_choice":"Donut","damage_taken":0,"max_hp_gain":5,"max_hp_loss":0,"event_name":"Big Fish","floor":3,"gold_loss":0},{"damage_healed":0,"gold_gain":0,"player_choice":"Gave Potion","damage_taken":0,"relics_obtained":["Eternal Feather"],"max_hp_gain":0,"max_hp_loss":0,"event_name":"WeMeetAgain","floor":11,"gold_loss":0}],"is_beta":false,"boss_relics":[],"items_purged_floors":[5],"is_endless":false,"potions_floor_spawned":[1,10,13,14],"killed_by":"Hexaghost","ascension_level":20}}