{"host":"zq661p6ul2vpm6h1","time":1610889179,"event":{"mods":["Act Like it!","BaseMod","Hallownest","Minty Spire (QoL Compilation)","Replay The Spire","Spicy Shops","StSLib","The Animator","The Bug Knight"],"gold_per_floor":[110,124,124,124,142,142,152,169,183,0,49,49,49],"floor_reached":12,"language":"ZHS","playtime":1003,"items_purged":[],"score":72,"play_id":"5f8b4d39-595e-4fd7-9b53-68477e2968d5","local_time":"20210117221259","is_ascension_mode":false,"campfire_choices":[],"circlet_count":0,"master_deck":["HollowMod:NailStrikeStart","HollowMod:NailStrikeStart","HollowMod:NailStrikeStart","HollowMod:NailStrikeStart","HollowMod:QuickDashStart","HollowMod:QuickDashStart","HollowMod:QuickDashStart","HollowMod:QuickDashStart","HollowMod:FocusHealStart","HollowMod:PogoStrike","HollowMod:ShapeofUnn","HollowMod:SoulShaman","HollowMod:DungDefenderAura","Writhe","HollowMod:InfectionAssault","HollowMod:PerfectDash","HollowMod:MidwifesHunger"],"relics":["HollowMod:VesselMask","NeowsBlessing","Blue Doll","CeramicFish"],"acts_visited":["Hallownest:Greenpath"],"potions_floor_usage":[8,9],"damage_taken":[{"damage":0,"enemies":"Hallownest:monsterHuskWarrior","floor":1,"turns":1},{"damage":0,"enemies":"2_ Uuma","floor":2,"turns":2},{"damage":0,"enemies":"Hallownest:monsterHuskGuard","floor":5,"turns":1},{"damage":51,"enemies":"Hallownest:1_Ooma_and_2_Uuma","floor":7,"turns":12},{"damage":19,"enemies":"Hallownest:Guard_and_Warrior","floor":8,"turns":7},{"damage":5,"enemies":"Hallownest:monsterMossCharger","floor":9,"turns":5},{"damage":42,"enemies":"Hallownest:eliteCrystalGuardian","floor":12,"turns":8}],"seed_played":"1898483410771312252","potions_obtained":[{"floor":2,"key":"SpeedPotion"},{"floor":8,"key":"Weak Potion"},{"floor":9,"key":"SteroidPotion"}],"is_trial":false,"path_per_floor":["M","M","PTL","PTL","M","?","M","M","M","?","T","E"],"character_chosen":"THE_BUGKNIGHT","items_purchased":[],"campfire_rested":0,"item_purchase_floors":[],"current_hp_per_floor":[75,75,75,75,75,84,45,32,33,33,33,0,0],"gold":49,"neow_bonus":"THREE_ENEMY_KILL","is_daily":false,"chose_seed":false,"campfire_upgraded":0,"win_rate":0.0,"timestamp":1610889179,"path_taken":["M","M","PTL","PTL","M","?","M","M","M","?","T","E"],"items_purchased_type":[],"build_version":"2020-12-22","purchased_purges":0,"victory":false,"max_hp_per_floor":[75,75,75,75,75,84,84,84,84,84,84,84,84],"card_choices":[{"not_picked":["HollowMod:CycloneSlash","HollowMod:InfectedCysts"],"picked":"HollowMod:ShapeofUnn","floor":1},{"not_picked":["HollowMod:NewGlowingWomb","HollowMod:InfectedAttack"],"picked":"HollowMod:SoulShaman","floor":2},{"not_picked":["HollowMod:SoulSplash","HollowMod:SiblingsSouls"],"picked":"HollowMod:DungDefenderAura","floor":5},{"not_picked":["HollowMod:ShadowDash","HollowMod:DashSlash"],"picked":"HollowMod:InfectionAssault","floor":7},{"not_picked":["HollowMod:WraithStrike","HollowMod:TaintedHusks"],"picked":"HollowMod:PerfectDash","floor":8},{"not_picked":["HollowMod:SiblingsSouls","HollowMod:SoulStrike"],"picked":"HollowMod:MidwifesHunger","floor":9}],"player_experience":162392,"relics_obtained":[{"floor":11,"key":"CeramicFish"}],"event_choices":[],"is_beta":false,"boss_relics":[],"items_purged_floors":[],"is_endless":false,"potions_floor_spawned":[2,8,9],"killed_by":"Hallownest:eliteCrystalGuardian","ascension_level":0}}