{"host":"56d873i5r3uhle0q","time":1610857929,"event":{"mods":["100% Spire Juice","Act Like it!","Aspiration","BaseMod","Block Reminder","Conspire","Gensokyo","Hermit","Jedi Mod","Marisa????????","Marked Mod","Minty Spire (QoL Compilation)","Replay The Spire","StSLib","The Animator","The Bug Knight","The Cursed","The Jungle","The Marked","The Servant 0.9.4","everything is the same but u backflip on backflip","vexMod","??????REMEMod"],"gold_per_floor":[216,230,140,158,172,172,184,202,225,225,225,245,90,100,100,199,199,212,228,228,228,246,246,258,99,99,115,115,115,131,143,143,246,246,263,283,166,181,200,200,411,411,464,464,495,505,505,522,522,522,522,522,229,262,262],"floor_reached":56,"language":"ENG","playtime":2797,"items_purged":["jedi:BattleThirst","Strike_R"],"score":1254,"play_id":"f99268b5-378f-401d-a1e2-aa273442cba9","local_time":"20210116213209","is_ascension_mode":false,"campfire_choices":[{"floor":6.0,"key":"REST"},{"floor":11.0,"key":"REST"},{"data":"Barricade","floor":23.0,"key":"SMITH"},{"data":"Entrench","floor":32.0,"key":"SMITH"},{"floor":40.0,"key":"RECALL"},{"floor":42.0,"key":"REST"},{"data":"Battle Trance","floor":44.0,"key":"SMITH"},{"floor":49,"key":"REST"},{"data":"Body Slam","floor":52,"key":"SMITH"}],"circlet_count":0,"master_deck":["Strike_R","Defend_R","Defend_R","Defend_R","Defend_R","Power Through+1","Impervious+1","ReplayReversal+1","Barricade+1","True Grit+1","Body Slam","Entrench+1","Body Slam+1","Battle Trance+1","Battle Trance+1","Metallicize"],"relics":["Burning Blood","REME_ComplimentaryCards","War Paint","conspire:TopHat","Oddly Smooth Stone","REME_LowDesire","Red Skull","Thread and Needle","Kunai","REME_ChargedStone","TungstenRod","Calipers","aspiration:Nostalgia","m_TsuchinokoRing","vexMod:FocusSash"],"acts_visited":["Gensokyo:Gensokyo","Gensokyo:Gensokyoer","Gensokyo:Gensokyoest","TheEnding"],"potions_floor_usage":[55,55],"damage_taken":[{"damage":6.0,"enemies":"Gensokyo:2_Kodama","floor":1.0,"turns":4.0},{"damage":9.0,"enemies":"Gensokyo:Gryphon","floor":2.0,"turns":5.0},{"damage":0.0,"enemies":"Gensokyo:Python","floor":4.0,"turns":5.0},{"damage":36.0,"enemies":"Gensokyo:VengefulSpirit","floor":5.0,"turns":11.0},{"damage":33.0,"enemies":"Gensokyo:3_Kodama","floor":7.0,"turns":8.0},{"damage":17.0,"enemies":"Gensokyo:Python_and_Kodama","floor":8.0,"turns":6.0},{"damage":0.0,"enemies":"Gensokyo:Kitsune","floor":12.0,"turns":4.0},{"damage":4.0,"enemies":"Gensokyo:3_Kodama","floor":14.0,"turns":6.0},{"damage":4.0,"enemies":"Gensokyo:Reimu","floor":16.0,"turns":17.0},{"damage":13.0,"enemies":"Gensokyo:Chomper","floor":18.0,"turns":6.0},{"damage":12.0,"enemies":"Gensokyo:AngelMirror","floor":19.0,"turns":9.0},{"damage":16.0,"enemies":"Gensokyo:Wraith","floor":22.0,"turns":5.0},{"damage":32.0,"enemies":"Gensokyo:Monolith_and_Dog","floor":24.0,"turns":7.0},{"damage":0.0,"enemies":"Gensokyo:Chomper_and_Gloop","floor":27.0,"turns":7.0},{"damage":0.0,"enemies":"Gensokyo:Swordslinger","floor":30.0,"turns":12.0},{"damage":0.0,"enemies":"Gensokyo:Slime_Group","floor":31.0,"turns":5.0},{"damage":0.0,"enemies":"Gensokyo:Eternal_Rivals","floor":33.0,"turns":7.0},{"damage":1.0,"enemies":"Gensokyo:3_Bats","floor":35.0,"turns":6.0},{"damage":22.0,"enemies":"Gensokyo:3_Boulders","floor":36.0,"turns":8.0},{"damage":0.0,"enemies":"Gensokyo:SeedOfUnknown","floor":38.0,"turns":6.0},{"damage":0.0,"enemies":"Gensokyo:Sharpion","floor":39.0,"turns":6.0},{"damage":21.0,"enemies":"Gensokyo:AtlasGolem","floor":41.0,"turns":9.0},{"damage":62.0,"enemies":"Gensokyo:Doremy","floor":45.0,"turns":7.0},{"damage":0.0,"enemies":"Gensokyo:Dusk_and_Dawn","floor":46.0,"turns":3.0},{"damage":9,"enemies":"Gensokyo:4_Bats","floor":48,"turns":6},{"damage":0,"enemies":"Gensokyo:Yuyuko","floor":50,"turns":5},{"damage":8,"enemies":"Shield and Spear","floor":54,"turns":6},{"damage":15,"enemies":"The Heart","floor":55,"turns":9}],"seed_played":"6640655677025322291","potions_obtained":[{"floor":4.0,"key":"BloodPotion"},{"floor":5.0,"key":"LiquidMemories"},{"floor":7.0,"key":"DuplicationPotion"}],"is_trial":false,"path_per_floor":["M","M","COS","M","M","R","M","M","T","?","R","M","$","M","R","B",null,"M","M","?","?","M","R","M","$","T","M","?","?","M","M","R","B",null,"M","M","COS","M","M","R","M","R","T","R","E","M","?","M","R","B",null,"R","$","E","B",null],"character_chosen":"IRONCLAD","items_purchased":["Oddly Smooth Stone","True Grit+1","Body Slam","aspiration:Nostalgia","Metallicize"],"campfire_rested":4,"item_purchase_floors":[13,25,25,53,53],"current_hp_per_floor":[80,77,77,80,50,74,47,36,36,44,70,76,76,78,88,88,88,81,75,75,83,73,73,47,47,47,53,53,53,59,65,65,71,88,88,72,72,78,84,84,69,88,88,88,32,38,38,35,61,61,88,88,88,86,77],"gold":262,"neow_bonus":"HUNDRED_GOLD","is_daily":false,"chose_seed":false,"campfire_upgraded":4,"win_rate":0.0,"timestamp":1610857929,"path_taken":["M","?","COS","M","M","R","?","M","T","?","R","M","$","M","R","BOSS","M","M","?","?","M","R","M","$","T","M","?","?","M","?","R","BOSS","M","?","COS","M","M","R","M","R","T","R","E","?","?","?","R","BOSS","R","$","E","BOSS"],"items_purchased_type":["Relic","Card","Card","Relic","Card"],"build_version":"2020-12-22","purchased_purges":2,"victory":true,"max_hp_per_floor":[80,80,80,80,80,80,80,80,80,88,88,88,88,88,88,88,88,88,88,88,88,88,88,88,88,88,88,88,88,88,88,88,88,88,88,88,88,88,88,88,88,88,88,88,88,88,88,88,88,88,88,88,88,88,88],"card_choices":[{"not_picked":["Headbutt","Whirlwind"],"picked":"Power Through","floor":1.0},{"not_picked":["Feel No Pain","Twin Strike","Dark Embrace"],"picked":"SKIP","floor":2.0},{"not_picked":["Heavy Blade","Headbutt","Perfected Strike"],"picked":"SKIP","floor":4.0},{"not_picked":["Demon Form","Bludgeon"],"picked":"Impervious","floor":5.0},{"not_picked":["ReplayTheSpireMod:Stacked","Sever Soul","Sword Boomerang"],"picked":"SKIP","floor":5.0},{"not_picked":["Whirlwind","Second Wind","Headbutt"],"picked":"SKIP","floor":7.0},{"not_picked":["ReplayTheSpireMod:Muscle Training","REME_Cut"],"picked":"ReplayReversal","floor":8.0},{"not_picked":["Uppercut","Warcry","Pommel Strike"],"picked":"SKIP","floor":12.0},{"not_picked":["Sever Soul","REME_SingleHolding","Inflame"],"picked":"SKIP","floor":14.0},{"not_picked":["REME_Cut","Pommel Strike","Sword Boomerang","REME_TwoStrings"],"picked":"SKIP","floor":18.0},{"not_picked":["Clash","REME_SingleHolding","jedi:fear+1","Impatience"],"picked":"SKIP","floor":19.0},{"not_picked":["Body Slam+1","Twin Strike","REME_BuildACard"],"picked":"Barricade","floor":22.0},{"not_picked":["Shrug It Off","Second Wind","Anger+1","jedi:forcepull"],"picked":"SKIP","floor":24.0},{"not_picked":["Ghostly Armor+1","ReplayTheSpireMod:Strike From Hell","REME_TheoryOfElimination"],"picked":"Entrench","floor":27.0},{"not_picked":["Burning Pact","Twin Strike","ReplayTheSpireMod:Trickstab+1"],"picked":"Body Slam","floor":30.0},{"not_picked":["Power Through","Pommel Strike","Rage","REME_AllRoundStrike"],"picked":"SKIP","floor":31.0},{"not_picked":["Pommel Strike","ReplayTheSpireMod:Limb From Limb+1","Sword Boomerang+1","Apotheosis"],"picked":"SKIP","floor":35.0},{"not_picked":["Flex+1","Rupture","True Grit","REME_AllRoundStrike"],"picked":"SKIP","floor":36.0},{"not_picked":["ReplayTheSpireMod:Limb From Limb+1","Demonic Infusion","REME_PuzzleBox"],"picked":"Battle Trance","floor":38.0},{"not_picked":["Armaments","ReplayTheSpireMod:Corrosion Curse","ReplayTheSpireMod:Strike From Hell","Violence"],"picked":"SKIP","floor":39.0},{"not_picked":["Uppercut","Clash","ReplayTheSpireMod:Trickstab"],"picked":"Battle Trance+1","floor":41.0},{"not_picked":["Havoc","Clash+1","Iron Wave","jedi:forcepush+1"],"picked":"SKIP","floor":45.0},{"not_picked":["jedi:suffering","Shrug It Off","Body Slam","HandOfGreed"],"picked":"SKIP","floor":46.0},{"not_picked":["Perfected Strike+1","Heavy Blade+1","REME_FearOfPain","ReplayTheSpireMod:Necrogeddon"],"picked":"SKIP","floor":48},{"not_picked":["Feel No Pain","jedi:hate+1","Wild Strike+1","Impatience"],"picked":"SKIP","floor":54}],"player_experience":542128,"relics_obtained":[{"floor":9.0,"key":"conspire:TopHat"},{"floor":17.0,"key":"Juzu Bracelet"},{"floor":17.0,"key":"Red Skull"},{"floor":26.0,"key":"Kunai"},{"floor":45.0,"key":"Calipers"},{"floor":54,"key":"vexMod:FocusSash"}],"event_choices":[],"is_beta":false,"boss_relics":[{"not_picked":["vexMod:ImprovementManual","Runic Pyramid"],"picked":"REME_LowDesire"},{"not_picked":["aspiration:DefectSkillbook","SlaversCollar"],"picked":"REME_ChargedStone"}],"items_purged_floors":[25,53],"is_endless":false,"potions_floor_spawned":[4,5,7,16,22,27,30,36,45,46,48],"ascension_level":0}}