{"host":"knduvrfsmt572yyo","time":1610880512,"event":{"mods":["AchievementEnabler","BaseMod","Bestiary","Better Match","Better Note","Better Skull","Better Third Choice","Colored Powertips","Minty Spire (QoL Compilation)","Permanent Neow","Quick Restart","Spicy Shops","StSLib","Thieving Mod","Waifu the Spire","everything is the same but u backflip on backflip"],"gold_per_floor":[117,67,67,45,58,58,77,77,102,102,115,115,129,0,0,121,121,136,159,173,188,188,188],"floor_reached":22,"language":"ENG","playtime":753,"items_purged":[],"score":223,"play_id":"cf755140-fea6-4c3b-823d-d8f2ab80cf08","local_time":"20210117134832","is_ascension_mode":true,"campfire_choices":[{"data":"Armaments","floor":6,"key":"SMITH"},{"data":"Flame Barrier","floor":8,"key":"SMITH"},{"data":"Rage","floor":10,"key":"SMITH"},{"data":"Perfected Strike","floor":12,"key":"SMITH"},{"data":"Enlightenment","floor":15,"key":"SMITH"}],"circlet_count":0,"master_deck":["Strike_R","Strike_R","Strike_R","Strike_R","Strike_R","Defend_R","Defend_R","Defend_R","Bash","Bandage Up","Flame Barrier+1","Injury","Armaments+1","Rage+1","Twin Strike","Perfected Strike+1","Wild Strike","Enlightenment+1","Immolate","Headbutt","Wild Strike","Searing Blow+1"],"relics":["Burning Blood","Golden Idol","Nunchaku","Velvet Choker"],"acts_visited":["Exordium","TheCity"],"potions_floor_usage":[16,21,21],"damage_taken":[{"damage":1,"enemies":"2 Louse","floor":1,"turns":2},{"damage":6,"enemies":"Jaw Worm","floor":5,"turns":5},{"damage":1,"enemies":"Cultist","floor":7,"turns":4},{"damage":39,"enemies":"Exordium Thugs","floor":11,"turns":7},{"damage":6,"enemies":"Looter","floor":13,"turns":3},{"damage":15,"enemies":"Hexaghost","floor":16,"turns":10},{"damage":14,"enemies":"Chosen","floor":18,"turns":5},{"damage":21,"enemies":"Shell Parasite","floor":19,"turns":3},{"damage":57,"enemies":"Shelled Parasite and Fungi","floor":20,"turns":6},{"damage":9,"enemies":"Snake Plant","floor":21,"turns":2},{"damage":26,"enemies":"Snecko","floor":22,"turns":3}],"seed_played":"-2236203980493611860","potions_obtained":[{"floor":5,"key":"PowerPotion"},{"floor":11,"key":"BlessingOfTheForge"},{"floor":13,"key":"FearPotion"},{"floor":19,"key":"Ancient Potion"}],"is_trial":false,"path_per_floor":["M","?","?","$","M","R","M","R","T","R","M","R","M","?","R","B",null,"M","M","M","M","M"],"character_chosen":"IRONCLAD","items_purchased":["Armaments"],"campfire_rested":0,"item_purchase_floors":[4],"current_hp_per_floor":[80,80,80,80,80,80,80,80,80,80,53,53,57,63,63,60,80,76,65,18,15,0,0],"gold":188,"neow_bonus":"RANDOM_COLORLESS","is_daily":false,"chose_seed":false,"campfire_upgraded":5,"win_rate":0.0,"timestamp":1610880512,"path_taken":["M","?","?","?","M","R","M","R","T","R","?","R","M","?","R","BOSS","M","M","M","M","M"],"items_purchased_type":["Card"],"build_version":"2020-12-22","purchased_purges":0,"victory":false,"max_hp_per_floor":[80,80,80,80,80,80,80,80,80,80,80,80,80,86,86,86,86,86,86,86,86,86,86],"card_choices":[{"not_picked":["Blind","Deep Breath"],"picked":"Bandage Up","floor":0},{"not_picked":["Wild Strike","Warcry"],"picked":"Flame Barrier","floor":1},{"not_picked":["Sword Boomerang","Dark Embrace"],"picked":"Rage","floor":5},{"not_picked":["Iron Wave","Havoc"],"picked":"Twin Strike","floor":7},{"not_picked":["Armaments","Iron Wave"],"picked":"Perfected Strike","floor":11},{"not_picked":["Dual Wield","Limit Break"],"picked":"Wild Strike","floor":13},{"not_picked":["Corruption","Brutality"],"picked":"Immolate","floor":16},{"not_picked":["Havoc","Body Slam"],"picked":"Headbutt","floor":18},{"not_picked":["Infernal Blade","Entrench"],"picked":"Wild Strike","floor":19},{"not_picked":["Sword Boomerang","Intimidate","Dual Wield"],"picked":"SKIP","floor":20},{"not_picked":["Blood for Blood","Warcry"],"picked":"Searing Blow+1","floor":21}],"player_experience":305699,"relics_obtained":[{"floor":9,"key":"Nunchaku"}],"event_choices":[{"cards_removed":["Defend_R"],"damage_healed":0,"gold_gain":0,"player_choice":"Card Removal","damage_taken":0,"max_hp_gain":0,"max_hp_loss":0,"event_name":"The Cleric","floor":2,"gold_loss":50},{"damage_healed":0,"gold_gain":0,"player_choice":"Take Wound","damage_taken":0,"relics_obtained":["Golden Idol"],"max_hp_gain":0,"max_hp_loss":0,"event_name":"Golden Idol","floor":3,"gold_loss":0,"cards_obtained":["Injury"]},{"damage_healed":0,"gold_gain":0,"player_choice":"RENOUNCE","damage_taken":129,"max_hp_gain":0,"max_hp_loss":0,"event_name":"betterThird:BetterSerpent","floor":14,"gold_loss":129,"cards_obtained":["Enlightenment"]}],"is_beta":false,"boss_relics":[{"not_picked":["Cursed Key","Astrolabe"],"picked":"Velvet Choker"}],"items_purged_floors":[],"is_endless":false,"potions_floor_spawned":[5,11,13,19],"killed_by":"Snecko","ascension_level":5}}