{"host":"df48i9djcn92c5sx","time":1610889742,"event":{"mods":["BaseMod","Downfall","Marisa£®ÏF”Í°°ƒß¿Ì…≥£©","Minty Spire (QoL Compilation)","READ ME - Guardian Mod","READ ME - Snecko Mod","Reimu£®≤©¿ˆ¡È√Œ£©","Remilia£®¿Ÿ√◊¿Ú—«£©","Shop Mod","StSLib","The Jungle","The Servant 0.9.4"],"gold_per_floor":[99,99,129,129,148,148,148,148,168,185,199,214,214,233,246,345,345,345,345,345,364,379,379,379,379,404,417,108,118,118,218,231,231,231],"floor_reached":33,"language":"ZHS","playtime":1424,"items_purged":[],"score":284,"play_id":"5bfa468e-0bcc-4360-9383-8870b86e6f9c","local_time":"20210117212222","is_ascension_mode":false,"campfire_choices":[{"data":"bronze:Replicate","floor":1.0,"key":"SMITH"},{"data":"bronze:Shell","floor":6,"key":"SMITH"},{"data":"bronze:ChosenStrike","floor":13,"key":"SMITH"},{"data":"bronze:Flail","floor":18,"key":"SMITH"},{"data":"bronze:SpaghettiCode","floor":25,"key":"SMITH"},{"data":"bronze:Mutator","floor":30,"key":"SMITH"}],"circlet_count":0,"master_deck":["bronze:Strike+1","bronze:Strike","bronze:Strike+1","bronze:Strike","bronze:Defend","bronze:Defend+1","bronze:Defend","bronze:Defend","bronze:Replicate+1","bronze:Goto+1","bronze:Shell+1","bronze:DelayedGuard","bronze:Flail+1","bronze:OilSpill+1","bronze:ChosenStrike+1","bronze:SpaghettiCode+1","bronze:Assembly","bronze:SpaghettiCode","bronze:Mutator+1","bronze:Repulsor","bronze:Optimize","bronze:GetLatest+1"],"relics":["bronze:BronzeCore","MealTicket","Dream Catcher","Thread and Needle","Incense Burner","Coffee Dripper","Shuriken","Whetstone","Eternal Feather","TungstenRod","Pear"],"acts_visited":["Exordium","TheCity"],"potions_floor_usage":[9,22,26,32,33,33],"damage_taken":[{"damage":0,"enemies":"2 Louse","floor":5,"turns":2},{"damage":0,"enemies":"Small Slimes","floor":9,"turns":4},{"damage":0,"enemies":"Jaw Worm","floor":10,"turns":4},{"damage":3,"enemies":"3 Louse","floor":11,"turns":2},{"damage":3,"enemies":"Blue Slaver","floor":12,"turns":2},{"damage":0,"enemies":"3 Louse","floor":14,"turns":2},{"damage":5,"enemies":"2 Fungi Beasts","floor":15,"turns":3},{"damage":28,"enemies":"WA_ARCHETYPE_RETAIN","floor":16,"turns":9},{"damage":0,"enemies":"3 Byrds","floor":21,"turns":4},{"damage":6,"enemies":"Snake Plant","floor":22,"turns":5},{"damage":23,"enemies":"Book of Stabbing","floor":26,"turns":5},{"damage":7,"enemies":"Shelled Parasite and Fungi","floor":27,"turns":5},{"damage":1,"enemies":"downfall:FleeingMerchant","floor":28,"turns":4},{"damage":3,"enemies":"3 Cultists","floor":29,"turns":4},{"damage":7,"enemies":"SI_SHIV_ARCHETYPE","floor":31,"turns":6},{"damage":0,"enemies":"Snake Plant","floor":32,"turns":3},{"damage":54,"enemies":"IC_MUSHROOM_ARCHETYPE","floor":33,"turns":9}],"seed_played":"-7149079781364988777","potions_obtained":[{"floor":5,"key":"GamblersBrew"},{"floor":9,"key":"Fruit Juice"},{"floor":11,"key":"bronze:FreeFunctionsPotion"},{"floor":14,"key":"ZuzhouPotion:ReiMu"},{"floor":27,"key":"SpeedPotion"},{"floor":31,"key":"SneckoOil"},{"floor":32,"key":"bronze:BuildAFunctionPotion"}],"is_trial":false,"path_per_floor":["R","?","?","?","M","R","T","?","M","M","M","M","R","M","M","B",null,"R","?","?","M","M","T","T","R","E","M","$","M","R","?","M","B"],"character_chosen":"THE_AUTOMATON","items_purchased":["Eternal Feather","bronze:Optimize"],"campfire_rested":0,"item_purchase_floors":[28,28],"current_hp_per_floor":[70,67,67,67,67,67,67,67,72,72,69,66,66,66,61,33,75,75,75,61,61,55,55,55,55,32,25,39,36,48,51,51,0,0],"gold":231,"neow_bonus":"RANDOM_COMMON_RELIC","is_daily":false,"chose_seed":false,"campfire_upgraded":6,"win_rate":0.0,"timestamp":1610889742,"path_taken":["R","?","?","?","M","R","T","?","M","M","?","M","R","M","M","BOSS","R","?","?","M","M","?","T","R","E","M","$","M","R","?","M","BOSS"],"items_purchased_type":["Relic","Card"],"build_version":"2020-12-22","purchased_purges":0,"victory":false,"max_hp_per_floor":[70,70,70,70,70,70,70,70,75,75,75,75,75,75,75,75,75,75,75,80,80,80,80,80,80,80,80,80,80,80,90,90,90,90],"card_choices":[{"not_picked":["bronze:Turbo","bronze:BuggyMess"],"picked":"bronze:Shell","floor":5},{"not_picked":["bronze:Branch","bronze:ForceShield"],"picked":"bronze:DelayedGuard","floor":9},{"not_picked":["bronze:MaxOutput","bronze:Iterate"],"picked":"bronze:Flail","floor":10},{"not_picked":["bronze:Overheat","bronze:ForceShield"],"picked":"bronze:OilSpill","floor":11},{"not_picked":["bronze:DelayedGuard","bronze:Shield"],"picked":"bronze:ChosenStrike","floor":12},{"not_picked":["bronze:Safeguard","bronze:DelayedSlice"],"picked":"bronze:SpaghettiCode","floor":14},{"not_picked":["bronze:MaxOutput","bronze:Turbo","bronze:Shield"],"picked":"SKIP","floor":15},{"not_picked":["bronze:ThunderWave","bronze:HardenedForm"],"picked":"bronze:Assembly","floor":16},{"not_picked":["bronze:OilSpill","bronze:Iterate","bronze:BugBarrage"],"picked":"SKIP","floor":21},{"not_picked":["bronze:Shield","bronze:Overload"],"picked":"bronze:SpaghettiCode","floor":22},{"not_picked":["bronze:RecursiveStrike","bronze:NullPointer"],"picked":"bronze:Mutator","floor":26},{"not_picked":["bronze:Invalidate","bronze:Overload","bronze:Overheat"],"picked":"SKIP","floor":27},{"not_picked":["bronze:BugBarrage+1","bronze:Shield"],"picked":"bronze:Repulsor","floor":28},{"not_picked":["bronze:CutThrough","bronze:Repulsor+1","bronze:OilSpill"],"picked":"SKIP","floor":29},{"not_picked":["bronze:WildBeam","bronze:Shield"],"picked":"bronze:GetLatest+1","floor":31},{"not_picked":["bronze:BronzeArmor","bronze:NullPointer+1","bronze:ForLoop"],"picked":"SKIP","floor":32}],"player_experience":1431258,"relics_obtained":[{"floor":7,"key":"Incense Burner"},{"floor":24,"key":"Shuriken"},{"floor":26,"key":"Whetstone"},{"floor":31,"key":"TungstenRod"},{"floor":31,"key":"Pear"}],"event_choices":[{"damage_healed":0.0,"max_hp_gain":0.0,"max_hp_loss":0.0,"gold_gain":0.0,"event_name":"Scrap Ooze","player_choice":"Success","floor":2.0,"gold_loss":0.0,"damage_taken":3.0,"relics_obtained":["Dream Catcher"]}],"is_beta":false,"boss_relics":[{"not_picked":["Calling Bell","Cursed Key"],"picked":"Coffee Dripper"}],"items_purged_floors":[],"is_endless":false,"potions_floor_spawned":[5,9,11,14,27,31,32],"killed_by":"IC_MUSHROOM_ARCHETYPE","ascension_level":0}}