{"host":"h0xw20cia6ppa69g","time":1610875488,"event":{"mods":["AchievementEnabler","BaseMod","Colored Map","Filter the Spire","Googly Eyes","Minty Spire (QoL Compilation)","Relic Stats","StSLib","The Awakened One except there are too many feathers","everything is the same but u backflip on backflip"],"gold_per_floor":[118,118,135,154,174,174,200,211,211,236,186,218,218,236,236,236,236],"floor_reached":16,"language":"ENG","playtime":390,"items_purged":[],"score":128,"play_id":"5d2558d6-b8fe-413b-9fd6-86d255d11a39","local_time":"20210117032448","is_ascension_mode":true,"campfire_choices":[{"data":"Immolate","floor":6,"key":"SMITH"},{"data":"Fiend Fire","floor":13,"key":"SMITH"},{"data":"True Grit","floor":15,"key":"SMITH"}],"circlet_count":0,"master_deck":["Strike_R","Strike_R","Strike_R","Defend_R","Defend_R","Defend_R","Defend_R","Bash","Immolate+1","Clothesline","Headbutt","Fiend Fire+1","Evolve","Corruption","True Grit+1","Limit Break"],"relics":["Burning Blood","Singing Bowl","Ornamental Fan","Darkstone Periapt","Pear"],"acts_visited":["Exordium"],"potions_floor_usage":[],"damage_taken":[{"damage":6,"enemies":"Jaw Worm","floor":1,"turns":2},{"damage":1,"enemies":"Cultist","floor":3,"turns":3},{"damage":0,"enemies":"Small Slimes","floor":4,"turns":3},{"damage":1,"enemies":"Exordium Wildlife","floor":5,"turns":2},{"damage":9,"enemies":"3 Sentries","floor":7,"turns":2},{"damage":2,"enemies":"Looter","floor":8,"turns":2},{"damage":21,"enemies":"Lagavulin","floor":10,"turns":7},{"damage":15,"enemies":"3 Sentries","floor":12,"turns":4},{"damage":0,"enemies":"Lots of Slimes","floor":14,"turns":2},{"damage":67,"enemies":"Hexaghost","floor":16,"turns":10}],"seed_played":"-3201124654320039154","potions_obtained":[{"floor":3,"key":"FearPotion"},{"floor":4,"key":"AttackPotion"},{"floor":14,"key":"LiquidBronze"}],"is_trial":false,"path_per_floor":["M","?","M","M","M","R","E","M","T","E","?","E","R","M","R","B"],"character_chosen":"IRONCLAD","items_purchased":[],"campfire_rested":0,"item_purchase_floors":[],"current_hp_per_floor":[56,56,61,67,72,72,69,73,73,58,58,61,61,67,67,0,0],"gold":236,"neow_bonus":"THREE_RARE_CARDS","is_daily":false,"chose_seed":false,"campfire_upgraded":3,"win_rate":0.0,"timestamp":1610875488,"path_taken":["M","?","M","M","?","R","E","M","T","E","?","E","R","M","R","BOSS"],"items_purchased_type":[],"build_version":"2020-12-22","purchased_purges":0,"victory":false,"max_hp_per_floor":[80,80,80,80,80,80,80,80,80,80,80,92,92,92,92,92,92],"relic_stats":{"Darkstone Periapt":0,"Singing Bowl":2,"counters":[10,37],"Ornamental Fan":[0],"obtain_stats":[{"Darkstone Periapt":10,"Pear":12,"Singing Bowl":7,"Ornamental Fan":9,"Burning Blood":0},{"Darkstone Periapt":7,"Pear":8,"Singing Bowl":5,"Ornamental Fan":6,"Burning Blood":0},{"Darkstone Periapt":21,"Pear":25,"Singing Bowl":12,"Ornamental Fan":14,"Burning Blood":0}],"Burning Blood":54},"card_choices":[{"not_picked":["Reaper","Bludgeon"],"picked":"Immolate","floor":0},{"not_picked":["Heavy Blade","Warcry","Wild Strike"],"picked":"SKIP","floor":1},{"not_picked":["Reckless Charge","Pummel"],"picked":"Clothesline","floor":3},{"not_picked":["Perfected Strike","Seeing Red"],"picked":"Headbutt","floor":4},{"not_picked":["Headbutt","Blood for Blood"],"picked":"Fiend Fire","floor":5},{"not_picked":["True Grit","Heavy Blade"],"picked":"Evolve","floor":7},{"not_picked":["Clothesline","Havoc"],"picked":"Corruption","floor":8},{"not_picked":["Sword Boomerang","Ghostly Armor"],"picked":"True Grit","floor":10},{"not_picked":["Heavy Blade","Iron Wave","Clash"],"picked":"Singing Bowl","floor":12},{"not_picked":["Dark Embrace","Havoc"],"picked":"Limit Break","floor":14}],"player_experience":3718326,"relics_obtained":[{"floor":7,"key":"Singing Bowl"},{"floor":9,"key":"Ornamental Fan"},{"floor":10,"key":"Darkstone Periapt"},{"floor":12,"key":"Pear"}],"event_choices":[{"cards_removed":["Strike_R"],"damage_healed":0,"gold_gain":0,"player_choice":"Offered Basic","damage_taken":0,"max_hp_gain":0,"max_hp_loss":0,"event_name":"Bonfire Elementals","floor":2,"gold_loss":0},{"cards_removed":["Strike_R"],"damage_healed":0,"gold_gain":0,"player_choice":"Card Removal","damage_taken":0,"max_hp_gain":0,"max_hp_loss":0,"event_name":"The Cleric","floor":11,"gold_loss":50}],"is_beta":false,"boss_relics":[],"items_purged_floors":[],"is_endless":false,"potions_floor_spawned":[3,4,14],"killed_by":"Hexaghost","ascension_level":1}}