{"host":"1a3cjta80tad0aqj","time":1610902873,"event":{"mods":["2.2 Compatiblity","AchievementEnabler","BaseMod","Colored Map","DeckTracker","KOR Keyword Fix","Keyboard Shortcuts","Minty Spire (QoL Compilation)","Permanent Neow","Quick Restart","Random Character Button","StSLib","SuperFastMode","everything is the same but u backflip on backflip"],"gold_per_floor":[112,112,112,62,81,81,120,120,145,161,179,202,202,216,216,307,307,325,73,73,24,24,24,59,59,59,79,79,79,79,94,94,94,94],"floor_reached":33,"language":"KOR","playtime":1154,"items_purged":[],"score":447,"play_id":"631e19c8-1053-4de6-978b-c63ec6473c9b","local_time":"20210118020113","is_ascension_mode":true,"campfire_choices":[{"data":"Eruption","floor":6.0,"key":"SMITH"},{"floor":13.0,"key":"REST"},{"data":"BowlingBash","floor":15.0,"key":"SMITH"},{"floor":23,"key":"REST"},{"floor":28,"key":"REST"},{"floor":32,"key":"REST"}],"circlet_count":0,"master_deck":["AscendersBane","Strike_P+1","Strike_P","Strike_P+1","Strike_P","Defend_P","Defend_P","Defend_P","Defend_P","Eruption+1","Vigilance","Injury","BowlingBash+1","EmptyBody","CutThroughFate","FollowUp","EmptyFist","LessonLearned+1","FlurryOfBlows","Halt+1","ClearTheMind+1","Wallop","InnerPeace","Necronomicurse"],"relics":["PureWater","Bronze Scales","Golden Idol","Pantograph","Tiny Chest","Fusion Hammer","Ornamental Fan","MutagenicStrength","Lantern","WingedGreaves","Letter Opener","Necronomicon"],"acts_visited":["Exordium","TheCity"],"potions_floor_usage":[27],"damage_taken":[{"damage":6.0,"enemies":"2 Louse","floor":1.0,"turns":2.0},{"damage":0.0,"enemies":"Small Slimes","floor":5.0,"turns":2.0},{"damage":25.0,"enemies":"Lagavulin","floor":7.0,"turns":6.0},{"damage":0.0,"enemies":"Jaw Worm","floor":10.0,"turns":2.0},{"damage":0.0,"enemies":"3 Louse","floor":11.0,"turns":2.0},{"damage":0.0,"enemies":"Looter","floor":12.0,"turns":4.0},{"damage":4.0,"enemies":"Gremlin Gang","floor":14.0,"turns":4.0},{"damage":68.0,"enemies":"Hexaghost","floor":16.0,"turns":12.0},{"damage":17.0,"enemies":"Spheric Guardian","floor":18.0,"turns":4.0},{"damage":20,"enemies":"Book of Stabbing","floor":24,"turns":5},{"damage":18,"enemies":"3 Byrds","floor":27,"turns":4},{"damage":1,"enemies":"Centurion and Healer","floor":31,"turns":8},{"damage":78,"enemies":"Champ","floor":33,"turns":9}],"seed_played":"-3804239565291390892","potions_obtained":[{"floor":0.0,"key":"Fruit Juice"},{"floor":0.0,"key":"DistilledChaos"},{"floor":0.0,"key":"CultistPotion"},{"floor":1.0,"key":"Block Potion"},{"floor":5.0,"key":"EntropicBrew"},{"floor":12.0,"key":"Strength Potion"},{"floor":14.0,"key":"ColorlessPotion"},{"floor":22,"key":"Regen Potion"},{"floor":22,"key":"CultistPotion"},{"floor":31,"key":"BottledMiracle"}],"is_trial":false,"path_per_floor":["M","?","?","$","M","R","E","?","T","M","M","M","R","M","R","B",null,"M","$","?","$","?","R","E","T","T","M","R","?","?","M","R","B"],"character_chosen":"WATCHER","items_purchased":["BowlingBash","Ornamental Fan","Halt"],"campfire_rested":4,"item_purchase_floors":[4,19,21],"current_hp_per_floor":[60,53,53,53,53,53,28,28,28,28,28,28,49,45,45,2,55,38,38,38,38,38,59,39,39,39,33,54,54,38,37,58,0,0],"gold":94,"neow_bonus":"THREE_SMALL_POTIONS","is_daily":false,"chose_seed":false,"campfire_upgraded":2,"win_rate":0.0,"timestamp":1610902873,"path_taken":["M","?","?","$","M","R","E","?","T","M","?","M","R","M","R","BOSS","M","$","?","$","?","R","E","?","T","M","R","?","?","M","R","BOSS"],"items_purchased_type":["Card","Relic","Card"],"build_version":"2020-12-22","purchased_purges":0,"victory":false,"max_hp_per_floor":[73,73,73,73,73,73,73,73,73,73,73,73,73,73,73,73,73,73,73,73,73,73,73,73,73,73,73,73,73,73,73,73,73,73],"card_choices":[{"not_picked":["Protect","WheelKick","Crescendo"],"picked":"SKIP","floor":1.0},{"not_picked":["CarveReality","Pray"],"picked":"EmptyBody","floor":5.0},{"not_picked":["FlyingSleeves","SignatureMove"],"picked":"CutThroughFate","floor":7.0},{"not_picked":["Evaluate","DevaForm","CutThroughFate"],"picked":"SKIP","floor":10.0},{"not_picked":["EmptyBody","Perseverance","WreathOfFlame"],"picked":"SKIP","floor":11.0},{"not_picked":["FlyingSleeves","EmptyFist"],"picked":"FollowUp","floor":12.0},{"not_picked":["ClearTheMind","ForeignInfluence"],"picked":"EmptyFist","floor":14.0},{"not_picked":["ConjureBlade","DevaForm"],"picked":"LessonLearned","floor":16.0},{"not_picked":["FollowUp","JustLucky"],"picked":"FlurryOfBlows","floor":18.0},{"not_picked":["Halt","FlyingSleeves"],"picked":"ClearTheMind+1","floor":24},{"not_picked":["Halt","BowlingBash"],"picked":"Wallop","floor":27},{"not_picked":["Prostrate","Collect","FlyingSleeves"],"picked":"SKIP","floor":31}],"player_experience":721369,"relics_obtained":[{"floor":7.0,"key":"Pantograph"},{"floor":9.0,"key":"Tiny Chest"},{"floor":24,"key":"Lantern"},{"floor":25,"key":"WingedGreaves"},{"floor":26,"key":"Letter Opener"},{"floor":30,"key":"Necronomicon"}],"event_choices":[{"damage_healed":0.0,"max_hp_gain":0.0,"max_hp_loss":0.0,"gold_gain":0.0,"event_name":"Scrap Ooze","player_choice":"Success","floor":2.0,"gold_loss":0.0,"damage_taken":7.0,"relics_obtained":["Bronze Scales"]},{"damage_healed":0.0,"max_hp_gain":0.0,"max_hp_loss":0.0,"gold_gain":0.0,"event_name":"Golden Idol","player_choice":"Take Wound","floor":3.0,"gold_loss":0.0,"damage_taken":0.0,"relics_obtained":["Golden Idol"],"cards_obtained":["Injury"]},{"damage_healed":0.0,"max_hp_gain":0.0,"max_hp_loss":0.0,"gold_gain":0.0,"event_name":"Dead Adventurer","player_choice":"Searched \u00270\u0027 times","floor":8.0,"gold_loss":0.0,"damage_taken":0.0},{"damage_healed":0,"gold_gain":0,"player_choice":"Inject Mutagens","damage_taken":0,"relics_obtained":["MutagenicStrength"],"max_hp_gain":0,"max_hp_loss":0,"event_name":"Drug Dealer","floor":20,"gold_loss":0},{"damage_healed":0,"gold_gain":0,"player_choice":"Got Potions","damage_taken":0,"max_hp_gain":0,"max_hp_loss":0,"event_name":"Lab","floor":22,"gold_loss":0},{"damage_healed":0,"gold_gain":0,"player_choice":"Read","damage_taken":0,"max_hp_gain":0,"max_hp_loss":0,"event_name":"The Library","floor":29,"gold_loss":0,"cards_obtained":["InnerPeace"]},{"damage_healed":0,"gold_gain":0,"player_choice":"Obtained Book","damage_taken":16,"max_hp_gain":0,"max_hp_loss":0,"event_name":"Cursed Tome","floor":30,"gold_loss":0}],"is_beta":false,"boss_relics":[{"not_picked":["VioletLotus","Astrolabe"],"picked":"Fusion Hammer"}],"items_purged_floors":[],"is_endless":false,"potions_floor_spawned":[1,5,12,14,24,31],"killed_by":"Champ","ascension_level":14}}