{"host":"63obir0h272ey82d","time":1610888208,"event":{"mods":["AchievementEnabler","BaseMod","Minty Spire (QoL Compilation)","StSLib","vexMod"],"gold_per_floor":[112,87,87,100,112,112,140,140,140,140,155,171,197,372,372,470,470,487,505,505,505],"floor_reached":20,"language":"ZHS","playtime":956,"items_purged":[],"score":230,"play_id":"0754661f-1cda-4597-abef-a19f32007af0","local_time":"20210117205648","is_ascension_mode":true,"campfire_choices":[{"data":"DevaForm","floor":6.0,"key":"SMITH"},{"data":"ClearTheMind","floor":8.0,"key":"SMITH"},{"data":"EmptyBody","floor":10.0,"key":"SMITH"},{"floor":15.0,"key":"REST"}],"circlet_count":0,"master_deck":["Strike_P","Strike_P","Strike_P","Strike_P","Defend_P","Defend_P","Defend_P","Defend_P","Eruption+1","Vigilance","EmptyBody+1","ClearTheMind+1","SandsOfTime","DevaForm+1","Vengeance","FlurryOfBlows","InnerPeace","Perseverance","Doubt","Ragnarok","CurseOfTheBell","Consecrate+1","LikeWater+1"],"relics":["PureWater","NeowsBlessing","HornCleat","Question Card","vexMod:HeadHunter","Calling Bell","Centennial Puzzle","Matryoshka","Pocketwatch"],"acts_visited":["Exordium","TheCity"],"potions_floor_usage":[],"damage_taken":[{"damage":0.0,"enemies":"2 Louse","floor":1.0,"turns":1.0},{"damage":0.0,"enemies":"Cultist","floor":4.0,"turns":1.0},{"damage":0.0,"enemies":"Small Slimes","floor":5.0,"turns":1.0},{"damage":28.0,"enemies":"Gremlin Nob","floor":7.0,"turns":4.0},{"damage":7.0,"enemies":"Looter","floor":11.0,"turns":4.0},{"damage":1.0,"enemies":"2 Fungi Beasts","floor":12.0,"turns":3.0},{"damage":18.0,"enemies":"3 Sentries","floor":13.0,"turns":6.0},{"damage":17.0,"enemies":"Hexaghost","floor":16.0,"turns":9.0},{"damage":22.0,"enemies":"Shell Parasite","floor":18.0,"turns":6.0},{"damage":12.0,"enemies":"Chosen","floor":19.0,"turns":3.0},{"damage":26,"enemies":"Masked Bandits","floor":20,"turns":2}],"seed_played":"-473691698893350135","potions_obtained":[{"floor":4.0,"key":"CultistPotion"},{"floor":5.0,"key":"BlessingOfTheForge"},{"floor":12.0,"key":"BlessingOfTheForge"}],"is_trial":false,"path_per_floor":["M","$","?","M","M","R","E","R","T","R","M","M","E","?","R","B",null,"M","M","?"],"character_chosen":"WATCHER","items_purchased":["ClearTheMind"],"campfire_rested":1,"item_purchase_floors":[2],"current_hp_per_floor":[72,72,72,72,72,72,44,44,44,44,37,36,18,18,39,22,60,38,26,0,0],"gold":505,"neow_bonus":"THREE_ENEMY_KILL","is_daily":false,"chose_seed":false,"campfire_upgraded":3,"win_rate":0.0,"timestamp":1610888208,"path_taken":["M","$","?","?","M","R","E","R","T","R","M","M","E","?","R","BOSS","M","M","?"],"items_purchased_type":["Card"],"build_version":"2020-12-22","purchased_purges":0,"victory":false,"max_hp_per_floor":[72,72,72,72,72,72,72,72,72,72,72,72,72,72,72,72,72,72,72,72,72],"card_choices":[{"not_picked":["Crescendo","EmptyFist"],"picked":"EmptyBody","floor":1.0},{"not_picked":["Protect","BowlingBash"],"picked":"SandsOfTime","floor":4.0},{"not_picked":["Crescendo","Worship"],"picked":"DevaForm","floor":5.0},{"not_picked":["Study","Evaluate"],"picked":"Vengeance","floor":7.0},{"not_picked":["CrushJoints","WaveOfTheHand","Protect"],"picked":"FlurryOfBlows","floor":11.0},{"not_picked":["Wireheading","Blasphemy","Indignation"],"picked":"InnerPeace","floor":12.0},{"not_picked":["PathToVictory","ConjureBlade","Halt"],"picked":"Perseverance","floor":13.0},{"not_picked":["Omniscience","LessonLearned","Judgement"],"picked":"Ragnarok","floor":16.0},{"not_picked":["JustLucky","PathToVictory","SashWhip"],"picked":"Consecrate+1","floor":18.0},{"not_picked":["EmptyBody","TalkToTheHand","Vault"],"picked":"LikeWater+1","floor":19.0}],"player_experience":168896,"relics_obtained":[{"floor":7.0,"key":"HornCleat"},{"floor":9.0,"key":"Question Card"},{"floor":13.0,"key":"vexMod:HeadHunter"},{"floor":17.0,"key":"Centennial Puzzle"},{"floor":17.0,"key":"Matryoshka"},{"floor":17.0,"key":"Pocketwatch"}],"event_choices":[{"damage_healed":0.0,"max_hp_gain":0.0,"max_hp_loss":0.0,"gold_gain":0.0,"event_name":"Upgrade Shrine","player_choice":"Upgraded","floor":3.0,"gold_loss":0.0,"damage_taken":0.0,"cards_upgraded":["Eruption"]},{"damage_healed":0.0,"max_hp_gain":0.0,"max_hp_loss":0.0,"gold_gain":175.0,"event_name":"Liars Game","player_choice":"AGREE","floor":14.0,"gold_loss":0.0,"damage_taken":0.0,"cards_obtained":["Doubt"]},{"damage_healed":0,"gold_gain":0,"player_choice":"Fought Bandits","damage_taken":0,"max_hp_gain":0,"max_hp_loss":0,"event_name":"Masked Bandits","floor":20,"gold_loss":0}],"is_beta":false,"boss_relics":[{"not_picked":["Fusion Hammer","vexMod:TanglingVine"],"picked":"Calling Bell"}],"items_purged_floors":[],"is_endless":false,"potions_floor_spawned":[4,5,12],"killed_by":"Masked Bandits","ascension_level":5}}