{"host":"w2kjv12xyhtt0cv2","time":1610895140,"event":{"mods":["Act Like it!","BaseMod","Colored Map","Friendly Minions","Gensokyo","Highlight Path","Hubris","Kiyohime（清姬）","Marisa（F雨　魔理沙）","Minty Spire (QoL Compilation)","Quick Restart","Reimu（博丽灵梦）","Relic Stats","Replay The Spire","RumiaBox-露米娅的神秘盒子","Shop Mod","Spicy Shops","StSLib","The Cursed","The Servant 0.9.4","UnlockEverythingMod","Waifu the Spire","[功能]功能增强和修复MOD","vexMod","【功能Mod】Neow奖励","【遗物卡牌】REMEMod","没有小屋子和绿帽子啦"],"gold_per_floor":[111,111,25,25,44,78,90,124,124,152,152,164,164,199,199,272,272,286,286,19,19,19,54,154,185,239,267,278,289,316,316,316,423,423,433,333,333,333,121,155,171,206,230,262,45,90,90,90],"floor_reached":47,"playtime":2728,"items_purged":["KiyohimeMod:Tenacious"],"score":1866,"play_id":"86c82ebd-dcdf-4e49-897a-47313271df68","local_time":"20210117225220","is_ascension_mode":true,"campfire_choices":[{"data":"Hightail","floor":11.0,"key":"SMITH"},{"data":"KiyohimeMod:FlameKiss","floor":13.0,"key":"SMITH"},{"data":"KiyohimeMod:Track","floor":15.0,"key":"SMITH"},{"data":"KiyohimeMod:LimitedZeroOver","floor":32,"key":"SMITH"}],"circlet_count":0,"master_deck":["AscendersBane","KiyohimeMod:Strike+1","KiyohimeMod:Strike+1","KiyohimeMod:Strike+1","KiyohimeMod:Strike+1","KiyohimeMod:Track+1","KiyohimeMod:FlameKiss+1","KiyohimeMod:Shapeshift+1","Hightail+1","KiyohimeMod:Grimoire","KiyohimeMod:EatSoul+1","KiyohimeMod:CelestialInvertedMoon+1","KiyohimeMod:DivineConstruct+1","KiyohimeMod:Destruction","KiyohimeMod:AgainstMagic+1","KiyohimeMod:CelestialInvertedMoon+1","KiyohimeMod:GoldenCarpFigure+1","KiyohimeMod:Projection+1","KiyohimeMod:LimitedZeroOver+1","Madness+1","Madness+1","KiyohimeMod:Grimoire+1","KiyohimeMod:FacelessMoon+1","ReplayTheSpireMod:Private Reserves+1"],"relics":["REME_ComplimentaryCards","Replay:Drink Me","Toxic Egg 2","MealTicket","Pet Ghost","hubris:OldNail","Centennial Puzzle","Boot","hubris:HollowSoul","hubris:BottledHeart","Orrery","REME_CardOfGreed","Bag of Marbles","vexMod:Dragonfruit","PreservedInsect","White Beast Statue","Omamori","Coffee Dripper","Membership Card","HornCleat","MagicDraw4","Ancient Tea Set","Singing Bowl","Bag of Preparation","hubris:SlimyHat"],"acts_visited":["Exordium","TheCity","TheBeyond"],"potions_floor_usage":[23,27,29,33,40,40,40,40],"damage_taken":[{"damage":0.0,"enemies":"2 Louse","floor":1.0,"turns":2.0},{"damage":0.0,"enemies":"Jaw Worm","floor":5.0,"turns":2.0},{"damage":0.0,"enemies":"Lagavulin","floor":6.0,"turns":6.0},{"damage":0.0,"enemies":"Cultist","floor":7.0,"turns":3.0},{"damage":0.0,"enemies":"Gremlin Nob","floor":8.0,"turns":4.0},{"damage":0.0,"enemies":"Lagavulin","floor":10.0,"turns":6.0},{"damage":0.0,"enemies":"Large Slime","floor":12.0,"turns":6.0},{"damage":0.0,"enemies":"Gremlin Nob","floor":14.0,"turns":4.0},{"damage":0.0,"enemies":"The Guardian","floor":16.0,"turns":10.0},{"damage":0.0,"enemies":"Shell Parasite","floor":18.0,"turns":4.0},{"damage":0,"enemies":"Slavers","floor":23,"turns":3},{"damage":0,"enemies":"REME_1_Revenger","floor":25,"turns":3},{"damage":0,"enemies":"Book of Stabbing","floor":27,"turns":4},{"damage":0,"enemies":"2 Thieves","floor":28,"turns":3},{"damage":0,"enemies":"Snake Plant","floor":29,"turns":2},{"damage":0,"enemies":"Gremlin Leader","floor":30,"turns":2},{"damage":0,"enemies":"Champ","floor":33,"turns":8},{"damage":0,"enemies":"3 Shapes","floor":35,"turns":1},{"damage":0,"enemies":"R_Hoarder","floor":40,"turns":3},{"damage":0,"enemies":"3 Darklings","floor":41,"turns":1},{"damage":0,"enemies":"Reptomancer","floor":42,"turns":2},{"damage":0,"enemies":"Giant Head","floor":44,"turns":3},{"damage":0,"enemies":"Reptomancer","floor":46,"turns":2}],"seed_played":"5110348696916851446","potions_obtained":[{"floor":5.0,"key":"ColorlessPotion"},{"floor":6.0,"key":"SmokeBomb"},{"floor":7.0,"key":"ZuzhouPotion:ReiMu"},{"floor":10.0,"key":"Languid Potion"},{"floor":12.0,"key":"ColorlessPotion"},{"floor":16.0,"key":"Reflective Coating"},{"floor":18.0,"key":"Strength Potion"},{"floor":25,"key":"Energy Potion"},{"floor":28,"key":"EntropicBrew"},{"floor":29,"key":"FairyPotion"},{"floor":30,"key":"REME_GoldPotion"},{"floor":33,"key":"Fire Potion"},{"floor":40,"key":"SpeedPotion"},{"floor":41,"key":"Block Potion"},{"floor":42,"key":"Flashbang"},{"floor":44,"key":"PowerPotion"}],"is_trial":false,"path_per_floor":["M","?","$","?","M","E","M","E","T","E","R","M","R","E","R","B",null,"M","?","$","?","?","E","?","E","T","E","M","M","E","?","R","B",null,"M","NS","?","?","$","E","M","E","T","E","$","E","?"],"character_chosen":"Kiyohime","items_purchased":["Toxic Egg 2","Orrery","REME_CardOfGreed","Membership Card","KiyohimeMod:Grimoire+1","Singing Bowl","Bag of Preparation","ReplayTheSpireMod:Private Reserves+1"],"campfire_rested":0,"item_purchase_floors":[3,20,20,39,39,45,45,45],"current_hp_per_floor":[42,42,42,42,42,42,42,42,42,42,42,42,42,42,42,42,42,42,1,1,1,1,1,1,1,1,1,1,1,1,1,1,1,1,1,1,1,1,1,1,1,1,1,1,1,1,0,0],"gold":90,"neow_bonus":"BOSS_RELIC","is_daily":false,"chose_seed":false,"campfire_upgraded":4,"win_rate":0.0,"timestamp":1610895140,"path_taken":["M","?","$","?","M","E","M","E","T","E","R","M","R","E","R","BOSS","M","?","$","?","?","E","?","E","T","E","?","M","E","?","R","BOSS","M","NS","?","?","$","E","M","E","T","E","$","E","?"],"items_purchased_type":["Relic","Relic","Relic","Relic","Card","Relic","Relic","Card"],"build_version":"2020-12-22","purchased_purges":1,"victory":false,"max_hp_per_floor":[42,42,42,42,42,42,42,42,42,42,42,42,42,42,42,42,42,42,1,1,1,1,1,1,1,1,1,1,1,1,1,1,1,1,1,1,1,1,1,1,1,1,1,1,1,1,1,1],"relic_stats":{"Centennial Puzzle":[0],"Singing Bowl":2,"counters":[23,86],"MealTicket":0,"PreservedInsect":431,"Bag of Preparation":[2],"Boot":[5],"obtain_stats":[{"Singing Bowl":45,"Bag of Preparation":45,"hubris:SlimyHat":46,"MagicDraw4":42,"Boot":14,"Ancient Tea Set":44,"Pet Ghost":8,"KiyohimeMod:FireDragon":0,"Centennial Puzzle":10,"HornCleat":40,"MealTicket":6,"Toxic Egg 2":3,"Replay:Drink Me":0,"hubris:HollowSoul":17,"PreservedInsect":26,"Omamori":30,"White Beast Statue":27,"vexMod:Dragonfruit":25,"hubris:BottledHeart":19,"Orrery":20,"Bag of Marbles":23,"Coffee Dripper":34,"REME_CardOfGreed":20,"Membership Card":39,"hubris:OldNail":9,"REME_ComplimentaryCards":0},{"Singing Bowl":22,"Bag of Preparation":22,"hubris:SlimyHat":23,"MagicDraw4":21,"Boot":8,"Ancient Tea Set":22,"Pet Ghost":5,"KiyohimeMod:FireDragon":0,"Centennial Puzzle":6,"HornCleat":19,"MealTicket":3,"Toxic Egg 2":1,"Replay:Drink Me":0,"hubris:HollowSoul":9,"PreservedInsect":12,"Omamori":16,"White Beast Statue":13,"vexMod:Dragonfruit":12,"hubris:BottledHeart":10,"Orrery":10,"Bag of Marbles":11,"Coffee Dripper":17,"REME_CardOfGreed":10,"Membership Card":18,"hubris:OldNail":5,"REME_ComplimentaryCards":0},{"Singing Bowl":84,"Bag of Preparation":84,"hubris:SlimyHat":86,"MagicDraw4":81,"Boot":33,"Ancient Tea Set":84,"Pet Ghost":17,"KiyohimeMod:FireDragon":0,"Centennial Puzzle":23,"HornCleat":78,"MealTicket":10,"Toxic Egg 2":2,"Replay:Drink Me":0,"hubris:HollowSoul":43,"PreservedInsect":55,"Omamori":66,"White Beast Statue":59,"vexMod:Dragonfruit":55,"hubris:BottledHeart":47,"Orrery":47,"Bag of Marbles":52,"Coffee Dripper":74,"REME_CardOfGreed":47,"Membership Card":75,"hubris:OldNail":17,"REME_ComplimentaryCards":0}]},"card_choices":[{"not_picked":["KiyohimeMod:HydraDagger","KiyohimeMod:AgainstMagic"],"picked":"KiyohimeMod:Grimoire","floor":1.0},{"not_picked":["KiyohimeMod:FirstPremonition+1","KiyohimeMod:AndSoTheShipConquers+1","KiyohimeMod:GreenBlackKey"],"picked":"SKIP","floor":5.0},{"not_picked":["KiyohimeMod:AndSoTheShipConquers+1","KiyohimeMod:GreenBlackKey"],"picked":"KiyohimeMod:EatSoul+1","floor":6.0},{"not_picked":["KiyohimeMod:FirstPremonition+1","KiyohimeMod:EatSoul+1"],"picked":"KiyohimeMod:CelestialInvertedMoon+1","floor":7.0},{"not_picked":["KiyohimeMod:HydraDagger","KiyohimeMod:LimitedZeroOver","KiyohimeMod:Berserker"],"picked":"SKIP","floor":8.0},{"not_picked":["KiyohimeMod:FiringTheFirstArrow","KiyohimeMod:GreenBlackKey","KiyohimeMod:HeroCreation+1"],"picked":"SKIP","floor":10.0},{"not_picked":["KiyohimeMod:FiringTheFirstArrow","KiyohimeMod:GreenBlackKey"],"picked":"KiyohimeMod:HeroCreation+1","floor":10.0},{"not_picked":["KiyohimeMod:BeastOfBillows","KiyohimeMod:BlueBlackKey","KiyohimeMod:WaterTurn+1"],"picked":"SKIP","floor":12.0},{"not_picked":["KiyohimeMod:HydraDagger","KiyohimeMod:Preemptive"],"picked":"KiyohimeMod:DivineConstruct+1","floor":14.0},{"not_picked":["KiyohimeMod:HeroCreation+1","KiyohimeMod:FragmentsOf2030"],"picked":"KiyohimeMod:Destruction","floor":16.0},{"not_picked":["KiyohimeMod:EatSoul+1","KiyohimeMod:Preemptive","KiyohimeMod:GreenBlackKey"],"picked":"SKIP","floor":18.0},{"not_picked":["KiyohimeMod:BlueBlackKey","KiyohimeMod:CommandCard_Quick"],"picked":"KiyohimeMod:AgainstMagic+1","floor":20.0},{"not_picked":["KiyohimeMod:HeroCreation+1","KiyohimeMod:EatSoul+1"],"picked":"KiyohimeMod:CelestialInvertedMoon+1","floor":20.0},{"not_picked":["KiyohimeMod:AndSoTheShipConquers+1","KiyohimeMod:EatSoul+1"],"picked":"KiyohimeMod:CelestialInvertedMoon+1","floor":20.0},{"not_picked":["KiyohimeMod:FirstPremonition+1","KiyohimeMod:Preemptive+1"],"picked":"KiyohimeMod:GoldenCarpFigure+1","floor":20.0},{"not_picked":["KiyohimeMod:WaterTurn+1","KiyohimeMod:GreenBlackKey"],"picked":"KiyohimeMod:Projection+1","floor":20.0},{"not_picked":["KiyohimeMod:RealityMarble","KiyohimeMod:BlueBlackKey","KiyohimeMod:EatSoul+1"],"picked":"SKIP","floor":23},{"not_picked":["KiyohimeMod:BlueBlackKey","KiyohimeMod:BeastOfBillows","KiyohimeMod:BeElegant+1"],"picked":"SKIP","floor":25},{"not_picked":["KiyohimeMod:SteelTraining+1","KiyohimeMod:BlueBlackKey","KiyohimeMod:Barrier+1"],"picked":"SKIP","floor":27},{"not_picked":["KiyohimeMod:Preemptive","KiyohimeMod:RedBlackKey","KiyohimeMod:AndSoTheShipConquers+1"],"picked":"SKIP","floor":28},{"not_picked":["KiyohimeMod:ImaginaryAround","KiyohimeMod:BeastOfBillows"],"picked":"KiyohimeMod:Projection+1","floor":29},{"not_picked":["KiyohimeMod:Barrier+1","KiyohimeMod:ExSpicyMapoTofu+1","KiyohimeMod:BlueBlackKey"],"picked":"SKIP","floor":30},{"not_picked":["KiyohimeMod:RedBlackKey","KiyohimeMod:BlueBlackKey","KiyohimeMod:WaterTurn+1"],"picked":"SKIP","floor":35},{"not_picked":["KiyohimeMod:EatSoul+1","KiyohimeMod:WaterTurn+1","KiyohimeMod:AndSoTheShipConquers+1"],"picked":"SKIP","floor":40},{"not_picked":["KiyohimeMod:BlueBlackKey+1","KiyohimeMod:WaterTurn+1","KiyohimeMod:LimitedZeroOver+1"],"picked":"SKIP","floor":41},{"not_picked":["KiyohimeMod:AndSoTheShipConquers+1","KiyohimeMod:RedBlackKey+1"],"picked":"KiyohimeMod:FacelessMoon+1","floor":42},{"not_picked":["KiyohimeMod:Tenacious+1","KiyohimeMod:SteelTraining+1","KiyohimeMod:GreenBlackKey"],"picked":"SKIP","floor":44},{"not_picked":["KiyohimeMod:Grimoire+1","KiyohimeMod:BeElegant+1","KiyohimeMod:BlueBlackKey+1"],"picked":"Singing Bowl","floor":46}],"player_experience":155995,"relics_obtained":[{"floor":6.0,"key":"MealTicket"},{"floor":8.0,"key":"Pet Ghost"},{"floor":9.0,"key":"hubris:OldNail"},{"floor":10.0,"key":"Centennial Puzzle"},{"floor":14.0,"key":"Boot"},{"floor":23,"key":"Bag of Marbles"},{"floor":25,"key":"vexMod:Dragonfruit"},{"floor":26,"key":"PreservedInsect"},{"floor":27,"key":"White Beast Statue"},{"floor":30,"key":"Omamori"},{"floor":40,"key":"HornCleat"},{"floor":42,"key":"MagicDraw4"},{"floor":44,"key":"Ancient Tea Set"},{"floor":46,"key":"hubris:SlimyHat"}],"event_choices":[{"cards_removed":["Pain"],"damage_healed":0.0,"max_hp_gain":0.0,"max_hp_loss":0.0,"gold_gain":0.0,"event_name":"Purifier","player_choice":"Purged","floor":4.0,"gold_loss":0.0,"damage_taken":0.0},{"damage_healed":0,"gold_gain":0,"player_choice":"Ignored","damage_taken":0,"max_hp_gain":0,"max_hp_loss":0,"event_name":"The Mausoleum","floor":21,"gold_loss":0},{"damage_healed":0,"gold_gain":0,"player_choice":"Simplicity","damage_taken":0,"max_hp_gain":0,"max_hp_loss":0,"event_name":"Back to Basics","floor":22,"gold_loss":0,"cards_upgraded":["KiyohimeMod:Strike","KiyohimeMod:Strike","KiyohimeMod:Strike","KiyohimeMod:Strike","KiyohimeMod:Defend"]},{"damage_healed":0,"gold_gain":100,"player_choice":"Pray","damage_taken":0,"max_hp_gain":0,"max_hp_loss":0,"event_name":"Golden Shrine","floor":24,"gold_loss":0},{"damage_healed":0,"gold_gain":0,"cards_transformed":["KiyohimeMod:Defend","KiyohimeMod:HeroCreation"],"player_choice":"Became Test Subject","damage_taken":0,"max_hp_gain":0,"max_hp_loss":0,"event_name":"Drug Dealer","floor":31,"gold_loss":0,"cards_obtained":["KiyohimeMod:Tenacious","KiyohimeMod:LimitedZeroOver"]},{"damage_healed":0,"gold_gain":0,"player_choice":"Embrace Madness","damage_taken":0,"max_hp_gain":0,"max_hp_loss":0,"event_name":"Winding Halls","floor":37,"gold_loss":0,"cards_obtained":["Madness","Madness"]},{"damage_healed":0,"gold_gain":0,"player_choice":"Ignored","damage_taken":0,"max_hp_gain":0,"max_hp_loss":0,"event_name":"Tomb of Lord Red Mask","floor":38,"gold_loss":0},{"damage_healed":0,"gold_gain":0,"player_choice":"Memory 3","damage_taken":10,"max_hp_gain":0,"max_hp_loss":0,"event_name":"SensoryStone","floor":47,"gold_loss":0}],"is_beta":false,"boss_relics":[{"not_picked":["hubris:GrandSneckoEye","vexMod:EndlessSickness"],"picked":"hubris:HollowSoul"},{"not_picked":["Replay:Bronze Core","EasyGame_NEW"],"picked":"Coffee Dripper"}],"items_purged_floors":[39],"is_endless":false,"potions_floor_spawned":[5,6,7,10,12,16,18,25,28,29,30,30,33,35,40,41,42,44,46],"ascension_level":14}}