{"host":"fkig9nrckec4xsh0","time":1610857872,"event":{"mods":["BaseMod","Colored Map","Minty Spire (QoL Compilation)","Quick Restart","Replay The Spire","StSLib"],"gold_per_floor":[110,110,110,110,129,129,129,129,161,161,184,184,218,235,265,109,109,205,305,321,321,332,332,475,501,517,546,546,577,577,577,514,522,522],"floor_reached":33,"language":"ENG","playtime":1231,"items_purged":["Regret","Strike_G"],"score":441,"play_id":"947288a1-0030-4117-8333-d56322713421","local_time":"20210116233112","is_ascension_mode":true,"campfire_choices":[{"data":"Bouncing Flask","floor":8,"key":"SMITH"},{"data":"Backflip","floor":10,"key":"SMITH"},{"data":"Noxious Fumes","floor":17,"key":"SMITH"},{"data":"Draining Mist","floor":31,"key":"SMITH"}],"circlet_count":0,"master_deck":["Strike_G","Strike_G","Strike_G+1","Defend_G","Defend_G","Defend_G+1","Defend_G","Survivor","Neutralize","Backflip+1","Bouncing Flask+1","Crippling Poison","Storm of Steel","All Out Attack","Crippling Poison","Escape Plan+1","Noxious Fumes+1","Poison Darts","Sucker Punch+1","Dagger Throw+1","Noxious Fumes","Poisoned Stab","Deadly Poison","ReplayTheSpireMod:IOU","ReplayTheSpireMod:IOU","ReplayTheSpireMod:IOU","Heel Hook+1","Draining Mist+1","All Out Attack","Bouncing Flask"],"relics":["Ring of the Snake","NeowsBlessing","Replay:Bottled Steam","Centennial Puzzle","Lantern","Replay:WaspNest","Replay:Wax Seal","Omamori","Replay:Wanted Poster","Membership Card","Garlic","ReplayTheSpireMod:TigerMarble","Gambling Chip","Replay:Bandana","TungstenRod"],"acts_visited":["Exordium","TheCity"],"potions_floor_usage":[15,18,27,32,33],"damage_taken":[{"damage":0.0,"enemies":"2 Louse","floor":1.0,"turns":1.0},{"damage":0,"enemies":"Small Slimes","floor":5,"turns":1},{"damage":0,"enemies":"Lagavulin","floor":9,"turns":1},{"damage":13,"enemies":"Gremlin Nob","floor":13,"turns":3},{"damage":1,"enemies":"Cultist","floor":14,"turns":2},{"damage":7,"enemies":"3 Sentries","floor":15,"turns":4},{"damage":5,"enemies":"Hexaghost","floor":18,"turns":7},{"damage":0,"enemies":"Spheric Guardian","floor":20,"turns":3},{"damage":0,"enemies":"Chosen","floor":22,"turns":3},{"damage":15,"enemies":"Replay:Snechameleon","floor":25,"turns":4},{"damage":4,"enemies":"3 Cultists","floor":26,"turns":3},{"damage":6,"enemies":"Slavers","floor":27,"turns":4},{"damage":29,"enemies":"Gremlin Leader","floor":29,"turns":5},{"damage":8,"enemies":"Book of Stabbing","floor":32,"turns":4},{"damage":9,"enemies":"Shelled Parasite and Fungi","floor":33,"turns":3}],"seed_played":"-4374940683604566718","potions_obtained":[{"floor":1.0,"key":"Elixir"},{"floor":5,"key":"Explosive Potion"},{"floor":9,"key":"DuplicationPotion"},{"floor":14,"key":"CultistPotion"},{"floor":18,"key":"Fire Potion"},{"floor":25,"key":"Elixir"},{"floor":27,"key":"Energy Potion"},{"floor":29,"key":"SteroidPotion"}],"is_trial":false,"path_per_floor":["M","?","?","?","M","PTL","PTL","R","E","R","T","?","E","M","E","$","R","B",null,"M","?","M","?","$","E","M","E","T","E","?","R","E","M"],"character_chosen":"THE_SILENT","items_purchased":["Omamori","Escape Plan+1","Noxious Fumes","Membership Card","Poisoned Stab","Deadly Poison"],"campfire_rested":0,"item_purchase_floors":[16,16,16,24,24,24],"current_hp_per_floor":[70,52,52,38,38,38,38,38,38,38,38,38,25,24,17,17,17,12,70,70,70,70,70,70,55,51,45,45,16,16,16,8,0,0],"gold":522,"neow_bonus":"THREE_ENEMY_KILL","is_daily":false,"chose_seed":false,"campfire_upgraded":4,"win_rate":0.0,"timestamp":1610857872,"path_taken":["M","?","?","?","M","PTL","PTL","R","E","R","T","?","E","M","E","$","R","BOSS","M","?","?","?","$","E","M","E","T","E","?","R","E","M"],"items_purchased_type":["Relic","Card","Card","Relic","Card","Card"],"build_version":"2020-12-22","purchased_purges":2,"victory":false,"max_hp_per_floor":[70,70,70,70,70,70,70,70,70,70,70,70,70,70,70,70,70,70,70,70,70,70,70,70,70,70,70,70,70,70,70,70,70,70],"card_choices":[{"not_picked":["ReplayTheSpireMod:Exploit Weakness","Outmaneuver"],"picked":"Backflip","floor":1.0},{"not_picked":["Dagger Throw","Bane"],"picked":"Bouncing Flask","floor":5},{"not_picked":["Flechettes","Sucker Punch"],"picked":"Crippling Poison","floor":9},{"not_picked":["Deflect","Underhanded Strike"],"picked":"All Out Attack","floor":13},{"not_picked":["Footwork","Deflect"],"picked":"Crippling Poison","floor":14},{"not_picked":["Dodge and Roll","Expertise","Sneak Up"],"picked":"SKIP","floor":15},{"not_picked":["Phantasmal Killer","Die Die Die"],"picked":"Poison Darts","floor":18},{"not_picked":["ReplayTheSpireMod:Exploit Weakness+1","Crippling Poison"],"picked":"Sucker Punch+1","floor":20},{"not_picked":["Bane","Quick Slash"],"picked":"Dagger Throw+1","floor":22},{"not_picked":["Quick Slash+1","Dagger Spray"],"picked":"Heel Hook+1","floor":25},{"not_picked":["Dagger Throw","Sucker Punch","Prepared"],"picked":"SKIP","floor":26},{"not_picked":["Endless Agony","Slice","Well Laid Plans+1"],"picked":"SKIP","floor":27},{"not_picked":["Prepared","Hidden Blade"],"picked":"Draining Mist","floor":29},{"not_picked":["Dash","Flying Knee"],"picked":"Bouncing Flask","floor":32}],"player_experience":320677,"relics_obtained":[{"floor":9,"key":"Lantern"},{"floor":13,"key":"Replay:WaspNest"},{"floor":15,"key":"Replay:Wax Seal"},{"floor":25,"key":"Garlic"},{"floor":27,"key":"ReplayTheSpireMod:TigerMarble"},{"floor":28,"key":"Gambling Chip"},{"floor":29,"key":"Replay:Bandana"},{"floor":32,"key":"TungstenRod"}],"event_choices":[{"damage_healed":0,"gold_gain":0,"player_choice":"Success","damage_taken":18,"relics_obtained":["Replay:Bottled Steam"],"max_hp_gain":0,"max_hp_loss":0,"event_name":"Scrap Ooze","floor":2,"gold_loss":0},{"damage_healed":0,"gold_gain":0,"player_choice":"Box","damage_taken":0,"relics_obtained":["Centennial Puzzle"],"max_hp_gain":0,"max_hp_loss":0,"event_name":"Big Fish","floor":3,"gold_loss":0,"cards_obtained":["Regret"]},{"damage_healed":0,"gold_gain":0,"player_choice":"Entered Light","damage_taken":14,"max_hp_gain":0,"max_hp_loss":0,"event_name":"Shining Light","floor":4,"gold_loss":0,"cards_upgraded":["Defend_G","Strike_G"]},{"damage_healed":0,"gold_gain":0,"cards_transformed":["Defend_G"],"player_choice":"Transformed","damage_taken":0,"max_hp_gain":0,"max_hp_loss":0,"event_name":"Transmorgrifier","floor":12,"gold_loss":0,"cards_obtained":["Storm of Steel"]},{"damage_healed":0,"gold_gain":0,"player_choice":"Bought 0 Potions","damage_taken":0,"max_hp_gain":0,"max_hp_loss":0,"event_name":"The Woman in Blue","floor":21,"gold_loss":0},{"damage_healed":0,"gold_gain":0,"player_choice":"Read","damage_taken":0,"max_hp_gain":0,"max_hp_loss":0,"event_name":"The Library","floor":23,"gold_loss":0,"cards_obtained":["Noxious Fumes"]},{"damage_healed":0,"gold_gain":0,"cards_transformed":["Strike_G"],"player_choice":"Transformed","damage_taken":0,"max_hp_gain":0,"max_hp_loss":0,"event_name":"Transmorgrifier","floor":30,"gold_loss":0,"cards_obtained":["All Out Attack"]}],"is_beta":false,"boss_relics":[{"not_picked":["Astrolabe","WristBlade"],"picked":"Replay:Wanted Poster"}],"items_purged_floors":[16,24],"is_endless":false,"potions_floor_spawned":[1,5,9,14,18,25,27,29],"killed_by":"Shelled Parasite and Fungi","ascension_level":3}}