{"host":"3a1ypf1irl30q4k8","time":1610919752,"event":{"mods":["AchievementEnabler","BaseMod","Bestiary","Colored Map","Minty Spire (QoL Compilation)","Relic Stats"],"gold_per_floor":[118,134,134,154,172,172,198,198,198,231,231,247,273,289,289,388,388,405,423,442,121,121,148,148,176,176,176,191,203,203,52,52,157,157,167,184,33,33,33,68,68,93,148,148,174,174,184,200,200,200,200,200,48,76,76,76],"floor_reached":55,"language":"ENG","playtime":2573,"items_purged":["Defend_R","Defend_R+1"],"score":905,"play_id":"3b12caac-be08-4d6d-85b8-75a05f2848b5","local_time":"20210117214232","is_ascension_mode":true,"campfire_choices":[{"data":"Bludgeon","floor":6,"key":"SMITH"},{"data":"Shockwave","floor":8,"key":"SMITH"},{"floor":11,"key":"REST"},{"data":"Thunderclap","floor":15,"key":"SMITH"},{"data":"Perfected Strike","floor":27,"key":"SMITH"},{"data":"Perfected Strike","floor":30,"key":"SMITH"},{"floor":32,"key":"REST"},{"floor":41,"key":"RECALL"},{"floor":46,"key":"REST"},{"floor":49,"key":"REST"},{"data":"Uppercut","floor":52,"key":"SMITH"}],"circlet_count":0,"master_deck":["Strike_R+1","Strike_R+1","Strike_R+1","Strike_R+1","Strike_R+1","Defend_R+1","Bash","Bludgeon+1","Pommel Strike","Uppercut+1","Thunderclap+1","Wild Strike","Shockwave+1","Inflame","Shrug It Off","Feed","Perfected Strike+1","Perfected Strike+1","Shockwave+1","Carnage+1","Armaments+1","Clothesline","Reaper+1","Second Wind+1","Barricade+1","Searing Blow+1","Metamorphosis","Apotheosis+1","Flame Barrier+1","Battle Trance","Offering"],"relics":["Burning Blood","Ornamental Fan","Gremlin Horn","Regal Pillow","Potion Belt","Snecko Eye","Bottled Flame","Oddly Smooth Stone","Mercury Hourglass","Kunai","Matryoshka","Astrolabe","Bronze Scales","Blood Vial","Toy Ornithopter","Whetstone","Bag of Preparation","War Paint"],"acts_visited":["Exordium","TheCity","TheBeyond","TheEnding"],"potions_floor_usage":[4,5,5,7,7,18,23,33,33,33,40,45,55,55,55,55],"damage_taken":[{"damage":10,"enemies":"Small Slimes","floor":1,"turns":3},{"damage":1,"enemies":"Cultist","floor":2,"turns":3},{"damage":0,"enemies":"2 Louse","floor":4,"turns":1},{"damage":18,"enemies":"Large Slime","floor":5,"turns":5},{"damage":31,"enemies":"Gremlin Nob","floor":7,"turns":4},{"damage":33,"enemies":"3 Sentries","floor":10,"turns":7},{"damage":7,"enemies":"2 Fungi Beasts","floor":12,"turns":4},{"damage":12,"enemies":"Gremlin Nob","floor":13,"turns":3},{"damage":0,"enemies":"Lots of Slimes","floor":14,"turns":1},{"damage":21,"enemies":"Slime Boss","floor":16,"turns":5},{"damage":3,"enemies":"3 Byrds","floor":18,"turns":4},{"damage":6,"enemies":"Spheric Guardian","floor":19,"turns":3},{"damage":0,"enemies":"Snecko","floor":20,"turns":2},{"damage":25,"enemies":"Book of Stabbing","floor":23,"turns":4},{"damage":26,"enemies":"Gremlin Leader","floor":25,"turns":4},{"damage":8,"enemies":"3 Cultists","floor":28,"turns":3},{"damage":0,"enemies":"Cultist and Chosen","floor":29,"turns":3},{"damage":42,"enemies":"Collector","floor":33,"turns":6},{"damage":3,"enemies":"3 Darklings","floor":35,"turns":2},{"damage":16,"enemies":"Orb Walker","floor":36,"turns":3},{"damage":40,"enemies":"Giant Head","floor":40,"turns":7},{"damage":29,"enemies":"Reptomancer","floor":42,"turns":5},{"damage":34,"enemies":"Giant Head","floor":45,"turns":6},{"damage":1,"enemies":"Writhing Mass","floor":47,"turns":2},{"damage":20,"enemies":"Maw","floor":48,"turns":4},{"damage":60,"enemies":"Time Eater","floor":50,"turns":10},{"damage":63,"enemies":"Shield and Spear","floor":54,"turns":3},{"damage":64,"enemies":"The Heart","floor":55,"turns":3}],"seed_played":"-430472651762555585","potions_obtained":[{"floor":2,"key":"Strength Potion"},{"floor":3,"key":"AttackPotion"},{"floor":3,"key":"AttackPotion"},{"floor":4,"key":"Explosive Potion"},{"floor":5,"key":"SkillPotion"},{"floor":7,"key":"Ancient Potion"},{"floor":16,"key":"SkillPotion"},{"floor":18,"key":"SneckoOil"},{"floor":20,"key":"DistilledChaos"},{"floor":23,"key":"FearPotion"},{"floor":29,"key":"Dexterity Potion"},{"floor":33,"key":"Fire Potion"},{"floor":35,"key":"LiquidBronze"},{"floor":42,"key":"DuplicationPotion"},{"floor":47,"key":"SneckoOil"},{"floor":54,"key":"LiquidMemories"}],"is_trial":false,"path_per_floor":["M","M","?","M","M","R","E","R","T","E","R","M","E","M","R","B",null,"M","M","M","$","?","E","?","E","T","R","M","M","R","$","R","B",null,"M","M","$","?","$","E","R","E","T","?","E","R","M","M","R","B",null,"R","$","E","B"],"character_chosen":"IRONCLAD","items_purchased":["Bottled Flame","AttackPotion","Bronze Scales","Offering"],"campfire_rested":4,"item_purchase_floors":[21,31,37,53],"current_hp_per_floor":[76,80,80,80,68,68,43,43,43,16,55,54,48,54,54,39,80,83,86,86,86,86,67,67,50,50,50,51,57,57,57,92,56,92,92,85,85,75,75,50,50,37,37,37,16,59,66,57,95,48,95,95,95,38,0,0],"gold":76,"neow_bonus":"THREE_RARE_CARDS","is_daily":false,"chose_seed":false,"campfire_upgraded":6,"win_rate":0.0,"timestamp":1610919752,"path_taken":["M","M","?","M","M","R","E","R","T","E","R","M","E","M","R","BOSS","M","M","?","?","?","E","?","E","T","R","M","M","R","$","R","BOSS","M","M","$","?","$","E","R","E","T","?","E","R","?","M","R","BOSS","R","$","E","BOSS"],"items_purchased_type":["Relic","Potion","Relic","Card"],"build_version":"2020-12-22","purchased_purges":2,"victory":false,"max_hp_per_floor":[80,80,80,80,80,80,80,80,80,80,80,80,80,80,80,80,80,83,86,86,86,86,86,86,89,89,89,92,92,92,92,92,92,92,92,95,95,95,95,95,95,95,95,95,95,95,95,95,95,95,95,95,95,95,95,95],"relic_stats":{"Regal Pillow":48,"Gremlin Horn":[25,26],"counters":[28,109],"Astrolabe":["Second Wind","Barricade","Searing Blow"],"Bag of Preparation":[10],"Whetstone":["Carnage","Reaper"],"War Paint":["Flame Barrier","Apotheosis"],"Burning Blood":143,"Mercury Hourglass":[247],"Blood Vial":10,"Ornamental Fan":[192],"Bronze Scales":[124],"Snecko Eye":[145,135,147,134],"Kunai":[33],"obtain_stats":[{"Potion Belt":13,"Regal Pillow":10,"Gremlin Horn":9,"Astrolabe":34,"Oddly Smooth Stone":22,"Bag of Preparation":45,"Whetstone":43,"War Paint":54,"Burning Blood":0,"Mercury Hourglass":23,"Blood Vial":40,"Bottled Flame":21,"Matryoshka":26,"Ornamental Fan":7,"Bronze Scales":37,"Snecko Eye":17,"Kunai":25,"Toy Ornithopter":42},{"Potion Belt":8,"Regal Pillow":6,"Gremlin Horn":5,"Astrolabe":18,"Oddly Smooth Stone":13,"Bag of Preparation":23,"Whetstone":22,"War Paint":27,"Burning Blood":0,"Mercury Hourglass":14,"Blood Vial":21,"Bottled Flame":13,"Matryoshka":15,"Ornamental Fan":5,"Bronze Scales":20,"Snecko Eye":10,"Kunai":15,"Toy Ornithopter":22},{"Potion Belt":30,"Regal Pillow":23,"Gremlin Horn":16,"Astrolabe":65,"Oddly Smooth Stone":45,"Bag of Preparation":87,"Whetstone":81,"War Paint":106,"Burning Blood":0,"Mercury Hourglass":49,"Blood Vial":77,"Bottled Flame":45,"Matryoshka":53,"Ornamental Fan":16,"Bronze Scales":70,"Snecko Eye":36,"Kunai":53,"Toy Ornithopter":81}],"Toy Ornithopter":25},"card_choices":[{"not_picked":["Barricade","Feed"],"picked":"Bludgeon","floor":0},{"not_picked":["Warcry","Heavy Blade"],"picked":"Pommel Strike","floor":1},{"not_picked":["Iron Wave","Rampage"],"picked":"Uppercut","floor":2},{"not_picked":["Pommel Strike","Uppercut"],"picked":"Thunderclap","floor":4},{"not_picked":["Limit Break","Cleave"],"picked":"Wild Strike","floor":5},{"not_picked":["Spot Weakness","Rampage"],"picked":"Shockwave","floor":7},{"not_picked":["Limit Break","Warcry"],"picked":"Inflame","floor":10},{"not_picked":["Pummel","Armaments"],"picked":"Anger","floor":12},{"not_picked":["Bludgeon","Intimidate","Sentinel"],"picked":"SKIP","floor":13},{"not_picked":["Infernal Blade","Flex"],"picked":"Shrug It Off","floor":14},{"not_picked":["Fiend Fire","Brutality"],"picked":"Feed","floor":16},{"not_picked":["Anger+1","Headbutt+1"],"picked":"Twin Strike+1","floor":18},{"not_picked":["True Grit+1","Shrug It Off"],"picked":"Perfected Strike","floor":19},{"not_picked":["Uppercut","Power Through"],"picked":"Perfected Strike","floor":20},{"not_picked":["Carnage+1","Cleave+1"],"picked":"Shockwave+1","floor":23},{"not_picked":["Headbutt","Disarm"],"picked":"Carnage","floor":25},{"not_picked":["Brutality","Feel No Pain"],"picked":"Armaments+1","floor":28},{"not_picked":["Sword Boomerang","Heavy Blade"],"picked":"Clothesline","floor":29},{"not_picked":["Bludgeon","Limit Break"],"picked":"Reaper","floor":33},{"not_picked":["Twin Strike","True Grit","Clash+1"],"picked":"SKIP","floor":35},{"not_picked":["Cleave+1","Combust+1","Searing Blow+1"],"picked":"SKIP","floor":36},{"not_picked":["Thinking Ahead","Jack Of All Trades"],"picked":"Metamorphosis","floor":38},{"not_picked":["Transmutation","Secret Technique"],"picked":"Apotheosis","floor":38},{"not_picked":["Combust","Armaments"],"picked":"Flame Barrier","floor":40},{"not_picked":["Seeing Red+1","Cleave+1"],"picked":"Battle Trance","floor":42},{"not_picked":["Armaments+1","Flex","Warcry+1"],"picked":"SKIP","floor":45},{"not_picked":["Thunderclap+1","Armaments+1","Heavy Blade+1"],"picked":"SKIP","floor":47},{"not_picked":["Evolve+1","Iron Wave","Warcry+1"],"picked":"SKIP","floor":48},{"not_picked":["Feed","Thunderclap","Sword Boomerang"],"picked":"SKIP","floor":54}],"player_experience":1102722,"relics_obtained":[{"floor":7,"key":"Ornamental Fan"},{"floor":9,"key":"Gremlin Horn"},{"floor":10,"key":"Regal Pillow"},{"floor":13,"key":"Potion Belt"},{"floor":23,"key":"Mercury Hourglass"},{"floor":25,"key":"Kunai"},{"floor":26,"key":"Matryoshka"},{"floor":40,"key":"Blood Vial"},{"floor":42,"key":"Toy Ornithopter"},{"floor":43,"key":"Whetstone"},{"floor":45,"key":"Bag of Preparation"},{"floor":54,"key":"War Paint"}],"event_choices":[{"damage_healed":0,"gold_gain":0,"player_choice":"Got Potions","damage_taken":0,"max_hp_gain":0,"max_hp_loss":0,"event_name":"Lab","floor":3,"gold_loss":0},{"damage_healed":0,"gold_gain":0,"player_choice":"Opened","damage_taken":0,"relics_obtained":["Oddly Smooth Stone"],"max_hp_gain":0,"max_hp_loss":0,"event_name":"The Mausoleum","floor":22,"gold_loss":0},{"damage_healed":0,"gold_gain":0,"player_choice":"Simplicity","damage_taken":0,"max_hp_gain":0,"max_hp_loss":0,"event_name":"Back to Basics","floor":24,"gold_loss":0,"cards_upgraded":["Strike_R","Strike_R","Strike_R","Strike_R","Strike_R","Defend_R","Defend_R","Defend_R"]},{"damage_healed":0,"gold_gain":0,"player_choice":"Memory 3","damage_taken":10,"max_hp_gain":0,"max_hp_loss":0,"event_name":"SensoryStone","floor":38,"gold_loss":0},{"cards_removed":["Doubt"],"damage_healed":0,"gold_gain":0,"player_choice":"Removed Curses","damage_taken":0,"max_hp_gain":0,"max_hp_loss":0,"event_name":"Fountain of Cleansing","floor":44,"gold_loss":0}],"is_beta":false,"boss_relics":[{"not_picked":["Philosopher\u0027s Stone","Velvet Choker"],"picked":"Snecko Eye"},{"not_picked":["Sozu","Coffee Dripper"],"picked":"Astrolabe"}],"items_purged_floors":[21,31],"is_endless":false,"potions_floor_spawned":[2,4,5,7,16,18,20,23,29,33,35,42,47,54],"killed_by":"The Heart","ascension_level":3}}