{"host":"q6xhjok4lopoz8jb","time":1610910928,"event":{"mods":["AchievementEnabler","Act Like it!","BaseMod","Better Match","Better Sensory Stone","Better Skull","Hallownest","Hermit","Minty Spire (QoL Compilation)","StSLib","The Cursed"],"gold_per_floor":[113,113,3,3,31,62,74,112,124,148,160,200,212,275,287,403,415,447,459,520,25,38,38,38],"floor_reached":23,"language":"ENG","playtime":2020,"items_purged":[],"score":197,"play_id":"05cb7b45-2adb-459f-b870-f5a89fd4aac2","local_time":"20210117191528","is_ascension_mode":false,"campfire_choices":[{"floor":7,"key":"REST"},{"floor":11,"key":"REST"},{"floor":13,"key":"REST"},{"data":"hermit:Determination","floor":15,"key":"SMITH"}],"circlet_count":0,"master_deck":["hermit:Strike_Hermit","hermit:Strike_Hermit","hermit:Strike_Hermit","hermit:Defend_Hermit","hermit:Defend_Hermit","hermit:Defend_Hermit","hermit:Snapshot","hermit:Ricochet","hermit:WideOpen","hermit:GoldenBullet","hermit:Brawl","hermit:Vantage","hermit:Determination+1","hermit:GhostlyPresence","hermit:Grudge","hermit:Roughhouse","hermit:Enervate+1","hermit:Adapt+1","hermit:Magnum+1","hermit:ShadowCloak","Flash of Steel","Bandage Up","hermit:Snipe","hermit:PistolWhip"],"relics":["hermit:Momento","Hallownest:DreamNailRelic","MawBank","Tiny Chest","Art of War","Mummified Hand","Omamori","Astrolabe","Oddly Smooth Stone","Ice Cream","Lee\u0027s Waffle"],"acts_visited":["Exordium","Hallownest:Greenpath"],"potions_floor_usage":[16],"damage_taken":[{"damage":2,"enemies":"Hallownest:monsterHuskGuard","floor":1,"turns":3},{"damage":4,"enemies":"Hallownest:2_Baldur","floor":5,"turns":3},{"damage":3,"enemies":"Hallownest:2_MossCreeps","floor":6,"turns":4},{"damage":14,"enemies":"Hallownest:eliteCrystalGuardian","floor":8,"turns":5},{"damage":6,"enemies":"Hallownest:monsterMossCharger","floor":10,"turns":3},{"damage":13,"enemies":"Hallownest:eliteVengeflyKing","floor":12,"turns":7},{"damage":18,"enemies":"Hallownest:BossBrokenVessel","floor":16,"turns":6},{"damage":39,"enemies":"Hallownest:2_Mistakes","floor":18,"turns":7},{"damage":16,"enemies":"Hallownest:3_Youths","floor":22,"turns":4},{"damage":81,"enemies":"Hallownest:eliteWatcherKnight","floor":23,"turns":12}],"seed_played":"8777774270199350018","potions_obtained":[{"floor":5,"key":"GamblersBrew"},{"floor":10,"key":"LiquidBronze"}],"is_trial":false,"path_per_floor":["M","?","$","?","M","M","R","E","T","M","R","E","R","?","R","B",null,"M","?","T","$","M","E"],"character_chosen":"HERMIT","items_purchased":["hermit:GoldenBullet","hermit:Brawl","Ice Cream","Lee\u0027s Waffle","hermit:Snipe"],"campfire_rested":3,"item_purchase_floors":[3,3,21,21,21],"current_hp_per_floor":[73,73,73,40,36,33,55,41,41,35,57,44,66,66,66,48,75,36,36,36,82,66,0,0],"gold":38,"neow_bonus":"THREE_CARDS","is_daily":false,"chose_seed":false,"campfire_upgraded":1,"win_rate":0.0,"timestamp":1610910928,"path_taken":["M","?","?","?","?","M","R","E","T","M","R","E","R","?","R","BOSS","M","?","?","$","M","E"],"items_purchased_type":["Card","Card","Relic","Relic","Card"],"build_version":"2020-12-22","purchased_purges":0,"victory":false,"max_hp_per_floor":[75,75,75,75,75,75,75,75,75,75,75,75,75,75,75,75,75,75,75,75,82,82,82,82],"card_choices":[{"not_picked":["hermit:Virtue","hermit:Shortfuse"],"picked":"hermit:Ricochet","floor":0},{"not_picked":["hermit:Dive","hermit:LoneWolf"],"picked":"hermit:WideOpen","floor":1},{"not_picked":["hermit:Dive","hermit:Misfire"],"picked":"hermit:Vantage","floor":5},{"not_picked":["hermit:BodyArmor","hermit:Snipe"],"picked":"hermit:Determination","floor":6},{"not_picked":["hermit:Maintenance","hermit:HoleUp","hermit:Cheat"],"picked":"SKIP","floor":8},{"not_picked":["hermit:HoleUp","hermit:EyeOfTheStorm"],"picked":"hermit:GhostlyPresence","floor":10},{"not_picked":["hermit:DeadMansHand","hermit:HeroicBravado"],"picked":"hermit:Grudge","floor":12},{"not_picked":["hermit:OverwhelmingPower","hermit:FinalCanter"],"picked":"hermit:Roughhouse","floor":16},{"not_picked":["hermit:Desperado+1","hermit:Midnight"],"picked":"hermit:ShadowCloak","floor":18},{"not_picked":["Forethought","Deep Breath"],"picked":"Flash of Steel","floor":19},{"not_picked":["Blind","Trip"],"picked":"Bandage Up","floor":19},{"not_picked":["hermit:HoleUp","hermit:SprayPray"],"picked":"hermit:PistolWhip","floor":22}],"player_experience":284804,"relics_obtained":[{"floor":8,"key":"Art of War"},{"floor":9,"key":"Mummified Hand"},{"floor":12,"key":"Omamori"},{"floor":20,"key":"Oddly Smooth Stone"}],"event_choices":[{"damage_healed":0,"gold_gain":0,"player_choice":"RE RE ","damage_taken":37,"relics_obtained":["MawBank","Tiny Chest"],"max_hp_gain":0,"max_hp_loss":0,"event_name":"betterSkull:BetterSkull","floor":4,"gold_loss":0,"cards_upgraded":[]},{"damage_healed":0,"gold_gain":2,"player_choice":"1","damage_taken":0,"max_hp_gain":0,"max_hp_loss":0,"event_name":"betterStone:BetterStone","floor":19,"gold_loss":0}],"is_beta":false,"boss_relics":[{"not_picked":["Cursed Key","Snecko Eye"],"picked":"Astrolabe"}],"items_purged_floors":[],"is_endless":false,"potions_floor_spawned":[5,10],"killed_by":"Hallownest:eliteWatcherKnight","ascension_level":0}}