{"host":"bq4pt811tk9yrmjl","time":1610882066,"event":{"mods":["AchievementEnabler","BaseMod","Colored Map","Colored Powertips","Defuse TimeMaze Blight","Hermit","Minty Spire (QoL Compilation)","StSLib","SuperFastMode"],"gold_per_floor":[109,209,59,78,78,78,108,118,144,158,193,118,118,131,131,131,131],"floor_reached":16,"language":"ENG","playtime":242,"items_purged":[],"score":142,"play_id":"2716dca1-c52a-4c53-a71e-0703c6656a5e","local_time":"20210117091426","is_ascension_mode":true,"campfire_choices":[{"data":"Neutralize","floor":6,"key":"SMITH"},{"data":"Malaise","floor":13,"key":"SMITH"},{"data":"Dash","floor":15,"key":"SMITH"}],"circlet_count":0,"master_deck":["Strike_G","Strike_G","Strike_G","Strike_G","Strike_G","Defend_G","Defend_G","Defend_G","Defend_G","Defend_G","Survivor","Neutralize+1","Deflect","Slice","Dodge and Roll","Malaise+1","Dash+1"],"relics":["Ring of the Snake","NeowsBlessing","Sling","Art of War","Blue Candle"],"acts_visited":["Exordium"],"potions_floor_usage":[11,16],"damage_taken":[{"damage":0,"enemies":"Jaw Worm","floor":1,"turns":1},{"damage":0,"enemies":"Cultist","floor":4,"turns":1},{"damage":0,"enemies":"3 Sentries","floor":7,"turns":1},{"damage":0,"enemies":"2 Louse","floor":8,"turns":2},{"damage":0,"enemies":"Red Slaver","floor":10,"turns":5},{"damage":24,"enemies":"Gremlin Nob","floor":11,"turns":4},{"damage":0,"enemies":"2 Fungi Beasts","floor":14,"turns":4},{"damage":19,"enemies":"Slime Boss","floor":16,"turns":7}],"seed_played":"-1240445584382932028","potions_obtained":[{"floor":8,"key":"Explosive Potion"},{"floor":10,"key":"SneckoOil"},{"floor":11,"key":"SkillPotion"}],"is_trial":false,"path_per_floor":["M","?","$","M","?","R","E","M","T","M","E","$","R","M","R","B"],"character_chosen":"THE_SILENT","items_purchased":["Sling","Dash"],"campfire_rested":0,"item_purchase_floors":[3,12],"current_hp_per_floor":[70,70,70,70,70,70,70,70,70,70,46,46,46,46,46,27,27],"gold":131,"neow_bonus":"THREE_ENEMY_KILL","is_daily":false,"chose_seed":false,"campfire_upgraded":3,"win_rate":0.0,"timestamp":1610882066,"path_taken":["M","?","$","?","?","R","E","?","T","M","E","?","R","M","R","BOSS"],"items_purchased_type":["Relic","Card"],"build_version":"2020-12-22","purchased_purges":0,"victory":false,"max_hp_per_floor":[70,70,70,70,70,70,70,70,70,70,70,70,70,70,70,70,70],"card_choices":[{"not_picked":["Poisoned Stab","Concentrate"],"picked":"Deflect","floor":1},{"not_picked":["Accuracy","Outmaneuver"],"picked":"Slice","floor":4},{"not_picked":["Quick Slash","Tactician","Blade Dance"],"picked":"SKIP","floor":7},{"not_picked":["Endless Agony","Backflip","Poisoned Stab"],"picked":"SKIP","floor":8},{"not_picked":["Catalyst","Heel Hook"],"picked":"Dodge and Roll","floor":10},{"not_picked":["Footwork","Deflect"],"picked":"Malaise","floor":11},{"not_picked":["Dodge and Roll","Underhanded Strike","Flechettes"],"picked":"SKIP","floor":14}],"player_experience":170525,"relics_obtained":[{"floor":7,"key":"Art of War"},{"floor":11,"key":"Blue Candle"}],"event_choices":[{"damage_healed":0,"gold_gain":100,"player_choice":"Pray","damage_taken":0,"max_hp_gain":0,"max_hp_loss":0,"event_name":"Golden Shrine","floor":2,"gold_loss":0},{"damage_healed":0,"gold_gain":0,"player_choice":"Ignored","damage_taken":0,"max_hp_gain":0,"max_hp_loss":0,"event_name":"Transmorgrifier","floor":5,"gold_loss":0}],"is_beta":false,"boss_relics":[],"items_purged_floors":[],"is_endless":false,"potions_floor_spawned":[8,10,11],"killed_by":"Slime Boss","ascension_level":1}}