{"host":"792mtbovsoa03nb3","time":1610850513,"event":{"mods":["BaseMod","Conspire","Curses Come First","Dota2Spire","Halation","Hubris","Infinite Spire","Minty Spire (QoL Compilation)","Replay The Spire","StS++","StSLib"],"gold_per_floor":[109,109,109,59,72,72,101,121,121,51,57,57,59,73,73,176,176,191,225,242,244,244,244,269,78,78,78,93,93,114,62,62,166,166,177,196,198,225,275,275,106,138,138,159,59,59,9,37,37,50,50],"floor_reached":50,"language":"ENG","playtime":1332,"items_purged":["Defend_G","Strike_G","Defend_G"],"score":609,"play_id":"d988fdc7-c3fb-44f4-ac7a-7f6300e17014","local_time":"20210116182833","is_ascension_mode":false,"campfire_choices":[{"data":"Neutralize","floor":6,"key":"SMITH"},{"data":"Dodge and Roll","floor":12,"key":"SMITH"},{"floor":15,"key":"REST"},{"data":"Sneak Up","floor":23,"key":"SMITH"},{"data":"Cloak And Dagger","floor":29,"key":"SMITH"},{"data":"Sucker Punch","floor":32,"key":"SMITH"},{"data":"Madness","floor":40,"key":"SMITH"},{"data":"Footwork","floor":46,"key":"SMITH"},{"data":"Madness","floor":49,"key":"SMITH"}],"circlet_count":0,"master_deck":["Strike_G","Strike_G","Strike_G","Defend_G","Defend_G","Defend_G","Survivor","Neutralize+1","Sucker Punch+1","Sucker Punch","Dodge and Roll+1","Masterful Stab+1","Hidden Blade","Glass Knife+1","Sucker Punch+1","Sneak Up+1","Cloak And Dagger+1","RitualDagger+1","Dagger Spray+1","Hidden Blade","Finisher+1","All Out Attack+1","Dodge and Roll+1","Flechettes+1","Footwork+1","Burst","StSpp:FiercePoison+1","Madness+1","Madness+1","Heel Hook+1","Footwork+1","Well Laid Plans","conspire:SpireCoStock","conspire:SpireCoStock","Dagger Spray+1"],"relics":["Ring of the Snake","NeowsBlessing","hubris:Icosahedron","halation:RedSoulGem","infinitespire:Midas Blood","Molten Egg 2","infinitespire:ShieldingShard","Mercury Hourglass","hubris:EvacipatedBox","halation:Risk","Replay:Accelerometer","Thread and Needle","Mirror","Bird Faced Urn","halation:Prosthetics","Dota2Spire:ArmletOfMordiggian","halation:Trompette","conspire:BottledYoYo","halation:IllGainedPizza"],"acts_visited":["Exordium","TheCity","TheBeyond"],"potions_floor_usage":[16,16,33,33,50],"damage_taken":[{"damage":0,"enemies":"Jaw Worm","floor":1,"turns":1},{"damage":0,"enemies":"Small Slimes","floor":5,"turns":1},{"damage":0,"enemies":"Gremlin Nob","floor":7,"turns":1},{"damage":0,"enemies":"2 Louse","floor":8,"turns":4},{"damage":0,"enemies":"Looter","floor":14,"turns":2},{"damage":8,"enemies":"The Guardian","floor":16,"turns":15},{"damage":0,"enemies":"3 Byrds","floor":18,"turns":3},{"damage":9,"enemies":"conspire:MimicChest","floor":19,"turns":4},{"damage":0,"enemies":"Shell Parasite","floor":20,"turns":3},{"damage":0,"enemies":"Slavers","floor":24,"turns":4},{"damage":0,"enemies":"Snecko","floor":28,"turns":3},{"damage":5,"enemies":"Snake Plant","floor":30,"turns":2},{"damage":3,"enemies":"Collector","floor":33,"turns":7},{"damage":0,"enemies":"3 Shapes","floor":35,"turns":2},{"damage":0,"enemies":"Orb Walker","floor":36,"turns":3},{"damage":0,"enemies":"Mind Bloom Boss Battle","floor":39,"turns":7},{"damage":0,"enemies":"Nemesis","floor":42,"turns":7},{"damage":0,"enemies":"4 Shapes","floor":44,"turns":3},{"damage":11,"enemies":"Sphere and 2 Shapes","floor":48,"turns":3},{"damage":35,"enemies":"Awakened One","floor":50,"turns":4}],"seed_played":"-5440762766667504834","potions_obtained":[{"floor":7,"key":"SpeedPotion"},{"floor":8,"key":"DistilledChaos"},{"floor":14,"key":"FearPotion"},{"floor":18,"key":"LiquidBronze"},{"floor":20,"key":"Strength Potion"},{"floor":35,"key":"Swift Potion"},{"floor":36,"key":"PowerPotion"}],"is_trial":false,"path_per_floor":["M","?","?","?","M","R","E","M","T","$","?","R","$","M","R","B",null,"M","?","M","?","?","R","E","$","T","T","M","R","M","$","R","B",null,"M","M","?","T","?","R","$","E","T","M","?","R","$","M","R","B"],"character_chosen":"THE_SILENT","items_purchased":["Masterful Stab+1","Mercury Hourglass","hubris:EvacipatedBox","Finisher+1","All Out Attack+1","Footwork+1","Footwork","Dagger Spray+1"],"campfire_rested":1,"item_purchase_floors":[10,13,13,25,25,31,41,47],"current_hp_per_floor":[70,70,70,70,70,70,70,70,70,70,58,58,19,19,40,32,70,70,61,61,55,55,55,55,55,55,55,55,55,50,50,50,49,35,35,35,31,31,33,33,33,35,35,35,35,35,35,24,24,0,0],"gold":50,"neow_bonus":"THREE_ENEMY_KILL","is_daily":false,"chose_seed":false,"campfire_upgraded":8,"win_rate":0.0,"timestamp":1610850513,"path_taken":["M","?","?","?","M","R","E","M","T","$","?","R","?","M","R","BOSS","M","?","M","?","?","R","E","$","T","?","M","R","?","$","R","BOSS","M","M","?","?","?","R","$","E","T","M","?","R","?","?","R","BOSS"],"items_purchased_type":["Card","Relic","Relic","Card","Card","Card","Card","Card"],"build_version":"2020-12-22","purchased_purges":3,"victory":false,"max_hp_per_floor":[70,70,70,70,70,70,70,70,70,70,70,70,70,70,70,70,70,70,70,70,70,70,70,70,70,70,70,70,70,70,70,70,70,35,35,35,35,35,35,35,35,35,35,35,35,35,35,35,35,35,35],"card_choices":[{"not_picked":["Deadly Poison","hubris:TrickCloak"],"picked":"Sucker Punch","floor":1},{"not_picked":["Distraction","Bouncing Flask"],"picked":"Sucker Punch","floor":5},{"not_picked":["ReplayTheSpireMod:Exploit Weakness","StSpp:Throw","infinitespire:Neurotoxin"],"picked":"SKIP","floor":7},{"not_picked":["hubris:TrickCloak","ReplayTheSpireMod:Tripwire"],"picked":"Dodge and Roll","floor":8},{"not_picked":["StSpp:PoisonousPunch+1","Expertise"],"picked":"Hidden Blade","floor":14},{"not_picked":["Night Terror","Poison Darts"],"picked":"Glass Knife+1","floor":16},{"not_picked":["Acrobatics","Flechettes+1"],"picked":"Sucker Punch+1","floor":18},{"not_picked":["Catalyst","Backflip"],"picked":"Sneak Up","floor":19},{"not_picked":["Dagger Throw+1","hubris:Sniper+1"],"picked":"Cloak And Dagger","floor":20},{"not_picked":["Acrobatics","Dagger Throw+1"],"picked":"Hidden Blade","floor":24},{"not_picked":["Hidden Blade","Calculated Gamble+1"],"picked":"Dodge and Roll+1","floor":28},{"not_picked":["Escape Plan","Flying Knee+1"],"picked":"Flechettes+1","floor":30},{"not_picked":["ReplayTheSpireMod:From All Sides+1","Poison Darts"],"picked":"Burst","floor":33},{"not_picked":["Prepared+1","StSpp:Anticipation+1","Poisoned Stab+1"],"picked":"SKIP","floor":35},{"not_picked":["Bane+1","Poisoned Stab+1"],"picked":"StSpp:FiercePoison+1","floor":36},{"not_picked":["Backflip","Backstab+1"],"picked":"Heel Hook+1","floor":39},{"not_picked":["Deadly Poison+1","Outmaneuver","Blur+1"],"picked":"SKIP","floor":42},{"not_picked":["StSpp:StrikeFirst+1","Bane+1"],"picked":"Well Laid Plans","floor":44},{"not_picked":["Bane+1","StSpp:StrikeFirst+1","Infinite Blades+1"],"picked":"SKIP","floor":48}],"player_experience":905033,"relics_obtained":[{"floor":7,"key":"infinitespire:Midas Blood"},{"floor":9,"key":"Molten Egg 2"},{"floor":19,"key":"Replay:Accelerometer"},{"floor":24,"key":"Thread and Needle"},{"floor":26,"key":"Mirror"},{"floor":27,"key":"Bird Faced Urn"},{"floor":38,"key":"Dota2Spire:ArmletOfMordiggian"},{"floor":39,"key":"halation:Trompette"},{"floor":42,"key":"conspire:BottledYoYo"},{"floor":43,"key":"halation:IllGainedPizza"}],"event_choices":[{"cards_removed":["Strike_G"],"damage_healed":0,"gold_gain":0,"player_choice":"Card Removal","damage_taken":0,"max_hp_gain":0,"max_hp_loss":0,"event_name":"The Cleric","floor":4,"gold_loss":50},{"damage_healed":0,"gold_gain":0,"player_choice":"Success","damage_taken":12,"relics_obtained":["infinitespire:ShieldingShard"],"max_hp_gain":0,"max_hp_loss":0,"event_name":"Scrap Ooze","floor":11,"gold_loss":0},{"damage_healed":0,"gold_gain":0,"player_choice":"Joined the Cult","damage_taken":6,"max_hp_gain":0,"max_hp_loss":0,"event_name":"Nest","floor":21,"gold_loss":0,"cards_obtained":["RitualDagger"]},{"damage_healed":0,"gold_gain":0,"player_choice":"Read","damage_taken":0,"max_hp_gain":0,"max_hp_loss":0,"event_name":"The Library","floor":22,"gold_loss":0,"cards_obtained":["Dagger Spray"]},{"damage_healed":0,"gold_gain":0,"player_choice":"Embrace Madness","damage_taken":4,"max_hp_gain":0,"max_hp_loss":0,"event_name":"Winding Halls","floor":37,"gold_loss":0,"cards_obtained":["Madness","Madness"]},{"damage_healed":0,"gold_gain":0,"player_choice":"Fight","damage_taken":0,"max_hp_gain":0,"max_hp_loss":0,"event_name":"MindBloom","floor":39,"gold_loss":0},{"damage_healed":0,"gold_gain":0,"player_choice":"Invest 2","damage_taken":0,"max_hp_gain":0,"max_hp_loss":0,"event_name":"conspire:Investor","floor":45,"gold_loss":0}],"is_beta":false,"boss_relics":[{"not_picked":["halation:LoveArrow","SlaversCollar","Replay:Bronze Core"],"picked":"halation:Risk"},{"not_picked":["Cursed Key","hubris:TerracottaHorce","Replay:Grab Bag"],"picked":"halation:Prosthetics"}],"items_purged_floors":[13,25,41],"is_endless":false,"potions_floor_spawned":[7,8,14,18,20,28,35,36,39,44],"killed_by":"Awakened One","ascension_level":0}}