{"host":"oytjgf0lma69qpzi","time":1610915354,"event":{"mods":["BaseMod","Colored Powertips","DeckTracker","Minty Spire (QoL Compilation)","Quick Restart"],"gold_per_floor":[112,122,72,90,90,15,15,49,49,64,75,88,88,102,102,102,102],"floor_reached":16,"language":"ENG","playtime":516,"items_purged":["Defend_B"],"score":120,"play_id":"500fc210-f3dd-4518-a30b-f320e13e0f5f","local_time":"20210117212914","is_ascension_mode":true,"campfire_choices":[{"data":"Zap","floor":7,"key":"SMITH"},{"floor":15,"key":"REST"}],"circlet_count":0,"master_deck":["Strike_B","Strike_B","Defend_B","Defend_B","Defend_B","Zap+1","Dualcast","Ball Lightning","Capacitor","Loop","Ball Lightning"],"relics":["Cracked Core","Peace Pipe","StoneCalendar"],"acts_visited":["Exordium"],"potions_floor_usage":[14],"damage_taken":[{"damage":1,"enemies":"Jaw Worm","floor":1,"turns":4},{"damage":12,"enemies":"Small Slimes","floor":2,"turns":2},{"damage":0,"enemies":"Cultist","floor":4,"turns":2},{"damage":25,"enemies":"Gremlin Nob","floor":8,"turns":4},{"damage":6,"enemies":"2 Fungi Beasts","floor":10,"turns":3},{"damage":8,"enemies":"Red Slaver","floor":11,"turns":3},{"damage":17,"enemies":"3 Louse","floor":12,"turns":3},{"damage":6,"enemies":"Looter","floor":14,"turns":3},{"damage":33,"enemies":"Slime Boss","floor":16,"turns":6}],"seed_played":"6925994812870499277","potions_obtained":[{"floor":8,"key":"BlessingOfTheForge"},{"floor":11,"key":"ColorlessPotion"},{"floor":14,"key":"SteroidPotion"}],"is_trial":false,"path_per_floor":["M","M","?","M","?","$","R","E","T","M","M","M","$","M","R","B"],"character_chosen":"DEFECT","items_purchased":[],"campfire_rested":1,"item_purchase_floors":[],"current_hp_per_floor":[81,69,69,69,69,69,69,44,44,38,30,13,13,7,31,0,0],"gold":102,"neow_bonus":"TEN_PERCENT_HP_BONUS","is_daily":false,"chose_seed":false,"campfire_upgraded":1,"win_rate":0.0,"timestamp":1610915354,"path_taken":["M","M","?","M","?","$","R","E","T","M","M","M","?","M","R","BOSS"],"items_purchased_type":[],"build_version":"2020-12-22","purchased_purges":1,"victory":false,"max_hp_per_floor":[82,82,82,82,82,82,82,82,82,82,82,82,82,82,82,82,82],"card_choices":[{"not_picked":["Sweeping Beam","Streamline"],"picked":"Ball Lightning","floor":1},{"not_picked":["Genetic Algorithm","Streamline","Recycle"],"picked":"SKIP","floor":2},{"not_picked":["Hologram","Steam","FTL"],"picked":"SKIP","floor":4},{"not_picked":["Rip and Tear","Chaos"],"picked":"Capacitor","floor":8},{"not_picked":["Steam","Tempest","Hello World"],"picked":"SKIP","floor":10},{"not_picked":["Auto Shields","BootSequence"],"picked":"Loop","floor":11},{"not_picked":["Reprogram","Self Repair","Coolheaded"],"picked":"SKIP","floor":12},{"not_picked":["Sweeping Beam","Fusion"],"picked":"Ball Lightning","floor":14}],"player_experience":202961,"relics_obtained":[{"floor":8,"key":"Peace Pipe"},{"floor":9,"key":"StoneCalendar"}],"event_choices":[{"cards_removed":["Strike_B"],"damage_healed":0,"gold_gain":0,"player_choice":"Card Removal","damage_taken":0,"max_hp_gain":0,"max_hp_loss":0,"event_name":"The Cleric","floor":3,"gold_loss":50},{"cards_removed":["Strike_B"],"damage_healed":0,"gold_gain":0,"player_choice":"Forget","damage_taken":0,"max_hp_gain":0,"max_hp_loss":0,"event_name":"Living Wall","floor":5,"gold_loss":0}],"is_beta":false,"boss_relics":[],"items_purged_floors":[6],"is_endless":false,"potions_floor_spawned":[8,11,14],"killed_by":"Slime Boss","ascension_level":3}}