{"host":"e52c7hvho6xny3hd","time":1610890347,"event":{"mods":["AchievementEnabler","BaseMod","Colored Map","DeckTracker","Minty Spire (QoL Compilation)","Permanent Neow","StSLib"],"gold_per_floor":[119,136,151,7,17,17,36,36,36,36,70,70,86,96,96,192,192,203,118,118,118],"floor_reached":20,"language":"KOR","playtime":893,"items_purged":["Strike_P"],"score":375,"play_id":"79a8da4e-88d5-428a-889d-6c9d6b111739","local_time":"20210117223227","is_ascension_mode":true,"campfire_choices":[{"data":"Apotheosis","floor":6.0,"key":"SMITH"},{"floor":8.0,"key":"REST"},{"data":"Eruption","floor":12.0,"key":"SMITH"},{"data":"Adaptation","floor":15,"key":"SMITH"}],"circlet_count":0,"master_deck":["AscendersBane","Strike_P","Strike_P","Strike_P","Defend_P","Defend_P","Defend_P","Defend_P","Eruption+1","Vigilance","Apotheosis+1","Consecrate","Conclude","WheelKick","Adaptation+1","Brilliance","Evaluate","Vengeance","InnerPeace","ClearTheMind","FollowUp"],"relics":["PureWater","Ornamental Fan","Pear","SacredBark","Orichalcum"],"acts_visited":["Exordium","TheCity"],"potions_floor_usage":[],"damage_taken":[{"damage":0.0,"enemies":"Cultist","floor":1.0,"turns":5.0},{"damage":7.0,"enemies":"2 Louse","floor":2.0,"turns":4.0},{"damage":2.0,"enemies":"Jaw Worm","floor":3.0,"turns":3.0},{"damage":12.0,"enemies":"Exordium Thugs","floor":5.0,"turns":3.0},{"damage":13.0,"enemies":"Red Slaver","floor":7.0,"turns":3.0},{"damage":2.0,"enemies":"3 Sentries","floor":11.0,"turns":7.0},{"damage":0.0,"enemies":"Large Slime","floor":13.0,"turns":2.0},{"damage":3,"enemies":"Looter","floor":14,"turns":3},{"damage":0,"enemies":"Slime Boss","floor":16,"turns":4},{"damage":24,"enemies":"Shell Parasite","floor":18,"turns":6},{"damage":25,"enemies":"3 Byrds","floor":20,"turns":4}],"seed_played":"5757030713984467144","potions_obtained":[{"floor":1.0,"key":"StancePotion"},{"floor":3.0,"key":"SneckoOil"}],"is_trial":false,"path_per_floor":["M","M","M","$","M","R","M","R","T","?","E","R","M","M","R","B",null,"M","?","M"],"character_chosen":"WATCHER","items_purchased":["Adaptation"],"campfire_rested":1,"item_purchase_floors":[4],"current_hp_per_floor":[47,40,38,38,26,26,13,34,34,39,47,47,47,44,44,44,76,52,52,27,27],"gold":118,"neow_bonus":"RANDOM_COLORLESS_2","is_daily":false,"chose_seed":false,"campfire_upgraded":3,"win_rate":0.0,"timestamp":1610890347,"path_taken":["M","M","M","?","M","R","M","R","T","?","E","R","M","M","R","BOSS","M","?","M"],"items_purchased_type":["Card"],"build_version":"2020-12-22","purchased_purges":1,"victory":false,"max_hp_per_floor":[72,72,72,72,72,72,72,72,72,77,87,87,87,87,87,87,87,87,87,87,87],"card_choices":[{"not_picked":["The Bomb","Violence"],"picked":"Apotheosis","floor":0.0},{"not_picked":["FlyingSleeves","EmptyFist"],"picked":"Consecrate","floor":1.0},{"not_picked":["Wireheading","EmptyBody"],"picked":"Conclude","floor":2.0},{"not_picked":["Nirvana","SandsOfTime"],"picked":"WheelKick","floor":3.0},{"not_picked":["FlyingSleeves","FlurryOfBlows"],"picked":"Brilliance","floor":5.0},{"not_picked":["SignatureMove","SashWhip"],"picked":"Evaluate","floor":7.0},{"not_picked":["JustLucky","Alpha"],"picked":"Vengeance","floor":11.0},{"not_picked":["Evaluate","LikeWater"],"picked":"InnerPeace","floor":13.0},{"not_picked":["Crescendo","SashWhip"],"picked":"ClearTheMind","floor":14},{"not_picked":["Prostrate","ReachHeaven+1"],"picked":"FollowUp","floor":18}],"player_experience":680379,"relics_obtained":[{"floor":9.0,"key":"Ornamental Fan"},{"floor":11.0,"key":"Pear"}],"event_choices":[{"damage_healed":0.0,"max_hp_gain":5.0,"max_hp_loss":0.0,"gold_gain":0.0,"event_name":"Big Fish","player_choice":"Donut","floor":10.0,"gold_loss":0.0,"damage_taken":0.0},{"damage_healed":0,"gold_gain":0,"player_choice":"Obtained Relic","damage_taken":0,"relics_obtained":["Orichalcum"],"max_hp_gain":0,"max_hp_loss":0,"event_name":"Addict","floor":19,"gold_loss":85}],"is_beta":false,"boss_relics":[{"not_picked":["Ectoplasm","Busted Crown"],"picked":"SacredBark"}],"items_purged_floors":[4],"is_endless":false,"potions_floor_spawned":[1,3,11,18],"killed_by":"3 Byrds","ascension_level":11}}