{"host":"bplbr8uekuotory4","time":1610870586,"event":{"mods":["Act Like it!","BaseMod","Custom Start","Gensokyo","GungeonMod","Hermit","KinomotoSakuraMod(木之本樱)","Koishi","Marisa（F雨　魔理沙）","Minty Spire (QoL Compilation)","Prisma Mod","Quick Restart","Reimu（博丽灵梦）","SOS（斯巴达之子）","Spicy Shops","StSLib","TestMod","The Alterego","The Blackbeard","The Cursed","The Marked","The Mystic","The Runesmith","The Saiyan","The Servant 0.9.4","Yuri Mod","[IsaacMod]以撒尖塔","vexMod"],"gold_per_floor":[110,128,53,68,74,114,114,169,169,169,205,205,205,18,18,131,131,191,191,61,114,174,280,280,396,396,396,140,140,186,214,214,409,409,431,575,376,486,272,438,523,632,632,685,178,337,410,337,337,523,523,523,136,220,475],"floor_reached":56,"language":"ZHS","playtime":1620,"items_purged":["blackbeard:BlackbeardStrike","Poor:ReiMu","blackbeard:BlackbeardStrike","blackbeard:BlackbeardDefend","blackbeard:BlackbeardDefend","blackbeard:BlackbeardStrike+1","blackbeard:BlackbeardDefend+1","blackbeard:BlindAttacks","blackbeard:RemoveScurvy","blackbeard:Bandana+1","blackbeard:IntimidatingStrike"],"score":1929,"play_id":"03ff01d0-7ead-496e-acd7-beec84d69550","local_time":"20210117160306","is_ascension_mode":true,"campfire_choices":[{"data":"blackbeard:BlindAttacks","floor":7,"key":"SMITH"},{"data":"blackbeard:BeatUp","floor":10,"key":"SMITH"},{"data":"blackbeard:Cutlass","floor":15,"key":"SMITH"},{"data":"blackbeard:Rum","floor":24,"key":"SMITH"},{"data":"blackbeard:GoldenRain","floor":27,"key":"SMITH"},{"data":"blackbeard:Toast","floor":32,"key":"SMITH"},{"floor":49,"key":"RECALL"},{"data":"blackbeard:BoostMorale","floor":52,"key":"SMITH"}],"circlet_count":0,"master_deck":["blackbeard:Cutlass+1","blackbeard:BlindAttacks+1","blackbeard:BeatUp+1","Pain","blackbeard:GoldenRain+1","blackbeard:Rum+1","blackbeard:Anchor","blackbeard:Toast+1","blackbeard:BoostMorale+1","blackbeard:GoldenDefense+1","blackbeard:Toast+1","blackbeard:Toast+1","blackbeard:Eyepatch"],"relics":["blackbeard:LoadTheCannons","testmod-TestBox","HushsDoor","SalivaCoin","testmod-Charity","NeowsBlessing","Bag of Marbles","DemoMod:LamentConfigurum","DemoMod:Orange","YidongShenshe:ReiMu","Membership Card","blackbeard:BloodOrange","vexMod:TanglingVine","GuppysHead","Cauldron","Dream Catcher","DemoMod:MeltedRock","DemoMod:MemoryAlloy","Centennial Puzzle","DemoMod:GundromedaStrain","testmod-CardMagician","CatCart","Lee\u0027s Waffle","ClockworkSouvenir","Bag of Preparation","Unceasing Top","TheBean","Shuriken","DemoMod:GreenGuonStone","Toy Ornithopter","Chaos","GnawedLeaf","DoctorsRemote"],"acts_visited":["Exordium","TheCity","TheBeyond","TheEnding"],"potions_floor_usage":[16,33,55,55],"damage_taken":[{"damage":0,"enemies":"Small Slimes","floor":1,"turns":1},{"damage":8,"enemies":"2 Louse","floor":2,"turns":2},{"damage":0,"enemies":"Cultist","floor":4,"turns":1},{"damage":22,"enemies":"Lagavulin","floor":6,"turns":4},{"damage":30,"enemies":"3 Sentries","floor":8,"turns":3},{"damage":10,"enemies":"Red Slaver","floor":11,"turns":2},{"damage":6,"enemies":"Slime Boss","floor":16,"turns":4},{"damage":17,"enemies":"Spheric Guardian","floor":18,"turns":3},{"damage":16,"enemies":"2 Thieves","floor":21,"turns":2},{"damage":23,"enemies":"Snake Plant","floor":22,"turns":3},{"damage":30,"enemies":"Slavers","floor":23,"turns":6},{"damage":42,"enemies":"Gremlin Leader","floor":25,"turns":5},{"damage":6,"enemies":"3 Cultists","floor":30,"turns":2},{"damage":2,"enemies":"Snecko","floor":31,"turns":2},{"damage":23,"enemies":"Collector","floor":33,"turns":6},{"damage":8,"enemies":"3 Shapes","floor":35,"turns":1},{"damage":22,"enemies":"Orin","floor":36,"turns":6},{"damage":12,"enemies":"Orb Walker","floor":38,"turns":2},{"damage":19,"enemies":"Giant Head","floor":40,"turns":3},{"damage":8,"enemies":"Writhing Mass","floor":41,"turns":2},{"damage":11,"enemies":"Transient","floor":42,"turns":5},{"damage":0,"enemies":"Reptomancer","floor":44,"turns":2},{"damage":11,"enemies":"Giant Head","floor":46,"turns":3},{"damage":7,"enemies":"4 Shapes","floor":47,"turns":1},{"damage":27,"enemies":"Awakened One","floor":50,"turns":6},{"damage":9,"enemies":"Shield and Spear","floor":54,"turns":1},{"damage":64,"enemies":"The Heart","floor":55,"turns":3}],"seed_played":"-936717383806679981","potions_obtained":[{"floor":1,"key":"Dexterity Potion"},{"floor":6,"key":"DistilledChaos"},{"floor":8,"key":"FairyPotion"},{"floor":16,"key":"Swift Potion"},{"floor":20,"key":"blackbeard:RumPotion"},{"floor":40,"key":"FearPotion"},{"floor":44,"key":"PowerPotion"}],"is_trial":false,"path_per_floor":["M","M","$","M","?","E","R","E","T","R","M","?","?","$","R","B",null,"M","?","$","M","M","E","R","E","T","R","$","?","M","M","R","B",null,"M","?","$","M","$","E","M","M","T","E","$","E","M","$","R","B",null,"R","$","E","B",null],"character_chosen":"BLACKBEARD_CLASS","items_purchased":["Membership Card","blackbeard:BloodOrange","GuppysHead","Cauldron","blackbeard:Rum","Centennial Puzzle","DemoMod:GundromedaStrain","Lee\u0027s Waffle","ClockworkSouvenir","Bag of Preparation","Shuriken","DemoMod:GreenGuonStone","Chaos","GnawedLeaf","DuplicationPotion"],"campfire_rested":0,"item_purchase_floors":[14,14,17,20,20,28,28,37,39,39,45,45,48,53,53],"current_hp_per_floor":[76,70,70,71,56,37,37,12,24,24,17,17,17,17,17,18,76,67,67,67,59,45,29,29,2,2,2,2,2,3,9,9,10,136,131,128,207,219,219,231,238,250,250,257,257,271,276,276,276,282,342,342,342,343,370],"gold":475,"neow_bonus":"THREE_ENEMY_KILL","is_daily":false,"chose_seed":false,"campfire_upgraded":7,"win_rate":0.0,"timestamp":1610870586,"path_taken":["M","M","$","M","?","E","R","E","T","R","M","?","?","$","R","BOSS","M","?","$","?","M","E","R","E","T","R","?","?","?","M","R","BOSS","M","?","$","M","?","E","?","M","T","E","?","E","M","$","R","BOSS","R","$","E","BOSS"],"items_purchased_type":["Relic","Relic","Relic","Relic","Card","Relic","Relic","Relic","Relic","Relic","Relic","Relic","Card","Relic","Potion"],"build_version":"2020-12-22","purchased_purges":11,"victory":true,"max_hp_per_floor":[76,78,78,79,80,83,83,88,100,100,103,103,103,103,103,110,95,103,103,103,111,120,134,134,149,149,149,149,149,156,159,159,178,178,181,200,207,226,226,252,267,285,285,292,292,317,329,329,329,362,362,362,362,372,415],"card_choices":[{"not_picked":[],"picked":"BettingIsNotGood","floor":0},{"not_picked":["blackbeard:TacticalRetreat","blackbeard:JollyRoger"],"picked":"Bomb","floor":1},{"not_picked":["blackbeard:BeatUp","blackbeard:BoostMorale"],"picked":"blackbeard:BlindAttacks","floor":2},{"not_picked":["blackbeard:Sword","blackbeard:GoldenStrike","blackbeard:GoldenDefense"],"picked":"SKIP","floor":4},{"not_picked":["blackbeard:Intoxication","blackbeard:Recklessness"],"picked":"Bomb","floor":6},{"not_picked":["blackbeard:FieryDefense","blackbeard:CannonballSupply"],"picked":"blackbeard:BeatUp","floor":8},{"not_picked":["blackbeard:SwordDance","blackbeard:PiratesWill"],"picked":"Bomb","floor":11},{"not_picked":["blackbeard:HumongousCannonball","blackbeard:Salvager"],"picked":"blackbeard:GoldenRain","floor":16},{"not_picked":["blackbeard:Sword","blackbeard:WoodenLeg+1","blackbeard:GoldenDefense"],"picked":"SKIP","floor":18},{"not_picked":["blackbeard:Provisioning+1","blackbeard:AgileStrike","blackbeard:GoldenDefense"],"picked":"SKIP","floor":21},{"not_picked":["blackbeard:Eyepatch+1","blackbeard:DeadlyArsenal","blackbeard:BrownPants"],"picked":"SKIP","floor":22},{"not_picked":["blackbeard:ChaoticDefense","blackbeard:Shrapnel+1"],"picked":"blackbeard:Anchor","floor":23},{"not_picked":["blackbeard:Bandana","blackbeard:DelayedPain+1"],"picked":"blackbeard:RemoveScurvy","floor":25},{"not_picked":["blackbeard:InfiniteBarrage","blackbeard:BeatUp+1","blackbeard:SwordDance"],"picked":"SKIP","floor":30},{"not_picked":["blackbeard:Dagger","blackbeard:UndeadForm"],"picked":"blackbeard:Bandana+1","floor":31},{"not_picked":["blackbeard:Halberd","blackbeard:GoldenRain"],"picked":"blackbeard:BoostMorale","floor":33},{"not_picked":["blackbeard:Shrapnel","blackbeard:FieryDefense+1","blackbeard:CatONineTails+1"],"picked":"SKIP","floor":35},{"not_picked":["blackbeard:Boarding","blackbeard:TacticalRetreat+1"],"picked":"blackbeard:GoldenDefense+1","floor":38},{"not_picked":["blackbeard:GoldenStrike+1","blackbeard:Sword"],"picked":"blackbeard:Toast+1","floor":40},{"not_picked":["blackbeard:Fencing","blackbeard:Shrapnel+1","blackbeard:SwordDance"],"picked":"SKIP","floor":41},{"not_picked":["blackbeard:CatONineTails","blackbeard:RearmingStrike","blackbeard:Fencing+1"],"picked":"SKIP","floor":42},{"not_picked":["blackbeard:Upgrade","blackbeard:GoldenDefense+1","blackbeard:Anchor"],"picked":"SKIP","floor":44},{"not_picked":["blackbeard:GhostInTheRum+1","blackbeard:WeaponProficiency+1","blackbeard:Halberd"],"picked":"SKIP","floor":46},{"not_picked":["blackbeard:Spear","blackbeard:VengefulSpirit"],"picked":"blackbeard:Toast+1","floor":47},{"not_picked":["blackbeard:JollyRoger+1","blackbeard:RemoveScurvy+1"],"picked":"blackbeard:Eyepatch","floor":54}],"player_experience":1219275,"relics_obtained":[{"floor":6,"key":"Bag of Marbles"},{"floor":8,"key":"DemoMod:LamentConfigurum"},{"floor":9,"key":"DemoMod:Orange"},{"floor":23,"key":"Dream Catcher"},{"floor":25,"key":"DemoMod:MeltedRock"},{"floor":26,"key":"DemoMod:MemoryAlloy"},{"floor":36,"key":"CatCart"},{"floor":40,"key":"Unceasing Top"},{"floor":44,"key":"TheBean"},{"floor":46,"key":"Toy Ornithopter"},{"floor":54,"key":"DoctorsRemote"}],"event_choices":[{"damage_healed":0,"gold_gain":0,"player_choice":"Entered Light","damage_taken":16,"max_hp_gain":0,"max_hp_loss":0,"event_name":"Shining Light","floor":5,"gold_loss":0,"cards_upgraded":["blackbeard:BlackbeardDefend","blackbeard:BlackbeardStrike"]},{"damage_healed":0,"gold_gain":0,"player_choice":"带走神社","damage_taken":0,"relics_obtained":["YidongShenshe:ReiMu"],"max_hp_gain":0,"max_hp_loss":0,"event_name":"yidonshenshe","floor":13,"gold_loss":0,"cards_obtained":["Poor:ReiMu"]},{"damage_healed":0,"gold_gain":0,"player_choice":"Ignored","damage_taken":0,"max_hp_gain":0,"max_hp_loss":0,"event_name":"Ghosts","floor":19,"gold_loss":0},{"damage_healed":0,"gold_gain":0,"cards_transformed":["blackbeard:BlackbeardDefend","blackbeard:BlackbeardStrike"],"player_choice":"Became Test Subject","damage_taken":0,"max_hp_gain":0,"max_hp_loss":0,"event_name":"Drug Dealer","floor":29,"gold_loss":0,"cards_obtained":["blackbeard:Toast","blackbeard:BlindAttacks"]},{"damage_healed":0,"gold_gain":0,"player_choice":"Fight","damage_taken":0,"max_hp_gain":0,"max_hp_loss":0,"event_name":"OrinTheCat","floor":36,"gold_loss":0}],"is_beta":false,"boss_relics":[{"not_picked":["RedLine:ReiMu","testmod-Temperance"],"picked":"vexMod:TanglingVine"},{"not_picked":[]},{"not_picked":["Astrolabe","SacredBark"],"picked":"testmod-CardMagician"},{"not_picked":[]}],"items_purged_floors":[3,17,20,28,37,37,39,45,45,53,53],"is_endless":false,"potions_floor_spawned":[1,6,8,16,22,23,31,40,44,46,47,54],"ascension_level":5}}