{"host":"dh4nu8nelr2izibb","time":1610858169,"event":{"mods":["100% Spire Juice","BaseMod","Card Forge","Displayed Cursed Tome","HololiveMod","Marisa????????","Minty Spire (QoL Compilation)","Poor People Problems","Puzzle Mod","Quick Restart","Relic Filter","StSLib","The Marked","The Servant 0.9.4","WarShipGirlsR/????R mod","Yakumo Yukari mod"],"gold_per_floor":[118,131,71,91,104,104,122,122,122,155,165,182,232,258,258,332,332,349,362,255,271,109,109,139,139,192,192,192,192,205,236,236,236,236],"floor_reached":33,"language":"ENG","playtime":1133,"items_purged":["Strike_G","Strike_G"],"score":624,"play_id":"a0ec2c99-a70c-4f14-89b9-de50d2a5120e","local_time":"20210116233609","is_ascension_mode":true,"campfire_choices":[{"data":"Neutralize","floor":6,"key":"SMITH"},{"data":"All Out Attack","floor":8,"key":"SMITH"},{"data":"A Thousand Cuts","floor":15,"key":"SMITH"},{"floor":23,"key":"REST"},{"floor":27,"key":"REST"},{"floor":29,"key":"REST"},{"floor":32,"key":"REST"}],"circlet_count":0,"master_deck":["AscendersBane","Strike_G","Defend_G","Defend_G","Defend_G","Defend_G","Survivor","Neutralize+1","Dash","All Out Attack+1","Dash","Deflect","Noxious Fumes+1","After Image","Cloak And Dagger","Flying Knee","A Thousand Cuts+1","Acrobatics","Phantasmal Killer+1","Backflip","Deflect","Cloak And Dagger+1","Quick Slash","Deflect","Envenom+1","Blade Dance+1"],"relics":["Hammer of Thor","Seething Fire","Anvil of the Gods","Runic Dome","Smiling Mask","Blue Candle","Ancient Tea Set","Boot","SlaversCollar","Lantern","Art of War","Thread and Needle","Shuriken"],"acts_visited":["Exordium","TheCity"],"potions_floor_usage":[10,16,16,19,24,24],"damage_taken":[{"damage":2,"enemies":"2 Louse","floor":1,"turns":3},{"damage":4,"enemies":"Jaw Worm","floor":2,"turns":6},{"damage":4,"enemies":"Small Slimes","floor":4,"turns":3},{"damage":0,"enemies":"2 Fungi Beasts","floor":5,"turns":4},{"damage":8,"enemies":"Red Slaver","floor":7,"turns":5},{"damage":0,"enemies":"Lagavulin","floor":10,"turns":5},{"damage":0,"enemies":"Gremlin Gang","floor":11,"turns":2},{"damage":0,"enemies":"Exordium Wildlife","floor":12,"turns":4},{"damage":3,"enemies":"Hexaghost","floor":16,"turns":9},{"damage":12,"enemies":"2 Thieves","floor":18,"turns":4},{"damage":9,"enemies":"Shell Parasite","floor":19,"turns":6},{"damage":27,"enemies":"Snake Plant","floor":21,"turns":6},{"damage":21,"enemies":"Gremlin Leader","floor":24,"turns":7},{"damage":33,"enemies":"Cultist and Chosen","floor":30,"turns":7},{"damage":12,"enemies":"Book of Stabbing","floor":31,"turns":7},{"damage":30,"enemies":"Champ","floor":33,"turns":9}],"seed_played":"-5082702404633703028","potions_obtained":[{"floor":1,"key":"Weak Potion"},{"floor":4,"key":"FearPotion"},{"floor":10,"key":"Swift Potion"},{"floor":16,"key":"Explosive Potion"},{"floor":18,"key":"Weak Potion"}],"is_trial":false,"path_per_floor":["M","M","?","M","M","R","M","R","T","E","M","M","T","T","R","B",null,"M","M","$","M","$","R","E","?","T","R","T","R","M","E","R","B"],"character_chosen":"THE_SILENT","items_purchased":["Dexterity Potion","Quick Slash","Deflect"],"campfire_rested":4,"item_purchase_floors":[20,22,22],"current_hp_per_floor":[57,53,53,49,49,49,41,41,41,41,41,41,41,41,41,38,59,47,38,38,11,11,30,9,9,9,28,28,47,14,2,21,0,0],"gold":236,"neow_bonus":"BOSS_RELIC","is_daily":false,"chose_seed":false,"campfire_upgraded":3,"win_rate":0.0,"timestamp":1610858169,"path_taken":["M","M","?","M","M","R","M","R","T","E","?","M","?","?","R","BOSS","M","?","$","M","$","R","E","?","T","R","?","R","M","E","R","BOSS"],"items_purchased_type":["Potion","Card","Card"],"build_version":"2020-12-22","purchased_purges":2,"victory":false,"max_hp_per_floor":[66,66,66,66,66,66,66,66,66,66,66,66,66,66,66,66,66,66,66,66,66,66,66,66,66,66,66,66,66,66,66,66,66,66],"card_choices":[{"not_picked":["Expertise","Underhanded Strike"],"picked":"Dash","floor":1},{"not_picked":["Deflect","Heel Hook"],"picked":"All Out Attack","floor":2},{"not_picked":[],"picked":"Dash","floor":3},{"not_picked":[],"picked":"Deflect","floor":3},{"not_picked":[],"picked":"Noxious Fumes","floor":3},{"not_picked":[],"picked":"After Image","floor":3},{"not_picked":["Deadly Poison","PiercingWail"],"picked":"Cloak And Dagger","floor":4},{"not_picked":["Setup","Poisoned Stab"],"picked":"Flying Knee","floor":5},{"not_picked":["Bane","Tactician","Slice"],"picked":"SKIP","floor":7},{"not_picked":["Skewer","Choke"],"picked":"A Thousand Cuts","floor":10},{"not_picked":["Outmaneuver","Dodge and Roll"],"picked":"Acrobatics","floor":11},{"not_picked":["Predator","Sucker Punch","Acrobatics"],"picked":"SKIP","floor":12},{"not_picked":["Venomology","Wraith Form v2"],"picked":"Phantasmal Killer","floor":16},{"not_picked":["Crippling Poison","Sucker Punch"],"picked":"Backflip","floor":18},{"not_picked":["Caltrops","Crippling Poison"],"picked":"Deflect","floor":19},{"not_picked":["Eviscerate","Dagger Throw"],"picked":"Cloak And Dagger","floor":21},{"not_picked":["Prepared","Backflip"],"picked":"Envenom","floor":24},{"not_picked":["Flying Knee+1","Prepared","Choke+1"],"picked":"SKIP","floor":30},{"not_picked":["Slice","Reflex"],"picked":"Blade Dance","floor":31}],"player_experience":1137778,"relics_obtained":[{"floor":9,"key":"Smiling Mask"},{"floor":10,"key":"Blue Candle"},{"floor":13,"key":"Ancient Tea Set"},{"floor":14,"key":"Boot"},{"floor":24,"key":"Lantern"},{"floor":26,"key":"Art of War"},{"floor":28,"key":"Thread and Needle"},{"floor":31,"key":"Shuriken"}],"event_choices":[{"damage_healed":0,"gold_gain":0,"player_choice":"Smashed Altar","damage_taken":0,"max_hp_gain":0,"max_hp_loss":0,"event_name":"Forgotten Altar","floor":25,"gold_loss":0,"cards_obtained":["Decay"]}],"is_beta":false,"boss_relics":[{"not_picked":["HoveringKite","Fusion Hammer"],"picked":"SlaversCollar"}],"items_purged_floors":[20,22],"is_endless":false,"potions_floor_spawned":[1,4,10,12,16,18,21],"killed_by":"Champ","ascension_level":20}}