{"host":"9j9ju8r45kuhshxi","time":1610908913,"event":{"mods":["BaseMod","Colored Map","Colored Powertips","Highlight Path","Minty Spire (QoL Compilation)","Replay The Spire","Ryuuou龙王","StSLib","[功能]功能增强和修复MOD"],"gold_per_floor":[114,96,110,110,121,155,155,187,187,221,221,232,264,389,389,492,492,502,530,520,573,513,542,542,580,580,623,653,696,718,753,753,851,878,916,925,874,910,910,910,937,981,981,991,1022,1022,1057,1078,1078,1078,1078,1078,1073,1115,1115],"floor_reached":56,"language":"ZHS","playtime":3254,"items_purged":["Strike_B","Strike_B","Defend_B","Defend_B","Defend_B","Defend_B","Strike_B","Shame","Replay:Sssssssssstrike","Consume","Replay:Sssssssssstrike","Coolheaded","Dualcast+1","Hologram","Hello World","Meteor Strike","Ball Lightning","Conserve Battery+1","Go for the Eyes+1","Rip and Tear+1","Gash+1","Redo","BasicCrystalCard","ReplayRNGCard"],"score":2426,"play_id":"b4bb096f-290b-40e0-9c92-b691db8222c6","local_time":"20210118024153","is_ascension_mode":true,"campfire_choices":[{"floor":7,"key":"RECALL"},{"data":"ReplayTheSpireMod:Fabricate Wheel","floor":15,"key":"SMITH"},{"data":"Biased Cognition","floor":24,"key":"SMITH"},{"data":"Reboot","floor":32,"key":"SMITH"},{"data":"Echo Form","floor":40,"key":"SMITH"},{"data":"Electrodynamics","floor":49,"key":"SMITH"},{"data":"FIFO Queue","floor":49,"key":"SMITH"},{"data":"Skim","floor":52,"key":"SMITH"},{"data":"ReplayTheSpireMod:Calculation Training","floor":52,"key":"SMITH"}],"circlet_count":0,"master_deck":["AscendersBane","Genetic Algorithm+1","Lockon","Electrodynamics+1","Skim+1","Self Repair","ReplayTheSpireMod:Calculation Training+1","Biased Cognition+1","Consume+1","Glacier","Crystallizer","Reboot+1","Loop","Defragment+1","Panic Button+1","Rainbow+1","Tempest+1","Hello World+1","Chill+1","BasicCrystalCard+1","Coolheaded+1","Echo Form+1","Heatsinks","FIFO Queue+1","Consume+1","ReplaySolidLightProjector+1"],"relics":["Cracked Core","Membership Card","Meat on the Bone","ReplayTheSpireMod:Shallot","Sling","Thread and Needle","Blue Doll","Bottled Flame","Replay:Bottled Snecko","Quantum Egg","Tiny Chest","Shovel","ReplayTheSpireMod:CursedCoin","Akabeko","Matryoshka","Nuclear Battery","Red Mask","TheAbacus","Iron Hammer","Replay:Bottled Flurry","War Paint","Emotion Chip","Prayer Wheel","Prayer Wheel","CeramicFish","PreservedInsect","Kunai","Prayer Wheel","Geode","Replay:Mystery Machine","Toy Ornithopter","Astrolabe","Runic Capacitor","Solar Panel","Replay:Bottled Eggs","OrangePellets","Darkstone Periapt","StrikeDummy","Lantern","Replay:Arrowhead","White Beast Statue","Raider\u0027s Mask","TungstenRod","Oddly Smooth Stone","Bag of Marbles","Frozen Eye","Symbiotic Virus","Eternal Feather","Shuriken"],"acts_visited":["Exordium","TheCity","TheBeyond","TheEnding"],"potions_floor_usage":[3,6,6,6,16,16,16,25,27,27,28,28,28,29,29,30,30,33,35,38,42,42,48,50,50,55,55,55],"damage_taken":[{"damage":0,"enemies":"Small Slimes","floor":1,"turns":3},{"damage":4,"enemies":"Cultist","floor":3,"turns":3},{"damage":0,"enemies":"Jaw Worm","floor":5,"turns":2},{"damage":0,"enemies":"3 Sentries","floor":6,"turns":3},{"damage":5,"enemies":"Gremlin Nob","floor":8,"turns":3},{"damage":0,"enemies":"3 Sentries","floor":10,"turns":1},{"damage":0,"enemies":"Large Slime","floor":12,"turns":2},{"damage":4,"enemies":"Replay:BlueRogue","floor":13,"turns":2},{"damage":0,"enemies":"Hexaghost","floor":16,"turns":2},{"damage":7,"enemies":"Shell Parasite","floor":18,"turns":2},{"damage":0,"enemies":"Masked Bandits","floor":19,"turns":1},{"damage":0,"enemies":"Book of Stabbing","floor":23,"turns":2},{"damage":2,"enemies":"Gremlin Leader","floor":25,"turns":3},{"damage":4,"enemies":"Replay:Snechameleon","floor":27,"turns":5},{"damage":0,"enemies":"Spheric Guardian","floor":28,"turns":2},{"damage":0,"enemies":"Gremlin Leader","floor":29,"turns":1},{"damage":0,"enemies":"Shelled Parasite and Fungi","floor":30,"turns":1},{"damage":5,"enemies":"Replay:Snechameleon","floor":31,"turns":2},{"damage":0,"enemies":"Champ","floor":33,"turns":1},{"damage":0,"enemies":"3 Shapes","floor":35,"turns":2},{"damage":0,"enemies":"3 Darklings","floor":38,"turns":3},{"damage":0,"enemies":"Maw","floor":41,"turns":2},{"damage":0,"enemies":"R_Hoarder","floor":42,"turns":1},{"damage":0,"enemies":"Sphere and 2 Shapes","floor":44,"turns":2},{"damage":0,"enemies":"Reptomancer","floor":45,"turns":1},{"damage":0,"enemies":"Giant Head","floor":47,"turns":3},{"damage":0,"enemies":"3 Darklings","floor":48,"turns":3},{"damage":23,"enemies":"Awakened One","floor":50,"turns":8},{"damage":0,"enemies":"Shield and Spear","floor":54,"turns":1},{"damage":33,"enemies":"The Heart","floor":55,"turns":5}],"seed_played":"6196314092559715990","potions_obtained":[{"floor":1,"key":"SpeedPotion"},{"floor":3,"key":"LiquidBronze"},{"floor":8,"key":"Fire Potion"},{"floor":8,"key":"FocusPotion"},{"floor":8,"key":"Adrenaline Potion"},{"floor":13,"key":"PotionOfCapacity"},{"floor":16,"key":"FocusPotion"},{"floor":19,"key":"Toxic Potion"},{"floor":23,"key":"Energy Potion"},{"floor":25,"key":"SkillPotion"},{"floor":27,"key":"Weak Potion"},{"floor":27,"key":"SpeedPotion"},{"floor":27,"key":"Explosive Potion"},{"floor":28,"key":"Adrenaline Potion"},{"floor":28,"key":"Adrenaline Potion"},{"floor":29,"key":"ColorlessPotion"},{"floor":29,"key":"LiquidBronze"},{"floor":31,"key":"Dexterity Potion"},{"floor":33,"key":"Explosive Potion"},{"floor":33,"key":"Adrenaline Potion"},{"floor":38,"key":"Explosive Potion"},{"floor":38,"key":"SkillPotion"},{"floor":42,"key":"SteroidPotion"},{"floor":42,"key":"EssenceOfSteel"},{"floor":45,"key":"FocusPotion"},{"floor":48,"key":"PotionOfCapacity"},{"floor":54,"key":"Elixir"}],"is_trial":false,"path_per_floor":["M","$","M","$","M","E","R","E","T","E","?","M","E","$","R","B",null,"M","?","$","T","?","E","R","E","T","E","M","E","M","E","R","B",null,"M","?","$","M","$","R","M","E","T","M","E","$","E","M","R","B",null,"R","$","E","B",null],"character_chosen":"DEFECT","items_purchased":["Membership Card","Meat on the Bone","ReplayTheSpireMod:Shallot","Genetic Algorithm","Static Discharge","Barrage","EssenceOfSteel","PotionOfCapacity","Sling","Thread and Needle","Blue Doll","Electrodynamics","ReplayTheSpireMod:CursedCoin","Akabeko","Matryoshka","ReplayTheSpireMod:Calculation Training","Hello World","Replay:Sssssssssstrike","TheAbacus","Iron Hammer","Glacier","Gash+1","Crystallizer","Replay:Bottled Flurry","Runic Capacitor","Solar Panel","Replay:Bottled Eggs","BasicCrystalCard+1","OrangePellets","Darkstone Periapt","StrikeDummy","Raider\u0027s Mask","TungstenRod","Oddly Smooth Stone","Frozen Eye","Symbiotic Virus","Eternal Feather","DuplicationPotion","Explosive Potion"],"campfire_rested":0,"item_purchase_floors":[2,2,2,2,2,2,2,2,4,4,4,4,14,14,14,14,14,14,20,20,20,20,20,20,37,37,37,37,39,39,39,46,46,46,53,53,53,53,53],"current_hp_per_floor":[68,68,64,64,64,64,64,59,59,59,59,59,55,55,55,55,70,63,63,63,63,63,63,63,61,61,64,64,64,64,59,59,64,72,75,75,75,75,75,75,75,75,75,75,75,75,75,75,75,63,72,72,72,75,56],"gold":1115,"neow_bonus":"ONE_RANDOM_RARE_CARD","is_daily":false,"chose_seed":false,"campfire_upgraded":8,"win_rate":0.0,"timestamp":1610908913,"path_taken":["M","$","M","$","M","E","R","E","T","E","?","?","E","$","R","BOSS","M","?","$","?","?","E","R","E","T","E","M","E","M","E","R","BOSS","M","?","$","M","$","R","M","E","T","M","E","$","E","M","R","BOSS","R","$","E","BOSS"],"items_purchased_type":["Relic","Relic","Relic","Card","Card","Card","Potion","Potion","Relic","Relic","Relic","Card","Relic","Relic","Relic","Card","Card","Card","Relic","Relic","Card","Card","Card","Relic","Relic","Relic","Relic","Card","Relic","Relic","Relic","Relic","Relic","Relic","Relic","Relic","Relic","Potion","Potion"],"build_version":"2020-12-22","purchased_purges":24,"victory":true,"max_hp_per_floor":[75,75,75,75,75,75,75,75,75,75,75,75,75,75,75,75,75,75,75,75,75,75,75,75,75,75,75,75,75,75,75,75,75,75,75,75,75,75,75,75,75,75,75,75,75,75,75,75,75,75,75,75,75,75,75],"card_choices":[{"not_picked":["Hologram","Stack"],"picked":"Time Bomb","floor":1},{"not_picked":["Go for the Eyes","Blizzard"],"picked":"Lockon","floor":3},{"not_picked":["Chaos","Compile Driver"],"picked":"Skim","floor":5},{"not_picked":["Gash","Rip and Tear"],"picked":"Redo","floor":6},{"not_picked":["Go for the Eyes","Stack"],"picked":"ReplayRNGCard","floor":8},{"not_picked":["Compile Driver","Static Discharge"],"picked":"BasicCrystalCard","floor":10},{"not_picked":["BasicCrystalCard","Static Discharge"],"picked":"Ball Lightning","floor":12},{"not_picked":["BasicCrystalCard","Stack"],"picked":"Self Repair","floor":13},{"not_picked":["Seek","Mirror Shield"],"picked":"Biased Cognition","floor":16},{"not_picked":["Lockon","Beam Cell"],"picked":"Consume","floor":18},{"not_picked":["Stack+1","Scrape"],"picked":"Consume+1","floor":19},{"not_picked":["Ball Lightning+1","Sunder","BasicCrystalCard"],"picked":"SKIP","floor":23},{"not_picked":["Cold Snap","Panic Button"],"picked":"Go for the Eyes+1","floor":25},{"not_picked":["Sweeping Beam","ReplayTheSpireMod:Calculation Training+1"],"picked":"Reboot","floor":27},{"not_picked":["Leap","Streamline+1"],"picked":"Loop","floor":28},{"not_picked":["Melter","Conserve Battery"],"picked":"Coolheaded","floor":28},{"not_picked":["Hologram","Crystallizer","Leap"],"picked":"SKIP","floor":28},{"not_picked":["BasicCrystalCard","Steam+1","Aggregate"],"picked":"SKIP","floor":28},{"not_picked":["ReplayGash","Doom and Gloom"],"picked":"Defragment+1","floor":29},{"not_picked":["Scrape","Conserve Battery"],"picked":"Panic Button+1","floor":30},{"not_picked":["Mirror Shield","Rebound","Stack"],"picked":"SKIP","floor":30},{"not_picked":["Time Bomb","Rip and Tear","Ball Lightning"],"picked":"SKIP","floor":30},{"not_picked":["BasicCrystalCard+1","ReplayGash+1","Self Repair"],"picked":"SKIP","floor":30},{"not_picked":["Turbo","Rebound+1","Hologram"],"picked":"SKIP","floor":31},{"not_picked":["Consume","Barrage+1"],"picked":"Tempest+1","floor":35},{"not_picked":["Sweeping Beam+1","Cold Snap"],"picked":"Hello World+1","floor":35},{"not_picked":["Sunder","Coolheaded+1"],"picked":"Chill+1","floor":35},{"not_picked":["Barrage+1","Go for the Eyes","Ball Lightning+1"],"picked":"SKIP","floor":35},{"not_picked":["Compile Driver","Ball Lightning"],"picked":"Coolheaded+1","floor":38},{"not_picked":["Go for the Eyes","Steam"],"picked":"Echo Form","floor":38},{"not_picked":["Turbo","FTL+1","Aggregate+1"],"picked":"SKIP","floor":38},{"not_picked":["Sunder+1","Sweeping Beam","Turbo"],"picked":"SKIP","floor":38},{"not_picked":["Thunder Strike","Gash+1"],"picked":"Heatsinks","floor":41},{"not_picked":["Cold Snap","Turbo+1","ReplayTheSpireMod:GoodbyeWorld"],"picked":"SKIP","floor":41},{"not_picked":["Go for the Eyes","Sweeping Beam","Rebound+1"],"picked":"SKIP","floor":41},{"not_picked":["Recycle+1","ReplayGash+1","Beam Cell"],"picked":"SKIP","floor":41},{"not_picked":["Chill","Streamline+1"],"picked":"FIFO Queue","floor":42},{"not_picked":["Loop","Stack","Coolheaded"],"picked":"SKIP","floor":44},{"not_picked":["Barrage+1","Streamline","Compile Driver"],"picked":"SKIP","floor":44},{"not_picked":["Conserve Battery","Leap","Panic Button+1"],"picked":"SKIP","floor":44},{"not_picked":["Auto Shields+1","Multi-Cast","Go for the Eyes"],"picked":"SKIP","floor":44},{"not_picked":["Ball Lightning","Blizzard","Double Energy"],"picked":"SKIP","floor":45},{"not_picked":["Loop","ReplayGash+1","Stack"],"picked":"SKIP","floor":47},{"not_picked":["Loop","ReplayGash+1","Stack"],"picked":"SKIP","floor":47},{"not_picked":["Sweeping Beam+1","Time Bomb"],"picked":"Consume+1","floor":48},{"not_picked":["Reprogram+1","Darkness+1","Barrage"],"picked":"SKIP","floor":48},{"not_picked":["Panic Button+1","Compile Driver+1","Stack"],"picked":"SKIP","floor":48},{"not_picked":["Turbo","Beam Cell","Storm+1"],"picked":"SKIP","floor":48},{"not_picked":["Beam Cell","Reprogram"],"picked":"ReplaySolidLightProjector+1","floor":54}],"player_experience":151417,"relics_obtained":[{"floor":6,"key":"Bottled Flame"},{"floor":8,"key":"Replay:Bottled Snecko"},{"floor":9,"key":"Quantum Egg"},{"floor":10,"key":"Tiny Chest"},{"floor":13,"key":"Shovel"},{"floor":19,"key":"Red Mask"},{"floor":21,"key":"War Paint"},{"floor":23,"key":"Emotion Chip"},{"floor":25,"key":"CeramicFish"},{"floor":26,"key":"PreservedInsect"},{"floor":26,"key":"Kunai"},{"floor":27,"key":"Geode"},{"floor":29,"key":"Replay:Mystery Machine"},{"floor":31,"key":"Toy Ornithopter"},{"floor":42,"key":"Lantern"},{"floor":43,"key":"Replay:Arrowhead"},{"floor":45,"key":"White Beast Statue"},{"floor":47,"key":"Bag of Marbles"},{"floor":54,"key":"Shuriken"}],"event_choices":[{"damage_healed":0,"gold_gain":0,"cards_transformed":["Strike_B"],"player_choice":"Transformed","damage_taken":0,"max_hp_gain":0,"max_hp_loss":0,"event_name":"Transmorgrifier","floor":11,"gold_loss":0,"cards_obtained":["Meteor Strike"]},{"damage_healed":0,"gold_gain":0,"player_choice":"Fought Bandits","damage_taken":0,"max_hp_gain":0,"max_hp_loss":0,"event_name":"Masked Bandits","floor":19,"gold_loss":0},{"damage_healed":0,"gold_gain":0,"cards_transformed":["Time Bomb"],"player_choice":"Transformed","damage_taken":0,"max_hp_gain":0,"max_hp_loss":0,"event_name":"Transmorgrifier","floor":36,"gold_loss":0,"cards_obtained":["Hologram"]}],"is_beta":false,"boss_relics":[{"not_picked":["Pandora\u0027s Box","Calling Bell"],"picked":"Nuclear Battery"},{"not_picked":["Runic Dome","Fusion Hammer"],"picked":"Astrolabe"}],"items_purged_floors":[2,2,2,2,14,14,14,14,14,20,20,37,37,37,37,37,37,37,37,37,37,37,37,53],"is_endless":false,"potions_floor_spawned":[1,3,3,5,5,8,8,8,12,13,13,13,16,19,23,23,25,27,27,27,27,28,28,29,29,31,33,33,38,38,42,42,44,44,45,45,47,47,47,47,48,48,48,54,54,54,54],"ascension_level":10}}