{"host":"tmgdm9kau0qip004","time":1610869482,"event":{"mods":["BaseMod","Downfall","Marisa£®ÏF”Í°°ƒß¿Ì…≥£©","Minty Spire (QoL Compilation)","READ ME - Guardian Mod","Remilia£®¿Ÿ√◊¿Ú—«£©","StSLib","The Necromancer","The Senshi","vexMod"],"gold_per_floor":[99,116,26,38,38,52,132,132,152,168,168,179,179,25,39,39,39,39],"floor_reached":16,"language":"ZHS","playtime":819,"items_purged":["Guardian:Strike_Guardian","Guardian:Defend_Guardian"],"score":94,"play_id":"f99a0495-c80a-41e7-a36a-fc75bd2aaaed","local_time":"20210117154442","is_ascension_mode":false,"campfire_choices":[{"floor":1,"key":"RECALL"},{"floor":11,"key":"REST"},{"floor":13,"key":"REST"}],"circlet_count":0,"master_deck":["Guardian:Strike_Guardian","Guardian:Strike_Guardian","Guardian:Strike_Guardian","Guardian:Defend_Guardian","Guardian:Defend_Guardian","Guardian:Defend_Guardian","Guardian:CurlUp","Guardian:TwinSlam","Guardian:RevengeProtocol","Guardian:RollAttack","Guardian:PrismaticBarrier","Guardian:WalkerClaw","Guardian:Gem_Crimson","Guardian:SpikerProtocol","Guardian:RevengeProtocol"],"relics":["Guardian:ModeShifter","Guardian:PickAxe","Ornamental Fan"],"acts_visited":["Exordium"],"potions_floor_usage":[16,16,16],"damage_taken":[{"damage":7,"enemies":"2 Louse","floor":2,"turns":3},{"damage":0,"enemies":"downfall:FleeingMerchant","floor":3,"turns":4},{"damage":6,"enemies":"Jaw Worm","floor":4,"turns":4},{"damage":15,"enemies":"Jaw Worm","floor":5,"turns":5},{"damage":0,"enemies":"Cultist","floor":6,"turns":4},{"damage":19,"enemies":"Red Slaver","floor":9,"turns":6},{"damage":13,"enemies":"3 Louse","floor":10,"turns":5},{"damage":6,"enemies":"Gremlin Gang","floor":12,"turns":6},{"damage":5,"enemies":"downfall:FleeingMerchant","floor":14,"turns":4},{"damage":22,"enemies":"Red Slaver","floor":15,"turns":5},{"damage":52,"enemies":"WA_ARCHETYPE_RETAIN","floor":16,"turns":9}],"seed_played":"-1665057201747621314","potions_obtained":[{"floor":6,"key":"SpeedPotion"},{"floor":10,"key":"Weak Potion"},{"floor":12,"key":"ColorlessPotion"}],"is_trial":false,"path_per_floor":["R","M","$","M","?","M","T","?","M","M","R","M","R","$","M","B"],"character_chosen":"GUARDIAN","items_purchased":["Guardian:SpikerProtocol"],"campfire_rested":2,"item_purchase_floors":[14],"current_hp_per_floor":[88,81,81,75,60,60,60,60,41,28,54,48,74,69,47,0,0,0],"gold":39,"neow_bonus":"TEN_PERCENT_HP_BONUS","is_daily":false,"chose_seed":false,"campfire_upgraded":0,"win_rate":0.0,"timestamp":1610869482,"path_taken":["R","M","$","M","?","M","T","?","?","M","R","M","R","?","M","BOSS"],"items_purchased_type":["Card"],"build_version":"2020-12-22","purchased_purges":2,"victory":false,"max_hp_per_floor":[88,88,88,88,88,88,88,88,88,88,88,88,88,88,88,88,88,88],"card_choices":[{"not_picked":["Guardian:Gem_Cyan","Guardian:ArmoredProtocol"],"picked":"Guardian:Gem_Purple","floor":2},{"not_picked":["Guardian:TemporalStrike","Guardian:Gem_Cyan"],"picked":"Guardian:RevengeProtocol","floor":3},{"not_picked":["Guardian:Gem_Red","Guardian:Recover"],"picked":"Guardian:RollAttack","floor":4},{"not_picked":["Guardian:PrimingBeam","Guardian:PolyBeam"],"picked":"Guardian:PrismaticBarrier","floor":6},{"not_picked":["Guardian:RefractedBeam","Guardian:Planning","Guardian:TemporalStrike"],"picked":"SKIP","floor":9},{"not_picked":["Guardian:Harden","Guardian:CrystalBeam"],"picked":"Guardian:Gem_Lightblue","floor":10},{"not_picked":["Guardian:Gem_Purple","Guardian:Gem_Yellow"],"picked":"Guardian:WalkerClaw","floor":12},{"not_picked":["Guardian:TemporalShield","Guardian:Suspension"],"picked":"Guardian:Gem_Crimson","floor":14},{"not_picked":["Guardian:Emergency","Guardian:ChargeCore"],"picked":"Guardian:RevengeProtocol","floor":15}],"player_experience":115407,"relics_obtained":[{"floor":7,"key":"Ornamental Fan"}],"event_choices":[],"is_beta":false,"boss_relics":[],"items_purged_floors":[3,14],"is_endless":false,"potions_floor_spawned":[6,10,12,15],"killed_by":"WA_ARCHETYPE_RETAIN","ascension_level":0}}