{"host":"8d3fefv2347kqkpz","time":1610853236,"event":{"mods":["100% Spire Juice","BaseMod","Better Vampires","Colored Map","Minty Spire (QoL Compilation)","Quick Restart","Replay The Spire","StSLib","The Gatherer","Waifu the Spire"],"gold_per_floor":[216,141,141,141,158,169,32,62,62,79,103,131,143,143,154,164,164,269,269,279,291,112,112,87,121,121,121,121],"floor_reached":27,"language":"ZHS","playtime":1536,"items_purged":["Strike_R","Defend_R","Strike_R"],"score":243,"play_id":"34e35545-3bac-449c-a2fb-005458551772","local_time":"20210117111356","is_ascension_mode":false,"campfire_choices":[{"floor":9,"key":"REST"},{"floor":17,"key":"REST"}],"circlet_count":0,"master_deck":["Strike_R","Strike_R","Defend_R","Defend_R","Inflame","Rampage","Heavy Blade+1","Sword Boomerang","Warcry","Spot Weakness","Cleave","Double Tap","Armaments","Warcry","ReplayTheSpireMod:LeadingStrike+1"],"relics":["Burning Blood","Replay:Rubber Ducky","Blood Vial","Bronze Scales","Empty Cage","Tiny Chest"],"acts_visited":["Exordium","TheCity"],"potions_floor_usage":[16,18,20,25,25,25],"damage_taken":[{"damage":5,"enemies":"Cultist","floor":1,"turns":4},{"damage":10,"enemies":"2 Louse","floor":5,"turns":3},{"damage":10,"enemies":"Jaw Worm","floor":6,"turns":4},{"damage":39,"enemies":"Lagavulin","floor":8,"turns":6},{"damage":1,"enemies":"Gremlin Gang","floor":10,"turns":5},{"damage":47,"enemies":"3 Sentries","floor":12,"turns":9},{"damage":8,"enemies":"Blue Slaver","floor":13,"turns":3},{"damage":15,"enemies":"Large Slime","floor":15,"turns":6},{"damage":2,"enemies":"Exordium Thugs","floor":16,"turns":3},{"damage":21,"enemies":"Fading Forest","floor":18,"turns":11},{"damage":23,"enemies":"3 Byrds","floor":20,"turns":3},{"damage":22,"enemies":"Spheric Guardian","floor":21,"turns":4},{"damage":38,"enemies":"Book of Stabbing","floor":25,"turns":4},{"damage":19,"enemies":"Chosen and Byrds","floor":27,"turns":4}],"seed_played":"6912440537770537054","potions_obtained":[{"floor":12,"key":"FearPotion"},{"floor":13,"key":"Venom Potion"},{"floor":15,"key":"Fire Potion"},{"floor":18,"key":"PowerPotion"},{"floor":21,"key":"Swift Potion"},{"floor":23,"key":"AttackPotion"},{"floor":23,"key":"CultistPotion"},{"floor":23,"key":"EntropicBrew"}],"is_trial":false,"path_per_floor":["M","$","PTL","PTL","M","M","$","E","R","M","T","E","M","?","M","M","R","B",null,"M","M","$","?","$","E","?","M"],"character_chosen":"IRONCLAD","items_purchased":["Heavy Blade+1","Armaments","Warcry"],"campfire_rested":2,"item_purchase_floors":[7,22,24],"current_hp_per_floor":[80,80,80,80,76,72,72,39,63,68,68,29,29,29,22,28,52,49,80,63,49,49,49,49,19,13,0,0],"gold":121,"neow_bonus":"HUNDRED_GOLD","is_daily":false,"chose_seed":false,"campfire_upgraded":0,"win_rate":0.0,"timestamp":1610853236,"path_taken":["M","$","PTL","PTL","M","M","$","E","R","M","T","E","M","?","M","M","R","BOSS","M","M","$","?","?","E","?","M"],"items_purchased_type":["Card","Card","Card"],"build_version":"2020-12-22","purchased_purges":3,"victory":false,"max_hp_per_floor":[80,80,80,80,80,80,80,80,80,80,80,80,80,80,80,80,80,80,80,80,80,80,80,80,80,80,80,80],"card_choices":[{"not_picked":["Clothesline","Second Wind"],"picked":"Inflame","floor":1},{"not_picked":["Life Link","Reckless Charge"],"picked":"Rampage","floor":5},{"not_picked":["Power Through","ReplayTheSpireMod:LeadingStrike","Havoc"],"picked":"SKIP","floor":6},{"not_picked":["Defy Death","Flame Barrier"],"picked":"Sword Boomerang","floor":8},{"not_picked":["Shockwave","Armaments","Uppercut"],"picked":"SKIP","floor":10},{"not_picked":["Bloodletting","Impervious"],"picked":"Warcry","floor":12},{"not_picked":["Rage","ReplayTheSpireMod:Corrosion Curse"],"picked":"Spot Weakness","floor":13},{"not_picked":["Sentinel","Shrug It Off"],"picked":"Cleave","floor":15},{"not_picked":["Havoc","Feel No Pain","ReplayTheSpireMod:Limb From Limb"],"picked":"SKIP","floor":16},{"not_picked":["Hemogenesis","Eclipse"],"picked":"Double Tap","floor":18},{"not_picked":["Clash","Iron Wave","Life Link"],"picked":"SKIP","floor":20},{"not_picked":["Havoc","Run Through+1","Dark Embrace"],"picked":"SKIP","floor":21},{"not_picked":["Clash+1","Thunderclap"],"picked":"ReplayTheSpireMod:LeadingStrike+1","floor":25}],"player_experience":64928,"relics_obtained":[{"floor":8,"key":"Replay:Rubber Ducky"},{"floor":11,"key":"Blood Vial"},{"floor":12,"key":"Bronze Scales"},{"floor":25,"key":"Tiny Chest"}],"event_choices":[{"damage_healed":0,"gold_gain":0,"player_choice":"Got Potions","damage_taken":0,"max_hp_gain":0,"max_hp_loss":0,"event_name":"Lab","floor":23,"gold_loss":0},{"damage_healed":0,"gold_gain":0,"player_choice":"","damage_taken":6,"max_hp_gain":0,"max_hp_loss":0,"event_name":"Knowing Skull","floor":26,"potions_obtained":[],"gold_loss":0,"cards_obtained":[]}],"is_beta":false,"boss_relics":[{"not_picked":["Painkiller Herb","Black Star"],"picked":"Empty Cage"}],"items_purged_floors":[2,7,22],"is_endless":false,"potions_floor_spawned":[12,13,15,18,21],"killed_by":"Chosen and Byrds","ascension_level":0}}