{"host":"qyjrmrr57odine7m","time":1610878624,"event":{"mods":["AchievementEnabler","BaseMod","Bestiary","Block Reminder","Card Forge","Highlight Path","Minty Spire (QoL Compilation)","Permanent Neow","StSLib"],"gold_per_floor":[113,124,144,223,243,263,296,322,322,356,375,410,422,439,439,516,516,532,374,390,405,405,439,439,439,439,474,474,503,179,191,191,265,265,278,303,130,130,149,149,178,178,178,212,223,0,17,52,52,52],"floor_reached":51,"language":"ENG","playtime":3054,"items_purged":[],"score":1664,"play_id":"e4845b39-27f1-4454-bce0-c4c5dbb001e4","local_time":"20210117101704","is_ascension_mode":true,"campfire_choices":[{"floor":15.0,"key":"REST"},{"floor":25.0,"key":"REST"},{"floor":32.0,"key":"REST"},{"floor":40,"key":"REST"},{"floor":42,"key":"REST"},{"floor":49,"key":"REST"}],"circlet_count":0,"master_deck":["AscendersBane","Limit Break+1","Sword Boomerang+1","Heavy Blade+1","Shrug It Off+1","Shrug It Off+1","Shrug It Off+1","Evolve+1","Shrug It Off+1","Metallicize+1","Cleave+1","Immolate+1","Demon Form+1","Barricade+1","Metallicize+1","Disarm+1"],"relics":["Burning Blood","Hammer of Thor","Seething Fire","Anvil of the Gods","Question Card","Ancient Tea Set","Bottled Lightning","War Paint","Oddly Smooth Stone","Philosopher\u0027s Stone","ClockworkSouvenir","Bag of Marbles","Smiling Mask","Nunchaku","FossilizedHelix","Juzu Bracelet","Bag of Preparation","Mark of Pain","StoneCalendar","PreservedInsect","Letter Opener","The Courier","Prayer Wheel","Red Mask","Toxic Egg 2"],"acts_visited":["Exordium","TheCity","TheBeyond"],"potions_floor_usage":[38,50],"damage_taken":[{"damage":0.0,"enemies":"Cultist","floor":1.0,"turns":3.0},{"damage":0.0,"enemies":"Jaw Worm","floor":2.0,"turns":4.0},{"damage":0.0,"enemies":"Small Slimes","floor":3.0,"turns":2.0},{"damage":8.0,"enemies":"3 Louse","floor":5.0,"turns":5.0},{"damage":3.0,"enemies":"Looter","floor":6.0,"turns":3.0},{"damage":32.0,"enemies":"Gremlin Nob","floor":7.0,"turns":4.0},{"damage":20.0,"enemies":"3 Sentries","floor":10.0,"turns":6.0},{"damage":0.0,"enemies":"Blue Slaver","floor":11.0,"turns":3.0},{"damage":32.0,"enemies":"Gremlin Nob","floor":12.0,"turns":4.0},{"damage":3.0,"enemies":"Large Slime","floor":13.0,"turns":6.0},{"damage":0.0,"enemies":"Exordium Wildlife","floor":14.0,"turns":3.0},{"damage":4.0,"enemies":"The Guardian","floor":16.0,"turns":7.0},{"damage":2.0,"enemies":"Chosen","floor":18.0,"turns":2.0},{"damage":12.0,"enemies":"2 Thieves","floor":20.0,"turns":3.0},{"damage":0.0,"enemies":"Sentry and Sphere","floor":21.0,"turns":4.0},{"damage":37.0,"enemies":"Slavers","floor":23.0,"turns":3.0},{"damage":21.0,"enemies":"Gremlin Leader","floor":27.0,"turns":5.0},{"damage":17.0,"enemies":"Slavers","floor":29.0,"turns":4.0},{"damage":7.0,"enemies":"3 Cultists","floor":31.0,"turns":4.0},{"damage":19.0,"enemies":"Automaton","floor":33.0,"turns":8.0},{"damage":0.0,"enemies":"Orb Walker","floor":35.0,"turns":3.0},{"damage":7,"enemies":"Mind Bloom Boss Battle","floor":36,"turns":5},{"damage":0,"enemies":"3 Darklings","floor":38,"turns":2},{"damage":4,"enemies":"4 Shapes","floor":39,"turns":4},{"damage":0,"enemies":"Reptomancer","floor":41,"turns":5},{"damage":0,"enemies":"Giant Head","floor":44,"turns":5},{"damage":0,"enemies":"Transient","floor":45,"turns":5},{"damage":20,"enemies":"Jaw Worm Horde","floor":47,"turns":5},{"damage":0,"enemies":"Reptomancer","floor":48,"turns":5},{"damage":43,"enemies":"Awakened One","floor":50,"turns":7}],"seed_played":"1106076920391144604","potions_obtained":[{"floor":1.0,"key":"Strength Potion"},{"floor":2.0,"key":"Fire Potion"},{"floor":11.0,"key":"Explosive Potion"},{"floor":14.0,"key":"GamblersBrew"},{"floor":21.0,"key":"AttackPotion"},{"floor":27.0,"key":"Fire Potion"},{"floor":31.0,"key":"SmokeBomb"},{"floor":39,"key":"Swift Potion"}],"is_trial":false,"path_per_floor":["M","M","M","?","M","M","E","T","T","E","M","E","M","M","R","B",null,"M","$","M","M","?","E","?","R","T","E","?","E","$","M","R","B",null,"M","?","$","M","M","R","E","R","T","E","M","?","M","E","R","B",null],"character_chosen":"IRONCLAD","items_purchased":["ClockworkSouvenir","Juzu Bracelet","Bag of Preparation","PreservedInsect"],"campfire_rested":6,"item_purchase_floors":[19,30,30,37],"current_hp_per_floor":[74,75,75,75,73,75,49,49,49,35,41,15,18,24,46,48,68,72,72,66,72,72,41,41,63,63,48,27,16,16,15,39,26,67,73,72,72,78,80,80,80,80,80,80,80,80,66,72,80,43],"gold":52,"neow_bonus":"THREE_RARE_CARDS","is_daily":false,"chose_seed":false,"campfire_upgraded":0,"win_rate":0.0,"timestamp":1610878624,"path_taken":["M","M","M","?","M","M","E","?","T","E","M","E","?","M","R","BOSS","M","$","M","M","?","E","?","R","T","E","?","E","$","M","R","BOSS","M","?","$","M","M","R","E","R","T","E","M","?","M","E","R","BOSS"],"items_purchased_type":["Relic","Relic","Relic","Relic"],"build_version":"2020-12-22","purchased_purges":0,"victory":true,"max_hp_per_floor":[75,75,75,75,75,75,75,75,75,75,75,75,75,75,75,75,75,75,75,75,75,75,75,75,75,75,75,80,80,80,80,80,80,80,80,80,80,80,80,80,80,80,80,80,80,80,80,80,80,80],"card_choices":[{"not_picked":["Offering","Berserk"],"picked":"Limit Break","floor":0.0},{"not_picked":["Carnage","Second Wind"],"picked":"Sword Boomerang","floor":1.0},{"not_picked":["Havoc","Headbutt","Clothesline"],"picked":"SKIP","floor":2.0},{"not_picked":["Flex","Warcry"],"picked":"Heavy Blade","floor":3.0},{"not_picked":["Pommel Strike","Second Wind"],"picked":"Shrug It Off","floor":5.0},{"not_picked":["Shrug It Off","Dual Wield"],"picked":"Cleave","floor":6.0},{"not_picked":["Fire Breathing","Armaments"],"picked":"Shrug It Off","floor":7.0},{"not_picked":["Power Through","Immolate","Anger"],"picked":"Rampage","floor":10.0},{"not_picked":["Dual Wield","Warcry","Uppercut","Wild Strike"],"picked":"SKIP","floor":11.0},{"not_picked":["Carnage","Sever Soul","Rampage"],"picked":"Shrug It Off","floor":12.0},{"not_picked":["Iron Wave","Cleave","Second Wind"],"picked":"Flex","floor":13.0},{"not_picked":["Intimidate","Fiend Fire","Fire Breathing"],"picked":"Evolve","floor":14.0},{"not_picked":["Dual Wield","Burning Pact+1","Pommel Strike"],"picked":"Shrug It Off+1","floor":18.0},{"not_picked":["Heavy Blade","Burning Pact","Entrench"],"picked":"Metallicize","floor":20.0},{"not_picked":["Flex+1","Ghostly Armor+1","Infernal Blade"],"picked":"Cleave","floor":21.0},{"not_picked":["Power Through","Fiend Fire","Armaments"],"picked":"Wild Strike","floor":23.0},{"not_picked":["Perfected Strike","Twin Strike","Burning Pact","Cleave"],"picked":"SKIP","floor":27.0},{"not_picked":["Twin Strike","Havoc","Perfected Strike"],"picked":"Inflame","floor":29.0},{"not_picked":["Armaments","Sword Boomerang","Perfected Strike"],"picked":"Immolate","floor":31.0},{"not_picked":["Impervious","Brutality","Fiend Fire"],"picked":"Demon Form","floor":33.0},{"not_picked":["Whirlwind","Shrug It Off","Pommel Strike","Wild Strike+1"],"picked":"SKIP","floor":35},{"not_picked":["Perfected Strike","Sword Boomerang","Juggernaut","Thunderclap"],"picked":"SKIP","floor":39},{"not_picked":["Perfected Strike","Sword Boomerang","Juggernaut","Thunderclap"],"picked":"SKIP","floor":39},{"not_picked":["True Grit+1","Thunderclap","Uppercut","Headbutt"],"picked":"SKIP","floor":41},{"not_picked":["Clash","Fiend Fire","Feed"],"picked":"Metallicize","floor":44},{"not_picked":["Pommel Strike","Headbutt","Twin Strike","Thunderclap+1"],"picked":"SKIP","floor":45},{"not_picked":["Clothesline","Perfected Strike+1","Havoc","Pommel Strike+1"],"picked":"SKIP","floor":45},{"not_picked":["Anger","Twin Strike+1","Pummel"],"picked":"Disarm","floor":47},{"not_picked":["Rampage+1","Power Through+1","Clothesline","Shockwave"],"picked":"SKIP","floor":47},{"not_picked":["Havoc+1","Corruption","True Grit+1","Anger+1"],"picked":"SKIP","floor":48}],"player_experience":1251692,"relics_obtained":[{"floor":7.0,"key":"Question Card"},{"floor":8.0,"key":"Ancient Tea Set"},{"floor":9.0,"key":"Bottled Lightning"},{"floor":10.0,"key":"War Paint"},{"floor":12.0,"key":"Oddly Smooth Stone"},{"floor":23.0,"key":"Bag of Marbles"},{"floor":26.0,"key":"Smiling Mask"},{"floor":27.0,"key":"Nunchaku"},{"floor":29.0,"key":"FossilizedHelix"},{"floor":36,"key":"StoneCalendar"},{"floor":41,"key":"Letter Opener"},{"floor":43,"key":"The Courier"},{"floor":44,"key":"Prayer Wheel"},{"floor":48,"key":"Toxic Egg 2"}],"event_choices":[{"damage_healed":0.0,"max_hp_gain":0.0,"max_hp_loss":0.0,"gold_gain":79.0,"event_name":"Golden Wing","player_choice":"Gained Gold","floor":4.0,"gold_loss":0.0,"damage_taken":0.0},{"damage_healed":0.0,"max_hp_gain":0.0,"max_hp_loss":0.0,"gold_gain":0.0,"event_name":"Vampires","player_choice":"Ignored","floor":22.0,"gold_loss":0.0,"damage_taken":0.0},{"damage_healed":0.0,"max_hp_gain":0.0,"max_hp_loss":0.0,"gold_gain":0.0,"event_name":"Ghosts","player_choice":"Ignored","floor":24.0,"gold_loss":0.0,"damage_taken":0.0},{"damage_healed":0.0,"max_hp_gain":5.0,"max_hp_loss":0.0,"gold_gain":0.0,"event_name":"Forgotten Altar","player_choice":"Shed Blood","floor":28.0,"gold_loss":0.0,"damage_taken":26.0},{"damage_healed":0,"gold_gain":0,"player_choice":"Fight","damage_taken":0,"max_hp_gain":0,"max_hp_loss":0,"event_name":"MindBloom","floor":36,"gold_loss":0},{"damage_healed":0,"gold_gain":0,"player_choice":"Paid","damage_taken":0,"relics_obtained":["Red Mask"],"max_hp_gain":0,"max_hp_loss":0,"event_name":"Tomb of Lord Red Mask","floor":46,"gold_loss":223}],"is_beta":false,"boss_relics":[{"not_picked":["Pandora\u0027s Box","Tiny House"],"picked":"Philosopher\u0027s Stone"},{"not_picked":["Calling Bell","Velvet Choker"],"picked":"Mark of Pain"}],"items_purged_floors":[],"is_endless":false,"potions_floor_spawned":[1,2,11,13,14,21,23,27,31,33,39,41,47],"ascension_level":16}}