{"host":"6ve8qn5s1am4lo6s","time":1610895595,"event":{"mods":["AchievementEnabler","BaseMod","Better Altar","Better Match","Better Note","Better Vampires","BetterRewards","CapriCore","Displayed Cursed Tome","Evolution","Minty Spire (QoL Compilation)","Permanent Neow","Relic Stats","StSLib","The Animator"],"gold_per_floor":[116,127,51,51,67,67,98,98,98,98,98,98,98,98,98,199,199,226,226,237,192,207,207,226,226,226,226,236,236,263,289,289,387,387,397,420,439,439,495,495,495,495,495,512,537,537,553,553,553,561,561,561,552,634,705,777,777,34,34,34],"floor_reached":59,"language":"ENG","playtime":11973,"items_purged":["animator:Defend"],"score":953,"play_id":"2eaecbb1-903e-4620-b7ea-d59ce57f27d4","local_time":"20210117095955","is_ascension_mode":false,"campfire_choices":[{"data":"animator:Lelouch","floor":6,"key":"SMITH"},{"data":"animator:GoblinSlayer","floor":8,"key":"SMITH"},{"floor":13,"key":"RECALL"},{"floor":15,"key":"REST"},{"data":"animator:AcuraShin","floor":23,"key":"SMITH"},{"data":"animator:MumenRider","floor":25,"key":"SMITH"},{"data":"animator:Demiurge","floor":27,"key":"SMITH"},{"data":"animator:Emonzaemon","floor":29,"key":"SMITH"},{"data":"animator:CowGirl","floor":32,"key":"SMITH"},{"data":"animator:GoblinSlayer","floor":40,"key":"SMITH"},{"data":"animator:DwarfShaman","floor":42,"key":"SMITH"},{"floor":49,"key":"REST"},{"data":"animator:Defend","floor":52,"key":"PURGE"}],"circlet_count":0,"master_deck":["animator:LizardPriest+1","animator:Emonzaemon+1","animator:Emonzaemon+1","animator:Emonzaemon+1","animator:LizardPriest+1","animator:LizardPriest+1","animator:DwarfShaman+1","animator:Lelouch+1","animator:Geryuganshoop+1","animator:PandorasActor+1","animator:PandorasActor+1","animator:GoblinSlayer+1","animator:Entoma+1","animator:HighElfArcher+1","animator:AcuraShin+1","animator:Mikaela+1","animator:Demiurge","animator:MumenRider+1","animator:DwarfShaman","animator:Priestess+1","animator:Geryuganshoop+1","animator:CowGirl+1","animator:GoblinSlayer+1","animator:Evileye+1","animator:Rena+1","animator:GuildGirl","animator:DolaCouronne+1","animator:PandorasActor+1","animator:LizardPriest+1","animator:CowGirl+1","animator:IzunaHatsuse+1"],"relics":["animator:TheEgnaroPiece","animator:AncientMedallion"],"acts_visited":["TheCity","TheBeyond","TheEnding","EYB:TheUnnamedReign"],"potions_floor_usage":[10,24,30,35,37,39,39,39,47,47,50],"damage_taken":[{"damage":0.0,"enemies":"Jaw Worm","floor":1.0,"turns":3.0},{"damage":0,"enemies":"Small Slimes","floor":2,"turns":5},{"damage":0,"enemies":"2 Louse","floor":5,"turns":3},{"damage":11,"enemies":"Exordium Wildlife","floor":7,"turns":4},{"damage":0,"enemies":"Gremlin Gang","floor":10,"turns":3},{"damage":22,"enemies":"Slime Boss","floor":16,"turns":8},{"damage":0,"enemies":"Chosen","floor":18,"turns":4},{"damage":0,"enemies":"3 Byrds","floor":20,"turns":4},{"damage":15,"enemies":"Sentry and Sphere","floor":22,"turns":4},{"damage":6,"enemies":"Cultist and Chosen","floor":24,"turns":7},{"damage":0,"enemies":"3 Cultists","floor":28,"turns":5},{"damage":20,"enemies":"Book of Stabbing","floor":30,"turns":4},{"damage":0,"enemies":"Snake Plant","floor":31,"turns":4},{"damage":26,"enemies":"Automaton","floor":33,"turns":11},{"damage":0,"enemies":"3 Darklings","floor":35,"turns":4},{"damage":0,"enemies":"3 Shapes","floor":36,"turns":4},{"damage":20,"enemies":"Sphere and 2 Shapes","floor":37,"turns":4},{"damage":12,"enemies":"2 Orb Walkers","floor":39,"turns":5},{"damage":26,"enemies":"Jaw Worm Horde","floor":44,"turns":5},{"damage":0,"enemies":"4 Shapes","floor":45,"turns":5},{"damage":4,"enemies":"Spire Growth","floor":47,"turns":5},{"damage":22,"enemies":"Donu and Deca","floor":50,"turns":10},{"damage":39,"enemies":"animator:UNNAMED_HAT","floor":54,"turns":20},{"damage":0,"enemies":"animator:UNNAMED_CULTIST_1","floor":55,"turns":12},{"damage":3,"enemies":"animator:UNNAMED_CULTIST_2","floor":59,"turns":5}],"seed_played":"2272787359075262788","potions_obtained":[{"floor":2,"key":"SmokeBomb"},{"floor":18,"key":"FearPotion"},{"floor":28,"key":"Fire Potion"},{"floor":30,"key":"SmokeBomb"},{"floor":31,"key":"DuplicationPotion"},{"floor":33,"key":"ColorlessPotion"},{"floor":35,"key":"DistilledChaos"},{"floor":36,"key":"CultistPotion"},{"floor":37,"key":"DistilledChaos"},{"floor":39,"key":"Dexterity Potion"},{"floor":44,"key":"Block Potion"},{"floor":45,"key":"Strength Potion"},{"floor":47,"key":"Swift Potion"},{"floor":54,"key":"animator:FalseLifePotion"},{"floor":55,"key":"animator:FalseLifePotion"}],"is_trial":false,"path_per_floor":["M","M","$","?","M","R","M","R","T","M","$","?","R","?","R","B",null,"M","?","M","$","M","R","M","R","T","R","M","R","E","M","R","B",null,"M","M","M","?","?","R","T","R","T","M","M","?","M","T","R","B",null,"R","??","M","M","T","?","$","M"],"character_chosen":"THE_ANIMATOR","items_purchased":["animator:CerealBox","animator:Lelouch","animator:GoblinSlayer","animator:MumenRider","animator:AncientMedallion","animator:AncientMedallion","animator:AncientMedallion"],"campfire_rested":2,"item_purchase_floors":[0,0,3,21,58,58,58],"current_hp_per_floor":[25,25,25,7,35,35,26,26,26,28,28,14,14,14,35,15,72,74,74,74,74,59,59,53,53,53,53,54,54,34,34,34,8,75,75,75,58,58,46,46,46,46,46,22,24,24,22,22,47,25,84,84,98,59,63,63,13,13,34,34],"gold":34,"neow_bonus":"","is_daily":false,"chose_seed":false,"campfire_upgraded":9,"win_rate":0.0,"timestamp":1610895595,"path_taken":["M","M","$","?","M","R","M","R","T","M","$","?","R","?","R","BOSS","M","?","M","$","M","R","M","R","T","R","M","R","E","M","R","BOSS","M","M","?","?","?","R","?","R","T","M","?","?","?","?","R","BOSS","R","??","M","M","T","?","$","M"],"items_purchased_type":["Relic","Card","Card","Card","Relic","Relic","Relic"],"build_version":"2020-12-22","purchased_purges":1,"victory":false,"max_hp_per_floor":[66,66,66,66,66,66,68,68,68,70,70,70,70,70,70,72,72,74,74,74,74,74,74,74,74,74,74,75,75,75,75,75,75,75,75,75,78,78,78,78,78,78,78,80,82,82,84,84,84,84,84,84,98,98,98,98,98,98,98,98],"relic_stats":{"counters":[60,251],"obtain_stats":[{"Calipers":40,"Vajra":44,"EVO:Axolotl":0,"Whetstone":25,"Boot":45,"Old Coin":31,"Blood Vial":10,"Centennial Puzzle":28,"HornCleat":1,"Sundial":28,"MealTicket":11,"Prayer Wheel":30,"Philosopher\u0027s Stone":34,"Toxic Egg 2":41,"Pear":43,"Happy Flower":4,"Blue Candle":48,"Oddly Smooth Stone":39,"Charon\u0027s Ashes":45,"Letter Opener":27,"Paper Crane":9,"War Paint":42,"animator:CerealBox":0,"Du-Vu Doll":0,"SlaversCollar":34,"Bottled Flame":41,"Shuriken":4,"Bronze Scales":38,"Molten Egg 2":23,"Black Star":17,"animator:HeavyHalberd":0,"Unceasing Top":8,"Meat on the Bone":22,"Pocketwatch":42,"Darkstone Periapt":0,"animator:ShionDessert":44,"Lantern":47,"animator:TheMissingPiece":0,"StoneCalendar":40,"Mango":44,"Bag of Preparation":14,"Cursed Key":0,"Smiling Mask":5,"Ancient Tea Set":27,"Nunchaku":29,"Shovel":18,"animator:AncientMedallion":53,"Mummified Hand":26,"Tiny Chest":30,"WingedGreaves":0,"animator:VividPicture":17,"Red Skull":36,"Paper Frog":31,"Potion Belt":37,"animator:Buoy":44,"Thread and Needle":41,"The Courier":3,"PreservedInsect":35,"Frozen Egg 2":46,"Medical Kit":44,"MawBank":46,"White Beast Statue":21,"Peace Pipe":0,"animator:TheEgnaroPiece":53,"Ornamental Fan":23,"animator:EngravedStaff":25,"animator:LivingPicture":0,"Art of War":12,"Bag of Marbles":19,"Bottled Lightning":20,"FossilizedHelix":6,"TungstenRod":48,"Toy Ornithopter":49},{"Calipers":29,"Vajra":31,"EVO:Axolotl":0,"Whetstone":18,"Boot":32,"Old Coin":23,"Blood Vial":7,"Centennial Puzzle":20,"HornCleat":1,"Sundial":20,"MealTicket":8,"Prayer Wheel":22,"Philosopher\u0027s Stone":24,"Toxic Egg 2":53,"Pear":31,"Happy Flower":37,"Blue Candle":34,"Oddly Smooth Stone":28,"Charon\u0027s Ashes":32,"Letter Opener":19,"Paper Crane":6,"War Paint":31,"animator:CerealBox":35,"Du-Vu Doll":0,"SlaversCollar":49,"Bottled Flame":30,"Shuriken":3,"Bronze Scales":27,"Molten Egg 2":17,"Black Star":11,"animator:HeavyHalberd":0,"Unceasing Top":6,"Meat on the Bone":16,"Pocketwatch":31,"Darkstone Periapt":0,"animator:ShionDessert":31,"Lantern":33,"animator:TheMissingPiece":0,"StoneCalendar":29,"Mango":31,"Bag of Preparation":10,"Cursed Key":0,"Smiling Mask":4,"Ancient Tea Set":19,"Nunchaku":21,"Shovel":12,"animator:AncientMedallion":57,"Mummified Hand":18,"Tiny Chest":47,"WingedGreaves":35,"animator:VividPicture":41,"Red Skull":26,"Paper Frog":23,"Potion Belt":27,"animator:Buoy":31,"Thread and Needle":30,"The Courier":2,"PreservedInsect":25,"Frozen Egg 2":33,"Medical Kit":31,"MawBank":33,"White Beast Statue":15,"Peace Pipe":35,"animator:TheEgnaroPiece":57,"Ornamental Fan":17,"animator:EngravedStaff":18,"animator:LivingPicture":0,"Art of War":9,"Bag of Marbles":13,"Bottled Lightning":14,"FossilizedHelix":5,"TungstenRod":34,"Toy Ornithopter":34},{"Calipers":94,"Vajra":99,"EVO:Axolotl":0,"Whetstone":66,"Boot":102,"Old Coin":80,"Blood Vial":24,"Centennial Puzzle":72,"HornCleat":3,"Sundial":72,"MealTicket":28,"Prayer Wheel":77,"Philosopher\u0027s Stone":84,"Toxic Egg 2":189,"Pear":99,"Happy Flower":112,"Blue Candle":104,"Oddly Smooth Stone":91,"Charon\u0027s Ashes":102,"Letter Opener":69,"Paper Crane":19,"War Paint":99,"animator:CerealBox":105,"Du-Vu Doll":0,"SlaversCollar":173,"Bottled Flame":97,"Shuriken":8,"Bronze Scales":88,"Molten Egg 2":64,"Black Star":39,"animator:HeavyHalberd":0,"Unceasing Top":19,"Meat on the Bone":59,"Pocketwatch":99,"Darkstone Periapt":0,"animator:ShionDessert":99,"Lantern":103,"animator:TheMissingPiece":0,"StoneCalendar":94,"Mango":99,"Bag of Preparation":33,"Cursed Key":0,"Smiling Mask":11,"Ancient Tea Set":69,"Nunchaku":74,"Shovel":41,"animator:AncientMedallion":214,"Mummified Hand":66,"Tiny Chest":158,"WingedGreaves":105,"animator:VividPicture":130,"Red Skull":86,"Paper Frog":80,"Potion Belt":88,"animator:Buoy":99,"Thread and Needle":97,"The Courier":5,"PreservedInsect":85,"Frozen Egg 2":103,"Medical Kit":99,"MawBank":103,"White Beast Statue":55,"Peace Pipe":105,"animator:TheEgnaroPiece":214,"Ornamental Fan":64,"animator:EngravedStaff":66,"animator:LivingPicture":0,"Art of War":31,"Bag of Marbles":45,"Bottled Lightning":50,"FossilizedHelix":14,"TungstenRod":104,"Toy Ornithopter":104}]},"card_choices":[{"not_picked":["animator:DolaCouronne","animator:Tatsumaki"],"picked":"animator:PandorasActor","floor":1},{"not_picked":["animator:Demiurge","animator:CowGirl"],"picked":"animator:PandorasActor","floor":2},{"not_picked":["animator:Sebas","animator:Ain"],"picked":"animator:Entoma","floor":5},{"not_picked":["animator:Witch","animator:DwarfShaman"],"picked":"animator:HighElfArcher","floor":7},{"not_picked":["animator:Albedo","animator:Elesis"],"picked":"animator:AcuraShin","floor":16},{"not_picked":["animator:DwarfShaman","animator:Ain+1"],"picked":"animator:Mikaela","floor":18},{"not_picked":["animator:Ciel+1","animator:Gillette"],"picked":"animator:Demiurge","floor":20},{"not_picked":["animator:LizardPriest","animator:CowGirl"],"picked":"animator:DwarfShaman","floor":22},{"not_picked":["animator:Boros","animator:Lu"],"picked":"animator:Entoma","floor":24},{"not_picked":["animator:Yoichi","animator:Spearman"],"picked":"animator:Priestess+1","floor":28},{"not_picked":["animator:CowGirl","animator:Gillette+1"],"picked":"animator:Geryuganshoop+1","floor":30},{"not_picked":["animator:DwarfShaman","animator:LizardPriest"],"picked":"animator:CowGirl","floor":31},{"not_picked":["animator:Sora","animator:Shiro"],"picked":"animator:GoblinSlayer","floor":33},{"not_picked":["animator:Genos","animator:Layla"],"picked":"animator:Evileye+1","floor":35},{"not_picked":["animator:Gillette+1","animator:Yoichi"],"picked":"animator:Rena+1","floor":36},{"not_picked":["animator:DolaRiku","animator:Melzalgald+1"],"picked":"animator:GuildGirl","floor":37},{"not_picked":["animator:Layla+1","animator:DolaSchwi+1"],"picked":"animator:DolaCouronne+1","floor":39},{"not_picked":["animator:ChaikaBohdan","animator:GuildGirl+1"],"picked":"animator:PandorasActor+1","floor":44},{"not_picked":["animator:DwarfShaman","animator:Priestess+1"],"picked":"animator:LizardPriest+1","floor":44},{"not_picked":["animator:Jibril","animator:Demiurge+1","animator:ChaikaBohdan"],"picked":"SKIP","floor":45},{"not_picked":["animator:Ara","animator:Spearman","animator:Genos"],"picked":"SKIP","floor":45},{"not_picked":["animator:DolaRiku+1","animator:Elsword"],"picked":"animator:CowGirl+1","floor":47},{"not_picked":["animator:Raven+1","animator:KrulTepes+1","animator:Witch+1"],"picked":"SKIP","floor":47},{"not_picked":["animator:Fredrika","animator:DolaSchwi","animator:Ara+1"],"picked":"SKIP","floor":54},{"not_picked":["animator:Jibril","animator:PandorasActor"],"picked":"animator:IzunaHatsuse","floor":55}],"player_experience":407656,"relics_obtained":[{"floor":26,"key":"White Beast Statue"},{"floor":30,"key":"Tiny Chest"},{"floor":39,"key":"Prayer Wheel"},{"floor":41,"key":"Toxic Egg 2"},{"floor":43,"key":"Bottled Lightning"},{"floor":48,"key":"HornCleat"},{"floor":53,"key":"animator:TheEgnaroPiece"},{"floor":53,"key":"animator:AncientMedallion"},{"floor":56,"key":"animator:AncientMedallion"}],"event_choices":[{"damage_healed":0,"gold_gain":0,"player_choice":"Success","damage_taken":18,"relics_obtained":["Happy Flower"],"max_hp_gain":0,"max_hp_loss":0,"event_name":"Scrap Ooze","floor":4,"gold_loss":0},{"damage_healed":0,"gold_gain":0,"player_choice":"Entered Light","damage_taken":14,"max_hp_gain":0,"max_hp_loss":0,"event_name":"Shining Light","floor":12,"gold_loss":0,"cards_upgraded":["animator:Geryuganshoop","animator:Emonzaemon"]},{"damage_healed":0,"gold_gain":0,"player_choice":"Ignored","damage_taken":0,"max_hp_gain":0,"max_hp_loss":0,"event_name":"Liars Game","floor":14,"gold_loss":0},{"cards_removed":["animator:Defend"],"damage_healed":0,"gold_gain":0,"player_choice":"Give","damage_taken":0,"max_hp_gain":0,"max_hp_loss":0,"event_name":"betterNote:BetterNote","floor":19,"gold_loss":0,"cards_obtained":["None"]},{"damage_healed":0,"gold_gain":0,"player_choice":"Ignored","damage_taken":0,"max_hp_gain":0,"max_hp_loss":0,"event_name":"Tomb of Lord Red Mask","floor":38,"gold_loss":0},{"damage_healed":0,"gold_gain":0,"player_choice":"Fight","damage_taken":0,"max_hp_gain":0,"max_hp_loss":0,"event_name":"Mysterious Sphere","floor":39,"gold_loss":0},{"damage_healed":0,"gold_gain":0,"player_choice":"Upgraded","damage_taken":0,"max_hp_gain":0,"max_hp_loss":0,"event_name":"Upgrade Shrine","floor":46,"gold_loss":0,"cards_upgraded":["animator:DwarfShaman"]}],"is_beta":false,"boss_relics":[{"not_picked":["Pandora\u0027s Box","Calling Bell"],"picked":"animator:VividPicture"},{"not_picked":["Astrolabe","Philosopher\u0027s Stone"],"picked":"SlaversCollar"}],"items_purged_floors":[0],"is_endless":false,"potions_floor_spawned":[2,10,18,28,30,31,33,35,36,37,39,44,45,47],"killed_by":"animator:UNNAMED_CULTIST_2","ascension_level":0}}