{"host":"2se5dq1do2gp0x9k","time":1610872279,"event":{"mods":["AchievementEnabler","BaseMod","Block Reminder","Colored Map","Colored Powertips","Minty Spire (QoL Compilation)","Relic Stats","StSLib","SuperFastMode"],"gold_per_floor":[118,193,213,213,234,234,277,305,331,331,331],"floor_reached":10,"language":"ENG","playtime":239,"items_purged":[],"score":136,"play_id":"b1fcdd49-386b-49d7-8ad9-99b4e0ec22bb","local_time":"20210117003119","is_ascension_mode":true,"campfire_choices":[{"data":"Clothesline","floor":6,"key":"SMITH"}],"circlet_count":0,"master_deck":["AscendersBane","Strike_R","Strike_R","Strike_R","Strike_R","Strike_R","Defend_R","Defend_R","Defend_R","Defend_R","Bash","Carnage","Clothesline+1","Burning Pact","Flame Barrier","Thunderclap"],"relics":["Burning Blood","NeowsBlessing","Golden Idol","CeramicFish","Toy Ornithopter"],"acts_visited":["Exordium"],"potions_floor_usage":[7,10],"damage_taken":[{"damage":0,"enemies":"Jaw Worm","floor":1,"turns":1},{"damage":0,"enemies":"2 Louse","floor":3,"turns":1},{"damage":0,"enemies":"Small Slimes","floor":5,"turns":1},{"damage":52,"enemies":"3 Sentries","floor":7,"turns":9},{"damage":9,"enemies":"3 Louse","floor":8,"turns":4},{"damage":49,"enemies":"Gremlin Nob","floor":10,"turns":4}],"seed_played":"-7408947301967323207","potions_obtained":[{"floor":1,"key":"Fire Potion"},{"floor":3,"key":"Swift Potion"}],"is_trial":false,"path_per_floor":["M","?","M","?","M","R","E","M","T","E"],"character_chosen":"IRONCLAD","items_purchased":[],"campfire_rested":0,"item_purchase_floors":[],"current_hp_per_floor":[74,63,69,68,68,68,22,19,19,0,0],"gold":331,"neow_bonus":"THREE_ENEMY_KILL","is_daily":false,"chose_seed":false,"campfire_upgraded":1,"win_rate":0.0,"timestamp":1610872279,"path_taken":["M","?","M","?","M","R","E","M","T","E"],"items_purchased_type":[],"build_version":"2020-12-22","purchased_purges":0,"victory":false,"max_hp_per_floor":[75,75,75,68,68,68,68,68,68,68,68],"relic_stats":{"counters":[6,20],"Golden Idol":15,"CeramicFish":18,"obtain_stats":[{"NeowsBlessing":0,"Golden Idol":4,"CeramicFish":7,"Burning Blood":0,"Toy Ornithopter":9},{"NeowsBlessing":0,"Golden Idol":2,"CeramicFish":4,"Burning Blood":0,"Toy Ornithopter":5},{"NeowsBlessing":0,"Golden Idol":2,"CeramicFish":12,"Burning Blood":0,"Toy Ornithopter":16}],"Burning Blood":24,"Toy Ornithopter":5},"card_choices":[{"not_picked":["Pommel Strike","Flame Barrier"],"picked":"Carnage","floor":1},{"not_picked":["Entrench","Heavy Blade"],"picked":"Clothesline","floor":3},{"not_picked":["Heavy Blade","Anger"],"picked":"Burning Pact","floor":5},{"not_picked":["Blood for Blood","Pommel Strike"],"picked":"Flame Barrier","floor":7},{"not_picked":["Dropkick","Iron Wave"],"picked":"Thunderclap","floor":8}],"player_experience":3892420,"relics_obtained":[{"floor":7,"key":"CeramicFish"},{"floor":9,"key":"Toy Ornithopter"}],"event_choices":[{"damage_healed":0,"gold_gain":75,"player_choice":"Gather Gold","damage_taken":11,"max_hp_gain":0,"max_hp_loss":0,"event_name":"World of Goop","floor":2,"gold_loss":0},{"damage_healed":0,"gold_gain":0,"player_choice":"Lose Max HP","damage_taken":0,"relics_obtained":["Golden Idol"],"max_hp_gain":0,"max_hp_loss":7,"event_name":"Golden Idol","floor":4,"gold_loss":0}],"is_beta":false,"boss_relics":[],"items_purged_floors":[],"is_endless":false,"potions_floor_spawned":[1,3],"killed_by":"Gremlin Nob","ascension_level":20}}