{"host":"sv70n8tirfk0oiuf","time":1610897161,"event":{"mods":["Act Like it!","BaseMod","Gensokyo","Marisa£®ÏF”Í°°ƒß¿Ì…≥£©","Minty Spire (QoL Compilation)","Reimu£®≤©¿ˆ¡È√Œ£©","Remilia£®¿Ÿ√◊¿Ú—«£©","StSLib","The Administrix","noobMod"],"gold_per_floor":[110,122,134,151,170,205,205,231,257,283,283,314,327,345,345,447,447,465,479,479,359,28,54,54,73,73,407,423,457,157,171,171,268,318,328,328,347,347,359,359,384,96,96,139,162,187,187,215,215,215,215,215,50,87,87],"floor_reached":56,"language":"ZHS","playtime":4037,"items_purged":[],"score":1651,"play_id":"b90be298-d0ee-4e14-907c-6fdf2272d22c","local_time":"20210117232601","is_ascension_mode":true,"campfire_choices":[{"floor":7,"key":"RECALL"},{"data":"Fasting2","floor":11,"key":"SMITH"},{"floor":15,"key":"REST"},{"data":"ForeignInfluence","floor":24,"key":"SMITH"},{"data":"Ragnarok","floor":32,"key":"SMITH"},{"data":"Strike_P","floor":40,"key":"PURGE"},{"data":"Strike_P","floor":49,"key":"PURGE"},{"data":"LessonLearned","floor":52,"key":"SMITH"}],"circlet_count":0,"master_deck":["Strike_P","Strike_P","Defend_P","Defend_P","Defend_P","Defend_P+1","Eruption+1","Vigilance","Fasting2+1","Prostrate+1","SashWhip","CutThroughFate","FollowUp","Pray+1","JustLucky","LessonLearned+1","Protect+1","ThirdEye+1","ForeignInfluence+1","DeusExMachina","EmptyFist","Fasting2+1","Gensokyo:LockedMedkit","ForeignInfluence+1","Fasting2+1","FollowUp","DeceiveReality","Evaluate+1","Wireheading+1","Protect+1","Shame","EmptyFist+1","CutThroughFate","Perseverance","Ragnarok+1","LessonLearned+1","Omniscience+1","ThirdEye","BowlingBash+1","SignatureMove+1","Omniscience","Gensokyo:BlemishedSteel","Gensokyo:Shovel","Fasting2+1","Normality","Vengeance+1","CutThroughFate","Tantrum","Tantrum+1","Vengeance","WheelKick+1"],"relics":["PureWater","ice","Ornamental Fan","Mastiff:ReiMu","MealTicket","Centennial Puzzle","Pen Nib","Cursed Key","Gensokyo:FoxMask","Orrery","Strawberry","PreservedInsect","Yang","TungstenRod","Meat on the Bone","Strange Spoon","Peace Pipe","Tiny House","Gensokyo:DualWield","The Courier","DollysMirror","CeramicFish","Bird Faced Urn","Melange","Mango"],"acts_visited":["Gensokyo:Gensokyo","Gensokyo:Gensokyoer","Gensokyo:Gensokyoest","TheEnding"],"potions_floor_usage":[12,19,29,29,31,33,35,35,39,55,55],"damage_taken":[{"damage":0,"enemies":"Gensokyo:Python","floor":1,"turns":2},{"damage":1,"enemies":"Gensokyo:2_Kodama","floor":2,"turns":4},{"damage":10,"enemies":"Gensokyo:Gryphon","floor":3,"turns":3},{"damage":8,"enemies":"Gensokyo:CorruptedTreant","floor":4,"turns":2},{"damage":11,"enemies":"Gensokyo:3_Kodama","floor":5,"turns":7},{"damage":19,"enemies":"Gensokyo:Mamizou","floor":6,"turns":8},{"damage":56,"enemies":"Gensokyo:Cirno","floor":8,"turns":9},{"damage":28,"enemies":"Gensokyo:Aya","floor":10,"turns":3},{"damage":1,"enemies":"Gensokyo:Cirno","floor":12,"turns":14},{"damage":0,"enemies":"Gensokyo:LivingMonolith","floor":13,"turns":3},{"damage":0,"enemies":"Gensokyo:VengefulSpirit","floor":14,"turns":2},{"damage":0,"enemies":"Gensokyo:Reimu","floor":16,"turns":7},{"damage":2,"enemies":"Gensokyo:AngelMirror","floor":18,"turns":2},{"damage":2,"enemies":"Gensokyo:3_Dogs","floor":19,"turns":2},{"damage":101,"enemies":"Gensokyo:Tenshi","floor":23,"turns":8},{"damage":27,"enemies":"Gensokyo:3_Gloops","floor":25,"turns":5},{"damage":0,"enemies":"Gensokyo:Reisen","floor":27,"turns":3},{"damage":0,"enemies":"Gensokyo:Wraith","floor":28,"turns":3},{"damage":42,"enemies":"Gensokyo:Tenshi","floor":29,"turns":2},{"damage":20,"enemies":"Gensokyo:Slime_Group","floor":31,"turns":3},{"damage":50,"enemies":"Gensokyo:Eternal_Rivals","floor":33,"turns":6},{"damage":0,"enemies":"Gensokyo:AncientGuardian","floor":35,"turns":4},{"damage":0,"enemies":"Gensokyo:3_Bats","floor":37,"turns":3},{"damage":0,"enemies":"Gensokyo:Dusk_and_Dawn","floor":39,"turns":1},{"damage":0,"enemies":"Gensokyo:Marisa","floor":41,"turns":3},{"damage":0,"enemies":"Gensokyo:Doremy","floor":44,"turns":4},{"damage":0,"enemies":"Gensokyo:3_Boulders","floor":45,"turns":2},{"damage":34,"enemies":"Gensokyo:Sharpion","floor":46,"turns":3},{"damage":0,"enemies":"Gensokyo:AtlasGolem","floor":48,"turns":3},{"damage":19,"enemies":"Gensokyo:Yuyuko","floor":50,"turns":2},{"damage":0,"enemies":"Shield and Spear","floor":54,"turns":1},{"damage":91,"enemies":"The Heart","floor":55,"turns":5}],"seed_played":"-86500649373324936","potions_obtained":[{"floor":1,"key":"ColorlessPotion"},{"floor":4,"key":"PowerPotion"},{"floor":10,"key":"ZuzhouPotion:ReiMu"},{"floor":13,"key":"LiquidBronze"},{"floor":16,"key":"SteroidPotion"},{"floor":25,"key":"LiquidMemories"},{"floor":29,"key":"Regen Potion"},{"floor":34,"key":"EntropicBrew"},{"floor":39,"key":"Strength Potion"},{"floor":41,"key":"PowerPotion"},{"floor":46,"key":"Ambrosia"}],"is_trial":false,"path_per_floor":["M","M","M","M","M","E","R","E","T","E","R","E","M","M","R","B",null,"M","M","?","?","COS","E","R","M","T","E","M","E","$","M","R","B",null,"M","?","M","$","M","R","E","COS","T","E","M","M","?","M","R","B",null,"R","$","E","B",null],"character_chosen":"WATCHER","items_purchased":["Strange Spoon","Ragnarok","Melange","Vengeance"],"campfire_rested":1,"item_purchase_floors":[30,30,53,53],"current_hp_per_floor":[79,78,68,60,49,30,30,48,48,20,20,19,19,19,57,57,132,130,128,128,128,128,34,34,158,158,158,158,116,131,120,120,82,181,181,181,181,185,185,185,185,185,185,185,185,151,73,93,93,93,200,200,200,214,135],"gold":87,"neow_bonus":"TEN_PERCENT_HP_BONUS","is_daily":false,"chose_seed":false,"campfire_upgraded":4,"win_rate":0.0,"timestamp":1610897161,"path_taken":["M","M","M","M","M","E","R","E","T","E","R","E","M","M","R","BOSS","M","M","?","?","COS","E","R","M","T","E","M","E","$","M","R","BOSS","M","?","M","$","M","R","E","COS","T","E","M","?","?","M","R","BOSS","R","$","E","BOSS"],"items_purchased_type":["Relic","Card","Relic","Card"],"build_version":"2020-12-22","purchased_purges":0,"victory":true,"max_hp_per_floor":[79,79,79,79,79,79,79,85,85,87,87,129,129,129,129,132,132,134,136,136,136,136,155,155,158,158,163,167,170,170,172,172,176,181,183,183,185,185,185,185,193,193,193,196,196,199,199,199,199,200,200,200,200,214,262],"card_choices":[{"not_picked":["Adaptation","PathToVictory"],"picked":"Fasting2","floor":1},{"not_picked":["Halt","PathToVictory"],"picked":"Prostrate","floor":2},{"not_picked":["MentalFortress","Tantrum"],"picked":"SashWhip","floor":3},{"not_picked":["Halt","Blasphemy"],"picked":"CutThroughFate","floor":4},{"not_picked":["Collect","CrushJoints"],"picked":"FollowUp","floor":5},{"not_picked":["ThirdEye","Perseverance"],"picked":"Pray","floor":6},{"not_picked":["ClearTheMind","Consecrate"],"picked":"JustLucky","floor":8},{"not_picked":["FlyingSleeves","Indignation"],"picked":"LessonLearned","floor":10},{"not_picked":["MentalFortress","ClearTheMind"],"picked":"Protect","floor":12},{"not_picked":["SashWhip","ClearTheMind"],"picked":"ThirdEye","floor":13},{"not_picked":["CutThroughFate","Crescendo"],"picked":"ForeignInfluence","floor":14},{"not_picked":["LessonLearned","ConjureBlade"],"picked":"DeusExMachina","floor":16},{"not_picked":["SashWhip","Consecrate"],"picked":"EmptyFist","floor":18},{"not_picked":["Crescendo+1","Tantrum"],"picked":"Fasting2+1","floor":19},{"not_picked":["ClearTheMind","EmptyFist"],"picked":"ForeignInfluence","floor":22},{"not_picked":["ReachHeaven","Consecrate"],"picked":"Fasting2","floor":22},{"not_picked":["Evaluate+1","Worship+1"],"picked":"FollowUp","floor":22},{"not_picked":["Meditate","CrushJoints+1"],"picked":"DeceiveReality","floor":22},{"not_picked":["SashWhip","WreathOfFlame"],"picked":"Evaluate+1","floor":22},{"not_picked":["Halt","Evaluate"],"picked":"Wireheading","floor":23},{"not_picked":["FollowUp","FearNoEvil"],"picked":"Protect+1","floor":25},{"not_picked":["PathToVictory","Swivel"],"picked":"EmptyFist","floor":27},{"not_picked":["WreathOfFlame+1","FearNoEvil"],"picked":"CutThroughFate","floor":28},{"not_picked":["CrushJoints","PathToVictory+1"],"picked":"Perseverance","floor":29},{"not_picked":["Consecrate","FollowUp"],"picked":"LessonLearned","floor":31},{"not_picked":["Devotion","Judgement"],"picked":"Omniscience","floor":33},{"not_picked":["FlyingSleeves","CrushJoints"],"picked":"ThirdEye","floor":34},{"not_picked":["WaveOfTheHand+1","ClearTheMind","JustLucky+1"],"picked":"SKIP","floor":35},{"not_picked":["WaveOfTheHand+1","PathToVictory"],"picked":"BowlingBash","floor":37},{"not_picked":["EmptyFist+1","JustLucky+1"],"picked":"SignatureMove","floor":39},{"not_picked":["Protect","ForeignInfluence"],"picked":"Omniscience","floor":41},{"not_picked":["Prostrate+1","ThirdEye+1"],"picked":"Vengeance+1","floor":44},{"not_picked":["Collect","FlurryOfBlows"],"picked":"CutThroughFate","floor":45},{"not_picked":["Evaluate","Halt"],"picked":"Tantrum","floor":46},{"not_picked":["FollowUp","EmptyBody+1"],"picked":"Tantrum+1","floor":48},{"not_picked":["Vengeance","ForeignInfluence"],"picked":"WheelKick+1","floor":54}],"player_experience":343587,"relics_obtained":[{"floor":6,"key":"Ornamental Fan"},{"floor":8,"key":"Mastiff:ReiMu"},{"floor":9,"key":"MealTicket"},{"floor":10,"key":"Centennial Puzzle"},{"floor":12,"key":"Pen Nib"},{"floor":23,"key":"Strawberry"},{"floor":25,"key":"PreservedInsect"},{"floor":26,"key":"Yang"},{"floor":27,"key":"TungstenRod"},{"floor":29,"key":"Meat on the Bone"},{"floor":41,"key":"The Courier"},{"floor":44,"key":"CeramicFish"},{"floor":54,"key":"Mango"}],"event_choices":[],"is_beta":false,"boss_relics":[{"not_picked":["Coffee Dripper","Empty Cage"],"picked":"Cursed Key"},{"not_picked":["Black Star","SacredBark"],"picked":"Tiny House"}],"items_purged_floors":[],"is_endless":false,"potions_floor_spawned":[1,4,10,13,16,18,25,29,39,41,46,48],"ascension_level":1}}