{"host":"cdcsem0stf6rethc","time":1610876572,"event":{"mods":["AchievementEnabler","BaseMod","Colored Map","Highlight Path","Minty Spire (QoL Compilation)","StSLib","The Animator"],"gold_per_floor":[118,43,59,59,72,72,72,105,105,117,192,192,207,226,226,324,324,337,94,111,128,128,128,145,145,194,205,205,219,94,109,109,204,204,214,214,229,79,96,129,148,183,183,183,183,183,195,212,212,212,212,212,37,72,72,72],"floor_reached":55,"language":"ENG","playtime":2252,"items_purged":["animator:Strike","animator:Strike","animator:Defend","animator:Defend","animator:Strike_DateALive+1"],"score":758,"play_id":"41ee2a1d-7eb1-4cdb-b874-349f928f2ea9","local_time":"20210117174252","is_ascension_mode":false,"campfire_choices":[{"data":"animator:KurumiTokisaki","floor":6,"key":"SMITH"},{"data":"animator:ShidoItsuka","floor":12,"key":"SMITH"},{"floor":15,"key":"REST"},{"data":"animator:KurumiTokisaki","floor":23,"key":"SMITH"},{"data":"animator:KurumiTokisaki","floor":25,"key":"SMITH"},{"data":"animator:ShidoItsuka","floor":32,"key":"SMITH"},{"floor":44,"key":"RECALL"},{"data":"animator:Strike_DateALive","floor":46,"key":"SMITH"},{"floor":49,"key":"REST"},{"floor":52,"key":"REST"}],"circlet_count":0,"master_deck":["animator:Defend_DateALive+1","animator:ShidoItsuka+1","animator:KurumiTokisaki+1","animator:ShidoItsuka+1","animator:KurumiTokisaki+1","animator:KurumiTokisaki+1"],"relics":["animator:LivingPicture","animator:TheMissingPiece","Question Card","Velvet Choker","animator:ShionDessert","Omamori","Busted Crown","Boot","War Paint","Bronze Scales","Mercury Hourglass"],"acts_visited":["Exordium","TheCity","TheBeyond","TheEnding"],"potions_floor_usage":[55,55,55],"damage_taken":[{"damage":4,"enemies":"Small Slimes","floor":1,"turns":4},{"damage":0,"enemies":"2 Louse","floor":3,"turns":1},{"damage":0,"enemies":"Jaw Worm","floor":5,"turns":3},{"damage":29,"enemies":"Lagavulin","floor":8,"turns":7},{"damage":5,"enemies":"Large Slime","floor":10,"turns":6},{"damage":4,"enemies":"Exordium Thugs","floor":13,"turns":6},{"damage":8,"enemies":"Gremlin Gang","floor":14,"turns":4},{"damage":12,"enemies":"Hexaghost","floor":16,"turns":14},{"damage":7,"enemies":"Spheric Guardian","floor":18,"turns":5},{"damage":6,"enemies":"Shell Parasite","floor":20,"turns":7},{"damage":3,"enemies":"Snake Plant","floor":21,"turns":4},{"damage":3,"enemies":"Centurion and Healer","floor":24,"turns":6},{"damage":0,"enemies":"3 Cultists","floor":27,"turns":4},{"damage":0,"enemies":"Sentry and Sphere","floor":29,"turns":3},{"damage":0,"enemies":"Centurion and Healer","floor":31,"turns":4},{"damage":1,"enemies":"Collector","floor":33,"turns":7},{"damage":0,"enemies":"3 Darklings","floor":35,"turns":3},{"damage":15,"enemies":"3 Shapes","floor":37,"turns":5},{"damage":0,"enemies":"Sphere and 2 Shapes","floor":39,"turns":3},{"damage":2,"enemies":"Reptomancer","floor":40,"turns":6},{"damage":2,"enemies":"Spire Growth","floor":41,"turns":5},{"damage":0,"enemies":"Giant Head","floor":42,"turns":9},{"damage":0,"enemies":"Transient","floor":47,"turns":7},{"damage":0,"enemies":"3 Darklings","floor":48,"turns":3},{"damage":0,"enemies":"Awakened One","floor":50,"turns":12},{"damage":26,"enemies":"Shield and Spear","floor":54,"turns":6},{"damage":54,"enemies":"The Heart","floor":55,"turns":3}],"seed_played":"7996610171242736733","potions_obtained":[{"floor":3,"key":"CultistPotion"},{"floor":5,"key":"FearPotion"},{"floor":13,"key":"Strength Potion"},{"floor":41,"key":"Block Potion"}],"is_trial":false,"path_per_floor":["M","$","M","$","M","R","$","E","T","M","?","R","M","M","R","B",null,"M","$","M","M","?","R","M","R","T","M","?","M","$","M","R","B",null,"M","?","M","$","M","E","M","E","T","R","?","R","M","M","R","B",null,"R","$","E","B"],"character_chosen":"THE_ANIMATOR","items_purchased":["animator:ShionDessert"],"campfire_rested":3,"item_purchase_floors":[19],"current_hp_per_floor":[62,62,62,62,62,62,62,33,33,28,17,17,13,5,24,12,66,59,59,53,50,66,66,63,63,63,63,63,63,63,63,63,62,66,66,63,48,48,48,46,44,44,44,44,44,44,44,44,62,62,63,63,63,37,0,0],"gold":72,"neow_bonus":"TRANSFORM_CARD","is_daily":false,"chose_seed":true,"campfire_upgraded":6,"win_rate":0.0,"timestamp":1610876572,"path_taken":["M","$","M","$","M","R","$","E","T","M","?","R","M","M","R","BOSS","M","$","M","M","?","R","M","R","T","M","?","M","$","M","R","BOSS","M","?","M","$","M","E","M","E","T","R","?","R","M","M","R","BOSS","R","$","E","BOSS"],"items_purchased_type":["Relic"],"build_version":"2020-12-22","purchased_purges":5,"victory":false,"max_hp_per_floor":[66,66,66,66,66,66,66,66,66,66,66,66,66,66,66,66,66,66,66,66,66,66,66,66,66,66,66,66,66,66,66,66,66,66,66,63,63,63,63,63,63,63,63,63,63,63,63,63,63,63,63,63,63,63,63,63],"card_choices":[{"not_picked":["animator:Shuna","animator:Demiurge","animator:Noda"],"picked":"SKIP","floor":1},{"not_picked":["animator:YoshinoHimekawa","animator:Millim","animator:Vesta"],"picked":"SKIP","floor":3},{"not_picked":["animator:IrohaTamaki","animator:YachiyoNanami","animator:Cocytus"],"picked":"SKIP","floor":5},{"not_picked":["animator:YoshinoHimekawa","animator:NiaHonjou"],"picked":"animator:ShidoItsuka","floor":8},{"not_picked":["animator:Rider","animator:EriShiina","animator:SuikaIbuki","animator:ReineMurasame"],"picked":"SKIP","floor":10},{"not_picked":["animator:GazelDwargon","animator:KyokoSakura","animator:YoshinoHimekawa","animator:SuzuneAmano"],"picked":"SKIP","floor":13},{"not_picked":["animator:OrikoMikuni","animator:Entoma","animator:Gilgamesh","animator:YuiTsuruno"],"picked":"SKIP","floor":14},{"not_picked":["animator:HiedaNoAkyuu","animator:YuriNakamura","animator:Gilgamesh"],"picked":"animator:KurumiTokisaki","floor":16},{"not_picked":["animator:Noda","animator:OrikoMikuni+1","animator:Shalltear"],"picked":"animator:KurumiTokisaki","floor":20},{"not_picked":["animator:Shion+1","animator:GazelDwargon","animator:Benimaru","animator:Hakurou+1"],"picked":"SKIP","floor":21},{"not_picked":["animator:Cocytus","animator:Evileye","animator:AyaShameimaru","animator:Archer"],"picked":"SKIP","floor":24},{"not_picked":["animator:YachiyoNanami","animator:NiaHonjou","animator:YuiTsuruno","animator:OrikoMikuni"],"picked":"SKIP","floor":29},{"not_picked":["animator:IrohaTamaki+1","animator:YamaiSisters","animator:Benimaru","animator:Chaa"],"picked":"SKIP","floor":31},{"not_picked":["animator:OrikoMikuni","animator:AliceMargatroid+1"],"picked":"SKIP","floor":35},{"not_picked":["animator:Rider+1","animator:OrikoMikuni+1"],"picked":"SKIP","floor":39},{"not_picked":["animator:SayakaMiki","animator:MamiTomoe+1"],"picked":"SKIP","floor":40},{"not_picked":["animator:Assassin","animator:Benimaru+1"],"picked":"SKIP","floor":41},{"not_picked":["animator:ReineMurasame","animator:Souei+1"],"picked":"SKIP","floor":47},{"not_picked":["animator:HomuraAkemi","animator:Illya"],"picked":"SKIP","floor":48},{"not_picked":["animator:MarisaKirisame","animator:SayakaMiki"],"picked":"SKIP","floor":54}],"player_experience":198044,"relics_obtained":[{"floor":8,"key":"Question Card"},{"floor":26,"key":"Omamori"},{"floor":40,"key":"Boot"},{"floor":42,"key":"War Paint"},{"floor":43,"key":"Bronze Scales"},{"floor":54,"key":"Mercury Hourglass"}],"event_choices":[{"damage_healed":0,"gold_gain":75,"player_choice":"Gather Gold","damage_taken":11,"max_hp_gain":0,"max_hp_loss":0,"event_name":"World of Goop","floor":11,"gold_loss":0},{"damage_healed":22,"gold_gain":0,"player_choice":"Heal","damage_taken":0,"max_hp_gain":0,"max_hp_loss":0,"event_name":"The Library","floor":22,"gold_loss":0},{"cards_removed":["animator:Strike"],"damage_healed":0,"gold_gain":0,"player_choice":"Elegance","damage_taken":0,"max_hp_gain":0,"max_hp_loss":0,"event_name":"Back to Basics","floor":28,"gold_loss":0},{"damage_healed":0,"gold_gain":0,"player_choice":"Max HP","damage_taken":0,"max_hp_gain":0,"max_hp_loss":3,"event_name":"Winding Halls","floor":36,"gold_loss":0},{"cards_removed":["animator:YamaiSisters"],"damage_healed":0,"gold_gain":0,"player_choice":"Removed Attack","damage_taken":0,"max_hp_gain":0,"max_hp_loss":0,"event_name":"Falling","floor":45,"gold_loss":0}],"is_beta":false,"boss_relics":[{"not_picked":["Calling Bell","animator:RacePiece"],"picked":"Velvet Choker"},{"not_picked":["Mark of Pain","SlaversCollar"],"picked":"Busted Crown"}],"items_purged_floors":[2,19,30,38,53],"is_endless":false,"potions_floor_spawned":[3,5,13,16,21,24,29,33,37,40,41,54],"killed_by":"The Heart","ascension_level":0}}