{"host":"oehe2dxjvdgux73m","time":1610899743,"event":{"mods":["AchievementEnabler","BaseMod","Colored Map","Colored Powertips","DeckTracker","Keyboard Shortcuts","Minty Spire (QoL Compilation)","Permanent Neow","Quick Restart","StSLib","SuperFastMode"],"gold_per_floor":[13,13,29,29,47,85,85,126,153,165,195,225,237,324,336,438,450,480,508,520,532,560,572,0,0,27,40,75,93,93,93,93,93,93],"floor_reached":33,"language":"KOR","playtime":956,"items_purged":["Rampage"],"score":468,"play_id":"c0710628-cb63-4226-afff-dae795cf5c3c","local_time":"20210118010903","is_ascension_mode":true,"campfire_choices":[{"data":"Armaments","floor":7.0,"key":"SMITH"},{"floor":13.0,"key":"REST"},{"data":"Uppercut","floor":15.0,"key":"SMITH"},{"data":"Uppercut","floor":23.0,"key":"SMITH"},{"data":"Seeing Red","floor":25.0,"key":"SMITH"},{"floor":32,"key":"REST"}],"circlet_count":0,"master_deck":["AscendersBane","Bash","Wild Strike","Armaments+1","Immolate","Pommel Strike","Uppercut+1","Feed","Feed","Twin Strike","Demon Form","Twin Strike","Seeing Red+1","True Grit","Uppercut+1","Fiend Fire","True Grit","Inflame","J.A.X.","Ghostly Armor"],"relics":["Burning Blood","Charon\u0027s Ashes","Golden Idol","Lantern","Centennial Puzzle","MawBank","Blue Candle","Pandora\u0027s Box","Paper Frog","Eternal Feather","Strawberry","Blood Vial"],"acts_visited":["Exordium","TheCity"],"potions_floor_usage":[28,33],"damage_taken":[{"damage":2.0,"enemies":"2 Louse","floor":1.0,"turns":3.0},{"damage":16.0,"enemies":"Jaw Worm","floor":3.0,"turns":4.0},{"damage":0.0,"enemies":"Cultist","floor":5.0,"turns":2.0},{"damage":27.0,"enemies":"3 Sentries","floor":6.0,"turns":8.0},{"damage":24.0,"enemies":"Gremlin Nob","floor":8.0,"turns":4.0},{"damage":0.0,"enemies":"3 Louse","floor":11.0,"turns":1.0},{"damage":13.0,"enemies":"Blue Slaver","floor":12.0,"turns":3.0},{"damage":37.0,"enemies":"The Guardian","floor":16.0,"turns":9.0},{"damage":22.0,"enemies":"3 Byrds","floor":18.0,"turns":4.0},{"damage":11.0,"enemies":"Spheric Guardian","floor":19.0,"turns":3.0},{"damage":4.0,"enemies":"Snake Plant","floor":22.0,"turns":2.0},{"damage":21.0,"enemies":"Centurion and Healer","floor":27.0,"turns":4.0},{"damage":30,"enemies":"Gremlin Leader","floor":28,"turns":4},{"damage":13,"enemies":"Snecko","floor":29,"turns":3},{"damage":87,"enemies":"Collector","floor":33,"turns":5}],"seed_played":"305790418926697282","potions_obtained":[{"floor":5.0,"key":"Weak Potion"},{"floor":6.0,"key":"Weak Potion"},{"floor":12.0,"key":"PowerPotion"},{"floor":19.0,"key":"DistilledChaos"},{"floor":27.0,"key":"SkillPotion"},{"floor":29,"key":"Strength Potion"}],"is_trial":false,"path_per_floor":["M","?","M","?","M","E","R","E","T","T","M","M","R","?","R","B",null,"M","M","$","?","M","R","$","R","T","M","E","M","?","?","R","B"],"character_chosen":"IRONCLAD","items_purchased":["Paper Frog","Eternal Feather"],"campfire_rested":2,"item_purchase_floors":[24,24],"current_hp_per_floor":[72,69,59,64,70,49,49,31,31,31,37,30,52,45,45,14,59,46,41,41,41,43,43,43,55,62,47,23,18,18,18,55,0,0],"gold":93,"neow_bonus":"ONE_RARE_RELIC","is_daily":false,"chose_seed":false,"campfire_upgraded":4,"win_rate":0.0,"timestamp":1610899743,"path_taken":["M","?","M","?","M","E","R","E","T","?","?","M","R","?","R","BOSS","M","M","$","?","M","R","$","R","T","M","E","M","?","?","R","BOSS"],"items_purchased_type":["Relic","Relic"],"build_version":"2020-12-22","purchased_purges":1,"victory":false,"max_hp_per_floor":[75,69,69,74,74,74,74,74,74,74,74,74,74,74,74,74,74,77,77,77,77,77,77,77,77,84,84,84,84,84,84,84,84,84],"card_choices":[{"not_picked":["Sword Boomerang","Rampage"],"picked":"Wild Strike","floor":1.0},{"not_picked":["Spot Weakness","True Grit"],"picked":"Armaments","floor":3.0},{"not_picked":["Clothesline","Anger"],"picked":"Twin Strike","floor":5.0},{"not_picked":["Hemokinesis","Pommel Strike"],"picked":"Immolate","floor":6.0},{"not_picked":["Anger","Cleave","Pummel"],"picked":"SKIP","floor":8.0},{"not_picked":["Warcry","Metallicize"],"picked":"Pommel Strike","floor":11.0},{"not_picked":["Second Wind","Clash"],"picked":"Uppercut","floor":12.0},{"not_picked":["Demon Form","Juggernaut"],"picked":"Feed","floor":16.0},{"not_picked":["Clash+1","Perfected Strike"],"picked":"True Grit","floor":18.0},{"not_picked":["Combust","Metallicize"],"picked":"Inflame","floor":19.0},{"not_picked":["Flex","Cleave","Havoc"],"picked":"SKIP","floor":22.0},{"not_picked":["Feed","Flex"],"picked":"Ghostly Armor","floor":27.0},{"not_picked":["Rupture","Cleave","Clothesline"],"picked":"SKIP","floor":28},{"not_picked":["Clash","Bloodletting+1","Evolve"],"picked":"SKIP","floor":29}],"player_experience":268321,"relics_obtained":[{"floor":6.0,"key":"Lantern"},{"floor":8.0,"key":"Centennial Puzzle"},{"floor":9.0,"key":"MawBank"},{"floor":10.0,"key":"Blue Candle"},{"floor":26.0,"key":"Strawberry"},{"floor":28,"key":"Blood Vial"}],"event_choices":[{"damage_healed":0.0,"max_hp_gain":0.0,"max_hp_loss":6.0,"gold_gain":0.0,"event_name":"Golden Idol","player_choice":"Lose Max HP","floor":2.0,"gold_loss":0.0,"damage_taken":0.0,"relics_obtained":["Golden Idol"]},{"damage_healed":0.0,"max_hp_gain":5.0,"max_hp_loss":0.0,"gold_gain":0.0,"event_name":"Big Fish","player_choice":"Donut","floor":4.0,"gold_loss":0.0,"damage_taken":0.0},{"damage_healed":0.0,"max_hp_gain":0.0,"max_hp_loss":0.0,"gold_gain":75.0,"event_name":"FaceTrader","player_choice":"Touch","floor":14.0,"gold_loss":0.0,"damage_taken":7.0},{"damage_healed":0.0,"max_hp_gain":0.0,"max_hp_loss":0.0,"gold_gain":0.0,"event_name":"Drug Dealer","player_choice":"Obtain J.A.X.","floor":21.0,"gold_loss":0.0,"damage_taken":0.0,"cards_obtained":["J.A.X."]},{"damage_healed":0,"gold_gain":0,"player_choice":"Ignored","damage_taken":0,"max_hp_gain":0,"max_hp_loss":0,"event_name":"The Mausoleum","floor":30,"gold_loss":0},{"cards_removed":["Twin Strike"],"damage_healed":0,"gold_gain":0,"player_choice":"Elegance","damage_taken":0,"max_hp_gain":0,"max_hp_loss":0,"event_name":"Back to Basics","floor":31,"gold_loss":0}],"is_beta":false,"boss_relics":[{"not_picked":["Fusion Hammer","Tiny House"],"picked":"Pandora\u0027s Box"}],"items_purged_floors":[24],"is_endless":false,"potions_floor_spawned":[5,6,12,19,27,29],"killed_by":"Collector","ascension_level":14}}