{"host":"suaetoo57rt99mh0","time":1610859147,"event":{"mods":["Act Like it!","Arknights The Spire","Aspiration","BaseMod","CatGirl Mod","Conspire","Defuse TimeMaze Blight","Elementarium","Energized Spire","Hermit","Hubris","Infinite Spire","Jedi Mod","Marisa????????","Minty Spire (QoL Compilation)","Potionbrewer","Quarter Circle Forward PUNCH!","Quick Restart","Relic Filter","Replay The Spire","StSLib","The Animator","The Bladedancer","The Construct","The Cursed","The Jungle","The Mystic","The Necromancer","The Poker Player","The Runesmith","The Sage","The Servant 0.9.4","TheHeartMod","Uncapped","UnlockEverythingMod","Useless Jewels Mod","vexMod"],"gold_per_floor":[117,117,129,147,147,175,175,194,221,233,256,256,256,289,110,110,170,275,275,291,307,307,307,319,319,319],"floor_reached":25,"language":"ENG","playtime":1046,"items_purged":["Defend_R"],"score":236,"play_id":"13a3da65-87d6-482b-9edd-a8e6f72b350d","local_time":"20210116225227","is_ascension_mode":false,"campfire_choices":[{"floor":7,"key":"REST"}],"circlet_count":0,"master_deck":["Bash","Sword Boomerang","Twin Strike","Power Through","Anger","Run Through","Berserk","jedi:controlledanger","jedi:fear","Run Through","jedi:unlimitedpower","Hemokinesis","Cleave","BowlingBash","WreathOfFlame","Ragnarok","jedi:strikingstrike","ReplayTheSpireMod:Muscle Training","Wild Strike","Eclipse","Twin Strike+1"],"relics":["Replay:M_SmolderingBlood","NeowsBlessing","Lantern","Chameleon Ring","aspiration:ChemicalBlood","Odd Mushroom","aspiration:StickyExplosives","infinitespire:Cubic Diamond","Eternal Feather","Pandora\u0027s Box"],"acts_visited":["Exordium","TheCity"],"potions_floor_usage":[6,14,14,14,18,18,18,24],"damage_taken":[{"damage":0,"enemies":"Jaw Worm","floor":1,"turns":1},{"damage":0,"enemies":"conspire:RoseBush","floor":3,"turns":1},{"damage":0,"enemies":"Cultist","floor":4,"turns":1},{"damage":36,"enemies":"Lagavulin","floor":6,"turns":6},{"damage":13,"enemies":"Gremlin Gang","floor":8,"turns":4},{"damage":12,"enemies":"Large Slime","floor":10,"turns":6},{"damage":25,"enemies":"The Mushroom Lair","floor":11,"turns":4},{"damage":0,"enemies":"3 Sentries","floor":14,"turns":2},{"damage":23,"enemies":"Slime Boss","floor":18,"turns":8},{"damage":3,"enemies":"Chosen","floor":20,"turns":3},{"damage":18,"enemies":"2 Thieves","floor":21,"turns":1},{"damage":51,"enemies":"3 Cultists","floor":24,"turns":1},{"damage":17,"enemies":"conspire:HollyBat","floor":25,"turns":3}],"seed_played":"5884272014188703101","potions_obtained":[{"floor":1,"key":"SteroidPotion"},{"floor":5,"key":"Strength Potion"},{"floor":5,"key":"potionbrewer:StunPotion"},{"floor":6,"key":"Adrenaline Potion"},{"floor":14,"key":"SmokeBomb"},{"floor":17,"key":"Explosive Potion"},{"floor":18,"key":"LifebloodPotion"},{"floor":20,"key":"conspire:TimeTravelPotion"},{"floor":21,"key":"sagemod:Wine"},{"floor":24,"key":"HeartOfIron"}],"is_trial":false,"path_per_floor":["M","?","M","M","?","E","R","M","T","M","?","PTL","PTL","E","$","?","R","B",null,"M","M","?","?","M","M"],"character_chosen":"IRONCLAD","items_purchased":["jedi:fear","Run Through"],"campfire_rested":1,"item_purchase_floors":[15,15],"current_hp_per_floor":[80,80,80,80,80,50,74,67,67,61,42,42,42,48,48,48,48,25,80,77,59,59,59,8,0,0],"gold":319,"neow_bonus":"THREE_ENEMY_KILL","is_daily":false,"chose_seed":false,"campfire_upgraded":0,"win_rate":0.0,"timestamp":1610859147,"path_taken":["M","?","M","M","?","E","R","?","T","?","?","PTL","PTL","E","?","?","R","BOSS","M","M","?","?","M","?"],"items_purchased_type":["Card","Card"],"build_version":"2020-12-22","purchased_purges":1,"victory":false,"max_hp_per_floor":[80,80,80,80,80,80,80,80,80,80,80,80,80,80,80,80,80,80,80,80,80,80,80,80,80,80],"card_choices":[{"not_picked":["Twin Strike","hubris:ReadiedAction"],"picked":"Sword Boomerang","floor":1},{"not_picked":["Warcry","ReplayTheSpireMod:Strike From Hell"],"picked":"Twin Strike","floor":3},{"not_picked":["Evolve","Limit Break"],"picked":"Power Through","floor":4},{"not_picked":["Body Slam","Pummel"],"picked":"Anger","floor":6},{"not_picked":["hubris:ReadiedAction","Clash"],"picked":"Run Through","floor":8},{"not_picked":["Seeing Red","Dark Embrace"],"picked":"Berserk","floor":10},{"not_picked":["Hemokinesis","ReplayTheSpireMod:LeadingStrike"],"picked":"jedi:controlledanger","floor":14},{"not_picked":["conspire:HitWhereItHurts","Reaper"],"picked":"jedi:unlimitedpower","floor":18},{"not_picked":["Abandon","hubris:ReadiedAction"],"picked":"Wild Strike","floor":20},{"not_picked":["Havoc","Heavy Blade","hubris:ReadiedAction+1"],"picked":"SKIP","floor":21},{"not_picked":["Armaments","jedi:suffering"],"picked":"Twin Strike+1","floor":24}],"player_experience":96404,"relics_obtained":[{"floor":2,"key":"Lantern"},{"floor":6,"key":"Chameleon Ring"},{"floor":9,"key":"aspiration:ChemicalBlood"},{"floor":11,"key":"Odd Mushroom"},{"floor":14,"key":"aspiration:StickyExplosives"},{"floor":17,"key":"Eternal Feather"}],"event_choices":[{"damage_healed":0,"gold_gain":0,"player_choice":"Got Potions","damage_taken":0,"max_hp_gain":0,"max_hp_loss":0,"event_name":"Lab","floor":5,"gold_loss":0},{"damage_healed":0,"gold_gain":0,"player_choice":"Fought Mushrooms","damage_taken":0,"max_hp_gain":0,"max_hp_loss":0,"event_name":"Mushrooms","floor":11,"gold_loss":0},{"damage_healed":0,"gold_gain":0,"player_choice":"Leave","damage_taken":0,"max_hp_gain":0,"max_hp_loss":0,"event_name":"conspire:Investor","floor":22,"gold_loss":0},{"damage_healed":0,"gold_gain":0,"cards_transformed":["Feed"],"player_choice":"Transformed","damage_taken":0,"max_hp_gain":0,"max_hp_loss":0,"event_name":"Transmorgrifier","floor":23,"gold_loss":0,"cards_obtained":["Eclipse"]}],"is_beta":false,"boss_relics":[{"not_picked":["Replay:Grab Bag","Ectoplasm"],"picked":"Pandora\u0027s Box"}],"items_purged_floors":[15],"is_endless":false,"potions_floor_spawned":[1,6,11,14,18,20,21,24],"killed_by":"conspire:HollyBat","ascension_level":0}}