{"host":"y3h3n3f7seyagppx","time":1610849254,"event":{"mods":["AlwaysNeverKeys","BaseMod","Better Vampires","Colored Powertips","DeckTracker","Emptier Cage","Minty Spire (QoL Compilation)","Permanent Neow","Quick Restart","Rare Cards Sparkle","Relic Sorter","Relic Stats","StSLib","Transform Curses"],"gold_per_floor":[216,45,45,45,59,59,90,113,113,127,145,173,8,38,38,115,115,125,125,16,16,16,42,59,88,88,106,133,133,158,185,185,262,262,276,294,310,70,70,95,111,121,121,173,203,425,458,458,458,458,458,458,458,32,62,62],"floor_reached":57,"language":"ENG","playtime":29840,"items_purged":["Anger"],"score":3018,"play_id":"046134ac-1fdc-4e5d-9409-d111f9c3a9cd","local_time":"20210116210734","is_ascension_mode":true,"campfire_choices":[{"data":"Armaments","floor":6.0,"key":"SMITH"},{"data":"Immolate","floor":15.0,"key":"SMITH"},{"data":"Body Slam","floor":29,"key":"SMITH"},{"data":"Power Through","floor":32,"key":"SMITH"},{"data":"Second Wind","floor":49,"key":"SMITH"},{"data":"Shrug It Off","floor":53,"key":"SMITH"}],"circlet_count":0,"master_deck":["AscendersBane","Defend_R","Defend_R","Defend_R","Defend_R","Bash","Clothesline","Battle Trance","Hemokinesis","Armaments+1","Carnage","Ghostly Armor","Power Through+1","Immolate+1","Corruption+1","Body Slam+1","Bite","Bite","Bite","Bite","Bite","Dark Embrace+1","Second Wind+1","Juggernaut+1","Sentinel","Barricade+1","Feel No Pain+1","Shrug It Off+1","Uppercut+1","Entrench","Feel No Pain+1","Second Wind+1","Combust+1"],"relics":["Burning Blood","Ornamental Fan","Pen Nib","Pocketwatch","Toy Ornithopter","Orrery","CaptainsWheel","Frozen Egg 2","Odd Mushroom","Pear","HornCleat","Potion Belt","Omamori","Mark of Pain","Question Card","Singing Bowl","Mummified Hand","Self Forming Clay","Paper Frog","Red Mask","Runic Pyramid","Bag of Marbles","Regal Pillow","Toxic Egg 2","The Courier","Mercury Hourglass","Oddly Smooth Stone","Blood Vial"],"acts_visited":["Exordium","TheCity","TheBeyond","TheEnding"],"potions_floor_usage":[23,25,30,33,56,56],"damage_taken":[{"damage":11.0,"enemies":"Small Slimes","floor":1.0,"turns":5.0},{"damage":7.0,"enemies":"Jaw Worm","floor":5.0,"turns":4.0},{"damage":6.0,"enemies":"Lagavulin","floor":7.0,"turns":6.0},{"damage":6.0,"enemies":"The Mushroom Lair","floor":8.0,"turns":4.0},{"damage":2.0,"enemies":"2 Louse","floor":10.0,"turns":2.0},{"damage":20.0,"enemies":"Large Slime","floor":11.0,"turns":4.0},{"damage":22.0,"enemies":"3 Sentries","floor":12.0,"turns":6.0},{"damage":4.0,"enemies":"Gremlin Nob","floor":14.0,"turns":4.0},{"damage":35.0,"enemies":"The Guardian","floor":16.0,"turns":14.0},{"damage":17.0,"enemies":"Shell Parasite","floor":18.0,"turns":4.0},{"damage":21,"enemies":"Slavers","floor":23,"turns":5},{"damage":2,"enemies":"Spheric Guardian","floor":24,"turns":3},{"damage":13,"enemies":"Book of Stabbing","floor":25,"turns":4},{"damage":2,"enemies":"Cultist and Chosen","floor":27,"turns":4},{"damage":15,"enemies":"Gremlin Leader","floor":28,"turns":4},{"damage":10,"enemies":"Book of Stabbing","floor":30,"turns":4},{"damage":2,"enemies":"Masked Bandits","floor":31,"turns":3},{"damage":25,"enemies":"Automaton","floor":33,"turns":9},{"damage":0,"enemies":"3 Shapes","floor":35,"turns":5},{"damage":8,"enemies":"Orb Walker","floor":36,"turns":3},{"damage":0,"enemies":"Sphere and 2 Shapes","floor":37,"turns":6},{"damage":7,"enemies":"Nemesis","floor":40,"turns":3},{"damage":2,"enemies":"Spire Growth","floor":41,"turns":4},{"damage":14,"enemies":"Writhing Mass","floor":42,"turns":6},{"damage":14,"enemies":"2 Orb Walkers","floor":44,"turns":4},{"damage":2,"enemies":"Giant Head","floor":45,"turns":5},{"damage":10,"enemies":"Nemesis","floor":47,"turns":3},{"damage":33,"enemies":"Awakened One","floor":50,"turns":9},{"damage":24,"enemies":"Donu and Deca","floor":51,"turns":8},{"damage":2,"enemies":"Shield and Spear","floor":55,"turns":5},{"damage":22,"enemies":"The Heart","floor":56,"turns":9}],"seed_played":"-2854900634907236644","potions_obtained":[{"floor":8.0,"key":"BlessingOfTheForge"},{"floor":10.0,"key":"LiquidMemories"},{"floor":16.0,"key":"ElixirPotion"},{"floor":23,"key":"Weak Potion"},{"floor":25,"key":"Weak Potion"},{"floor":28,"key":"FearPotion"},{"floor":30,"key":"SkillPotion"},{"floor":35,"key":"SteroidPotion"},{"floor":40,"key":"Weak Potion"},{"floor":44,"key":"DuplicationPotion"},{"floor":45,"key":"Dexterity Potion"}],"is_trial":false,"path_per_floor":["M","$","?","T","M","R","E","?","T","M","M","E","$","E","R","B",null,"M","?","$","?","?","E","M","E","T","M","E","R","E","?","R","B",null,"M","M","M","$","?","E","M","M","T","?","E","?","E","?","R","B","B",null,"R","$","E","B",null],"character_chosen":"IRONCLAD","items_purchased":["Orrery","Potion Belt","BloodPotion","Dexterity Potion","Bag of Marbles","Feel No Pain+1","Second Wind+1","Toy Ornithopter","Oddly Smooth Stone","LiquidMemories"],"campfire_rested":0,"item_purchase_floors":[2,13,20,20,38,54,54,54,54,54],"current_hp_per_floor":[63,63,63,63,62,62,62,62,72,76,62,46,46,48,48,19,69,58,58,58,58,58,51,61,60,60,61,58,58,60,65,65,59,64,65,65,65,65,62,64,66,66,66,66,70,70,70,70,70,70,70,70,70,70,70,70],"gold":62,"neow_bonus":"HUNDRED_GOLD","is_daily":false,"chose_seed":false,"campfire_upgraded":6,"win_rate":0.0,"timestamp":1610849254,"path_taken":["M","$","?","?","M","R","E","?","T","M","M","E","$","E","R","BOSS","M","?","$","?","?","E","M","E","T","M","E","R","E","?","R","BOSS","M","M","M","$","?","E","M","M","T","?","E","?","E","?","R","BOSS","BOSS","R","$","E","BOSS"],"items_purchased_type":["Relic","Relic","Potion","Potion","Relic","Card","Card","Relic","Relic","Potion"],"build_version":"2020-12-22","purchased_purges":1,"victory":true,"max_hp_per_floor":[75,75,75,75,75,75,75,75,85,85,85,85,85,85,85,85,85,85,85,85,59,59,59,61,61,61,61,63,63,63,65,65,65,65,65,65,65,65,62,64,66,66,66,68,70,70,70,70,70,70,70,70,70,70,70,70],"relic_stats":{"Regal Pillow":0,"Singing Bowl":14,"counters":[31,159],"Self Forming Clay":[129],"Pen Nib":[17],"Question Card":18,"Burning Blood":117,"Mercury Hourglass":[98],"Blood Vial":0,"Ornamental Fan":[148],"Mummified Hand":[90],"obtain_stats":[{"Regal Pillow":40,"Singing Bowl":22,"Burning Blood":0,"Blood Vial":55,"HornCleat":12,"Mummified Hand":25,"Red Mask":31,"Toxic Egg 2":43,"Paper Frog":28,"Runic Pyramid":34,"Potion Belt":13,"Pear":9,"Self Forming Clay":26,"Oddly Smooth Stone":54,"Pen Nib":30,"The Courier":45,"Omamori":14,"Frozen Egg 2":7,"Odd Mushroom":8,"Question Card":19,"Mercury Hourglass":47,"CaptainsWheel":4,"Ornamental Fan":23,"Orrery":2,"Mark of Pain":17,"Bag of Marbles":38,"Toy Ornithopter":54,"Pocketwatch":44},{"Regal Pillow":22,"Singing Bowl":10,"Burning Blood":0,"Blood Vial":30,"HornCleat":7,"Mummified Hand":13,"Red Mask":17,"Toxic Egg 2":24,"Paper Frog":15,"Runic Pyramid":18,"Potion Belt":7,"Pear":4,"Self Forming Clay":13,"Oddly Smooth Stone":29,"Pen Nib":16,"The Courier":26,"Omamori":8,"Frozen Egg 2":3,"Odd Mushroom":4,"Question Card":10,"Mercury Hourglass":27,"CaptainsWheel":1,"Ornamental Fan":11,"Orrery":1,"Mark of Pain":9,"Bag of Marbles":21,"Toy Ornithopter":29,"Pocketwatch":25},{"Regal Pillow":106,"Singing Bowl":53,"Burning Blood":0,"Blood Vial":150,"HornCleat":31,"Mummified Hand":65,"Red Mask":80,"Toxic Egg 2":116,"Paper Frog":73,"Runic Pyramid":89,"Potion Belt":31,"Pear":19,"Self Forming Clay":65,"Oddly Smooth Stone":145,"Pen Nib":77,"The Courier":125,"Omamori":35,"Frozen Egg 2":15,"Odd Mushroom":19,"Question Card":53,"Mercury Hourglass":128,"CaptainsWheel":5,"Ornamental Fan":58,"Orrery":5,"Mark of Pain":49,"Bag of Marbles":103,"Toy Ornithopter":145,"Pocketwatch":120}],"Toy Ornithopter":6,"Pocketwatch":[3]},"card_choices":[{"not_picked":["Iron Wave","Perfected Strike"],"picked":"Clothesline","floor":1.0},{"not_picked":["Power Through","Wild Strike"],"picked":"Battle Trance","floor":2.0},{"not_picked":["Rupture","Seeing Red"],"picked":"Hemokinesis","floor":2.0},{"not_picked":["Pommel Strike","Double Tap"],"picked":"Anger","floor":2.0},{"not_picked":["Exhume","Shockwave"],"picked":"Armaments","floor":2.0},{"not_picked":["Cleave","Anger"],"picked":"Carnage","floor":5.0},{"not_picked":["Sever Soul","Armaments","Pommel Strike"],"picked":"SKIP","floor":7.0},{"not_picked":["Havoc","Flex"],"picked":"Ghostly Armor","floor":10.0},{"not_picked":["Body Slam","Second Wind"],"picked":"Power Through","floor":11.0},{"not_picked":["Wild Strike","Twin Strike"],"picked":"Immolate","floor":12.0},{"not_picked":["Perfected Strike","Clothesline","Iron Wave"],"picked":"SKIP","floor":14.0},{"not_picked":["Offering","Fiend Fire"],"picked":"Corruption+1","floor":16.0},{"not_picked":["Body Slam","Flex","Anger"],"picked":"SKIP","floor":18.0},{"not_picked":["Flex","Anger"],"picked":"Body Slam","floor":18.0},{"not_picked":["Intimidate","Havoc","Metallicize+1"],"picked":"Dark Embrace+1","floor":23},{"not_picked":["Metallicize+1","Sever Soul","Clothesline+1","Combust+1"],"picked":"Singing Bowl","floor":24},{"not_picked":["Battle Trance","Blood for Blood","Dark Embrace+1"],"picked":"Second Wind","floor":25},{"not_picked":["Cleave+1","Warcry","Iron Wave+1"],"picked":"Juggernaut+1","floor":27},{"not_picked":["Clothesline","Body Slam","True Grit","Heavy Blade+1"],"picked":"Singing Bowl","floor":28},{"not_picked":["Twin Strike+1","Metallicize+1","Dropkick"],"picked":"Sentinel","floor":30},{"not_picked":["Iron Wave","Rupture+1","Hemokinesis","True Grit"],"picked":"Singing Bowl","floor":31},{"not_picked":["Limit Break","Impervious","Juggernaut+1"],"picked":"Barricade+1","floor":33},{"not_picked":["Heavy Blade","Perfected Strike","Warcry"],"picked":"Feel No Pain+1","floor":35},{"not_picked":["Iron Wave","Evolve+1","Clash"],"picked":"Shrug It Off","floor":36},{"not_picked":["Wild Strike","Headbutt","Heavy Blade"],"picked":"Uppercut+1","floor":37},{"not_picked":["Iron Wave+1","Heavy Blade+1","Sever Soul","Sword Boomerang"],"picked":"Singing Bowl","floor":40},{"not_picked":["Wild Strike","Infernal Blade","Twin Strike+1","Anger+1"],"picked":"Singing Bowl","floor":41},{"not_picked":["Immolate","Fire Breathing+1","Flex"],"picked":"Entrench","floor":42},{"not_picked":["Cleave+1","Perfected Strike+1","Rampage","Evolve+1"],"picked":"Singing Bowl","floor":44},{"not_picked":["Battle Trance+1","Rampage","Cleave","Clash"],"picked":"Singing Bowl","floor":45},{"not_picked":["Flex+1","True Grit+1","Anger"],"picked":"Disarm+1","floor":47},{"not_picked":["Brutality+1","Infernal Blade+1","Iron Wave"],"picked":"Combust+1","floor":55}],"player_experience":21099968,"relics_obtained":[{"floor":4.0,"key":"CaptainsWheel"},{"floor":7.0,"key":"Frozen Egg 2"},{"floor":8.0,"key":"Odd Mushroom"},{"floor":9.0,"key":"Pear"},{"floor":12.0,"key":"HornCleat"},{"floor":14.0,"key":"Omamori"},{"floor":23,"key":"Ornamental Fan"},{"floor":25,"key":"Mummified Hand"},{"floor":26,"key":"Self Forming Clay"},{"floor":28,"key":"Paper Frog"},{"floor":30,"key":"Pen Nib"},{"floor":31,"key":"Red Mask"},{"floor":40,"key":"Regal Pillow"},{"floor":43,"key":"Toxic Egg 2"},{"floor":44,"key":"Pocketwatch"},{"floor":45,"key":"The Courier"},{"floor":47,"key":"Mercury Hourglass"},{"floor":55,"key":"Blood Vial"}],"event_choices":[{"damage_healed":0.0,"max_hp_gain":0.0,"max_hp_loss":0.0,"gold_gain":0.0,"event_name":"Liars Game","player_choice":"Ignored","floor":3.0,"gold_loss":0.0,"damage_taken":0.0},{"damage_healed":0.0,"max_hp_gain":0.0,"max_hp_loss":0.0,"gold_gain":0.0,"event_name":"Mushrooms","player_choice":"Fought Mushrooms","floor":8.0,"gold_loss":0.0,"damage_taken":0.0},{"damage_healed":0.0,"max_hp_gain":0.0,"max_hp_loss":0.0,"gold_gain":0.0,"event_name":"Addict","player_choice":"Stole Relic","floor":19.0,"gold_loss":0.0,"damage_taken":0.0,"relics_obtained":["Question Card"],"cards_obtained":["Shame"]},{"damage_healed":0.0,"max_hp_gain":0.0,"max_hp_loss":26.0,"gold_gain":0.0,"event_name":"Vampires","player_choice":"Became a vampire","floor":21.0,"gold_loss":0.0,"damage_taken":0.0,"cards_obtained":["Bite","Bite","Bite","Bite","Bite"]},{"damage_healed":0.0,"max_hp_gain":0.0,"max_hp_loss":0.0,"gold_gain":0.0,"event_name":"The Mausoleum","player_choice":"Opened","floor":22.0,"gold_loss":0.0,"damage_taken":0.0,"relics_obtained":["Singing Bowl"],"cards_obtained":["Writhe"]},{"damage_healed":0,"gold_gain":0,"player_choice":"Fought Bandits","damage_taken":0,"max_hp_gain":0,"max_hp_loss":0,"event_name":"Masked Bandits","floor":31,"gold_loss":0},{"damage_healed":0,"gold_gain":0,"player_choice":"Max HP","damage_taken":0,"max_hp_gain":0,"max_hp_loss":3,"event_name":"Winding Halls","floor":39,"gold_loss":0},{"damage_healed":0,"gold_gain":0,"player_choice":"Fight","damage_taken":0,"max_hp_gain":0,"max_hp_loss":0,"event_name":"Mysterious Sphere","floor":44,"gold_loss":0},{"damage_healed":0,"gold_gain":222,"player_choice":"Wore Mask","damage_taken":0,"max_hp_gain":0,"max_hp_loss":0,"event_name":"Tomb of Lord Red Mask","floor":46,"gold_loss":0},{"cards_removed":["Disarm"],"damage_healed":0,"gold_gain":0,"player_choice":"Removed Skill","damage_taken":0,"max_hp_gain":0,"max_hp_loss":0,"event_name":"Falling","floor":48,"gold_loss":0}],"is_beta":false,"boss_relics":[{"not_picked":["Runic Dome","SacredBark"],"picked":"Mark of Pain"},{"not_picked":["Black Blood","Coffee Dripper"],"picked":"Runic Pyramid"}],"items_purged_floors":[38],"is_endless":false,"potions_floor_spawned":[8,10,11,16,23,25,28,30,31,35,40,44,45,55],"ascension_level":20}}