{"host":"r51me5lv7t5xfjjt","time":1610862120,"event":{"mods":["BaseMod","Downfall","Hunter ¡‘»À","Minty Spire (QoL Compilation)","Spicy Shops","StSLib","TestMod","The Animator"],"gold_per_floor":[113,113,113,129,59,59,84,184,184,184,184],"floor_reached":10,"language":"ZHS","playtime":298,"items_purged":[],"score":114,"play_id":"ca68a0ae-c99c-47d6-bca0-fb2a7e765191","local_time":"20210117134200","daily_mods":["SealedDeck","Blue Cards","Heirloom","Time Dilation","Flight","downfall:Lament"],"is_ascension_mode":false,"campfire_choices":[{"data":"Bouncing Flask","floor":6,"key":"SMITH"}],"circlet_count":0,"master_deck":["Glacier","Streamline","Crippling Poison","Leap","Steam","Dagger Throw","Quick Slash","Backflip","Bane","Deadly Poison","Concentrate","Bouncing Flask+1","Decay","downfall:Malfunctioning","Regret","Regret"],"relics":["Unceasing Top","NeowsBlessing","testmod-TestBox","testmod-NegativeEmotionEnhancer","The Specimen","Oddly Smooth Stone","Pen Nib","Darkstone Periapt","Prayer Wheel"],"acts_visited":["Exordium"],"potions_floor_usage":[],"damage_taken":[{"damage":0,"enemies":"Jaw Worm","floor":1,"turns":1},{"damage":0,"enemies":"2 Louse","floor":4,"turns":1},{"damage":0,"enemies":"Lagavulin","floor":7,"turns":1},{"damage":0,"enemies":"3 Sentries","floor":10,"turns":1}],"seed_played":"-4185955398163674281","potions_obtained":[{"floor":4,"key":"FairyPotion"}],"is_trial":true,"path_per_floor":["M","?","?","M","$","R","E","?","T","E"],"character_chosen":"THE_SILENT","items_purchased":["Bouncing Flask"],"campfire_rested":0,"item_purchase_floors":[5],"current_hp_per_floor":[71,71,71,72,72,72,73,97,97,97,97],"gold":184,"neow_bonus":"","is_daily":false,"chose_seed":false,"campfire_upgraded":1,"win_rate":0.0,"timestamp":1610862120,"path_taken":["M","?","?","?","?","R","E","?","T","E"],"items_purchased_type":["Card"],"build_version":"2020-12-22","purchased_purges":0,"victory":false,"max_hp_per_floor":[71,71,71,72,72,72,73,97,97,97,97],"card_choices":[{"not_picked":["Reprogram","Prepared"],"picked":"Concentrate","floor":1},{"not_picked":["Beam Cell","Steam","Blade Dance"],"picked":"SKIP","floor":4},{"not_picked":["Ball Lightning","Well Laid Plans","Chaos"],"picked":"SKIP","floor":7}],"player_experience":368442,"relics_obtained":[{"floor":7,"key":"Pen Nib"},{"floor":9,"key":"Prayer Wheel"}],"event_choices":[{"damage_healed":0,"gold_gain":0,"player_choice":"Box","damage_taken":0,"relics_obtained":["Oddly Smooth Stone"],"max_hp_gain":0,"max_hp_loss":0,"event_name":"Big Fish","floor":2,"gold_loss":0,"cards_obtained":["Regret"]},{"cards_removed":["Regret"],"damage_healed":0,"gold_gain":0,"player_choice":"Purged","damage_taken":0,"max_hp_gain":0,"max_hp_loss":0,"event_name":"Purifier","floor":3,"gold_loss":0}],"is_beta":false,"boss_relics":[],"items_purged_floors":[],"is_endless":true,"potions_floor_spawned":[4],"killed_by":"3 Sentries","ascension_level":0}}