{"host":"f5gffvlv6a66yqkd","time":1610877041,"event":{"mods":["2.2 Compatiblity","Alarm Clock","BaseMod","Colored Map","Custom Start","DeckTracker","Keyboard Shortcuts","Minty Spire (QoL Compilation)","Permanent Neow","Quick Restart","Relic Stats","Replay The Spire","StSLib","SuperFastMode"],"gold_per_floor":[114,114,130,130,41,41,41],"floor_reached":6,"language":"KOR","playtime":92,"items_purged":[],"score":68,"play_id":"171dd4dc-e305-4a02-b132-4867c2ddb32c","local_time":"20210117185041","is_ascension_mode":true,"campfire_choices":[],"circlet_count":0,"master_deck":["AscendersBane","Strike_B","Strike_B","Strike_B","Strike_B+1","Defend_B","Defend_B","Defend_B","Defend_B","Zap+1","Dualcast","Doubt","Sweeping Beam","Gash","Defragment"],"relics":["Cracked Core","Bird Faced Urn"],"acts_visited":["Exordium"],"potions_floor_usage":[6],"damage_taken":[{"damage":1.0,"enemies":"Cultist","floor":1.0,"turns":3.0},{"damage":9.0,"enemies":"2 Louse","floor":3.0,"turns":3.0},{"damage":41,"enemies":"Gremlin Nob","floor":6,"turns":3}],"seed_played":"-4928102820497073351","potions_obtained":[{"floor":1.0,"key":"Fire Potion"}],"is_trial":false,"path_per_floor":["M","?","M","?","$","E"],"character_chosen":"DEFECT","items_purchased":["Defragment"],"campfire_rested":0,"item_purchase_floors":[5],"current_hp_per_floor":[63,42,33,33,33,0,0],"gold":41,"neow_bonus":"ONE_RARE_RELIC","is_daily":false,"chose_seed":false,"campfire_upgraded":0,"win_rate":0.0,"timestamp":1610877041,"path_taken":["M","?","M","?","$","E"],"items_purchased_type":["Card"],"build_version":"2020-12-22","purchased_purges":0,"victory":false,"max_hp_per_floor":[71,71,71,71,71,71,71],"relic_stats":{"counters":[3,9],"Bird Faced Urn":[2],"obtain_stats":[{"Bird Faced Urn":0,"Cracked Core":0},{"Bird Faced Urn":0,"Cracked Core":0},{"Bird Faced Urn":0,"Cracked Core":0}]},"card_choices":[{"not_picked":["Redo","ReplayTheSpireMod:System Scan"],"picked":"Sweeping Beam","floor":1.0},{"not_picked":["Sweeping Beam","Coolheaded"],"picked":"Gash","floor":3.0}],"player_experience":1583600,"relics_obtained":[],"event_choices":[{"damage_healed":0.0,"max_hp_gain":0.0,"max_hp_loss":0.0,"gold_gain":0.0,"event_name":"Shining Light","player_choice":"Entered Light","floor":2.0,"gold_loss":0.0,"damage_taken":21.0,"cards_upgraded":["Zap","Strike_B"]},{"damage_healed":0.0,"max_hp_gain":0.0,"max_hp_loss":0.0,"gold_gain":0.0,"event_name":"Scrap Ooze","player_choice":"Fled","floor":4.0,"gold_loss":0.0,"damage_taken":0.0}],"is_beta":false,"boss_relics":[],"items_purged_floors":[],"is_endless":false,"potions_floor_spawned":[1],"killed_by":"Gremlin Nob","ascension_level":20}}