{"host":"19tvufa8xx4wr4o1","time":1610842255,"event":{"mods":["AchievementEnabler","BaseMod","Better Sensory Stone","Better Third Choice","Highlight Path","Minty Spire (QoL Compilation)","Relic Stats","StSLib"],"gold_per_floor":[110,126,126,126,145,180,180,209,209,226,245,276,276,276,276,353,353,353,353,353,353,11,11,11,11,11,11,11,11,11,11,11,11,11,11,11,11,11,11,11],"floor_reached":39,"language":"ENG","playtime":1589,"items_purged":["Shame"],"score":761,"play_id":"730b9164-381d-4bcd-aca0-59d401fcd492","local_time":"20210116181055","is_ascension_mode":true,"campfire_choices":[{"floor":7.0,"key":"REST"},{"floor":13.0,"key":"REST"},{"floor":15.0,"key":"REST"},{"data":"A Thousand Cuts","floor":23.0,"key":"SMITH"},{"floor":27.0,"key":"REST"},{"data":"All Out Attack","floor":30.0,"key":"SMITH"},{"floor":32.0,"key":"REST"}],"circlet_count":0,"master_deck":["AscendersBane","Strike_G","Strike_G","Strike_G","Strike_G+1","Defend_G","Defend_G","Defend_G","Defend_G","Defend_G","Survivor","Neutralize+1","Acrobatics","Dagger Throw","Dagger Spray","Dagger Throw","Riddle With Holes","Predator","All Out Attack+1","A Thousand Cuts+1","PiercingWail","Prepared","Dark Shackles","Underhanded Strike+1","Acrobatics+1","Cloak And Dagger","Glass Knife","Choke+1","Setup","Backflip","A Thousand Cuts"],"relics":["HoveringKite","Prayer Wheel","Gremlin Horn","Blue Candle","Smiling Mask","Ectoplasm","Toy Ornithopter","Omamori","Art of War","Potion Belt","Pear","Whetstone","Snecko Eye","MawBank"],"acts_visited":["Exordium","TheCity","TheBeyond"],"potions_floor_usage":[],"damage_taken":[{"damage":0.0,"enemies":"2 Louse","floor":1.0,"turns":2.0},{"damage":3.0,"enemies":"Jaw Worm","floor":2.0,"turns":4.0},{"damage":0.0,"enemies":"Cultist","floor":5.0,"turns":4.0},{"damage":38.0,"enemies":"Gremlin Nob","floor":6.0,"turns":5.0},{"damage":19.0,"enemies":"Lagavulin","floor":8.0,"turns":8.0},{"damage":0.0,"enemies":"Blue Slaver","floor":10.0,"turns":3.0},{"damage":3.0,"enemies":"2 Fungi Beasts","floor":11.0,"turns":3.0},{"damage":13.0,"enemies":"Gremlin Nob","floor":12.0,"turns":3.0},{"damage":26.0,"enemies":"The Guardian","floor":16.0,"turns":12.0},{"damage":3.0,"enemies":"Chosen","floor":18.0,"turns":3.0},{"damage":1.0,"enemies":"3 Byrds","floor":21.0,"turns":4.0},{"damage":18.0,"enemies":"Snake Plant","floor":25.0,"turns":4.0},{"damage":18.0,"enemies":"Book of Stabbing","floor":29.0,"turns":6.0},{"damage":19.0,"enemies":"Slavers","floor":31.0,"turns":6.0},{"damage":70.0,"enemies":"Collector","floor":33.0,"turns":10.0},{"damage":15.0,"enemies":"Orb Walker","floor":35.0,"turns":3.0},{"damage":1.0,"enemies":"3 Shapes","floor":37.0,"turns":5.0},{"damage":58,"enemies":"Writhing Mass","floor":39,"turns":3}],"seed_played":"7628434212173505352","potions_obtained":[{"floor":1.0,"key":"Dexterity Potion"},{"floor":6.0,"key":"Explosive Potion"},{"floor":8.0,"key":"PowerPotion"},{"floor":10.0,"key":"FearPotion"},{"floor":20.0,"key":"CunningPotion"},{"floor":20.0,"key":"Fruit Juice"},{"floor":25.0,"key":"Block Potion"},{"floor":29.0,"key":"Weak Potion"}],"is_trial":false,"path_per_floor":["M","M","?","?","M","E","R","E","T","M","M","E","R","?","R","B",null,"M","?","?","M","$","R","?","M","T","R","?","E","R","E","R","B",null,"M","?","M","?","M"],"character_chosen":"THE_SILENT","items_purchased":["Omamori","Art of War"],"campfire_rested":5,"item_purchase_floors":[22,22],"current_hp_per_floor":[59,56,56,56,56,18,37,18,18,18,15,2,21,21,40,14,53,50,50,60,59,59,59,59,41,41,62,62,64,64,45,69,4,62,47,47,46,46,0,0],"gold":11,"neow_bonus":"BOSS_RELIC","is_daily":false,"chose_seed":false,"campfire_upgraded":2,"win_rate":0.0,"timestamp":1610842255,"path_taken":["M","M","?","?","M","E","R","E","T","M","?","E","R","?","R","BOSS","M","?","?","?","$","R","?","M","T","R","?","E","R","E","R","BOSS","M","?","?","?","M"],"items_purchased_type":["Relic","Relic"],"build_version":"2020-12-22","purchased_purges":1,"victory":false,"max_hp_per_floor":[66,66,66,66,66,66,66,66,66,66,66,66,66,66,66,66,66,66,66,71,71,71,71,71,71,71,71,71,81,81,81,81,81,81,81,81,81,81,81,81],"relic_stats":{"Gremlin Horn":[10,10],"counters":[18,88],"Blue Candle":[1],"HoveringKite":[60],"Whetstone":["Strike_G","Underhanded Strike"],"Smiling Mask":25,"MawBank":0,"Snecko Eye":[20,22,22,23],"Prayer Wheel":7,"Ectoplasm":243,"Art of War":[2],"obtain_stats":[{"Potion Belt":26,"Pear":29,"Gremlin Horn":8,"Blue Candle":9,"HoveringKite":0,"Omamori":22,"Whetstone":31,"Smiling Mask":12,"MawBank":38,"Snecko Eye":34,"Prayer Wheel":6,"Ectoplasm":17,"Art of War":22,"Toy Ornithopter":19,"Ring of the Snake":0},{"Potion Belt":12,"Pear":13,"Gremlin Horn":5,"Blue Candle":5,"HoveringKite":0,"Omamori":11,"Whetstone":14,"Smiling Mask":8,"MawBank":17,"Snecko Eye":15,"Prayer Wheel":4,"Ectoplasm":9,"Art of War":11,"Toy Ornithopter":10,"Ring of the Snake":0},{"Potion Belt":55,"Pear":61,"Gremlin Horn":23,"Blue Candle":23,"HoveringKite":0,"Omamori":51,"Whetstone":67,"Smiling Mask":32,"MawBank":85,"Snecko Eye":77,"Prayer Wheel":15,"Ectoplasm":44,"Art of War":51,"Toy Ornithopter":47,"Ring of the Snake":0}],"Toy Ornithopter":20},"card_choices":[{"not_picked":["Caltrops","Dagger Spray"],"picked":"Acrobatics","floor":1.0},{"not_picked":["Finisher","Footwork"],"picked":"Dagger Throw","floor":2.0},{"not_picked":["Dodge and Roll","Slice"],"picked":"Dagger Spray","floor":5.0},{"not_picked":["Accuracy","Catalyst"],"picked":"Dagger Throw","floor":6.0},{"not_picked":["Infinite Blades","Expertise"],"picked":"Riddle With Holes","floor":8.0},{"not_picked":["Blade Dance","Malaise"],"picked":"Predator","floor":10.0},{"not_picked":["Dagger Spray","Underhanded Strike","Concentrate"],"picked":"SKIP","floor":10.0},{"not_picked":["Cloak And Dagger","Expertise"],"picked":"All Out Attack","floor":11.0},{"not_picked":["Cloak And Dagger","Underhanded Strike"],"picked":"Terror","floor":11.0},{"not_picked":["Infinite Blades","Dagger Throw","Setup"],"picked":"SKIP","floor":12.0},{"not_picked":["Doppelganger","Unload"],"picked":"A Thousand Cuts","floor":16.0},{"not_picked":["Heel Hook","Blade Dance","Deadly Poison+1"],"picked":"SKIP","floor":18.0},{"not_picked":["Deflect","Blade Dance","Distraction"],"picked":"SKIP","floor":18.0},{"not_picked":["Acrobatics+1","Deadly Poison"],"picked":"PiercingWail","floor":21.0},{"not_picked":["Unload","Quick Slash+1"],"picked":"Prepared","floor":21.0},{"not_picked":["Enlightenment","Panache"],"picked":"Dark Shackles","floor":24.0},{"not_picked":["Eviscerate","Catalyst"],"picked":"Underhanded Strike","floor":25.0},{"not_picked":["Well Laid Plans","Concentrate"],"picked":"Acrobatics+1","floor":25.0},{"not_picked":["Bane+1","Riddle With Holes","Storm of Steel"],"picked":"SKIP","floor":29.0},{"not_picked":["Endless Agony","Predator"],"picked":"Cloak And Dagger","floor":31.0},{"not_picked":["Storm of Steel","A Thousand Cuts"],"picked":"Glass Knife","floor":33.0},{"not_picked":["Dagger Throw","Distraction"],"picked":"Choke+1","floor":35.0},{"not_picked":["Dodge and Roll","Sucker Punch+1","Cloak And Dagger"],"picked":"SKIP","floor":35.0},{"not_picked":["Dagger Throw","Deflect+1"],"picked":"Backflip","floor":37.0},{"not_picked":["Quick Slash","Sucker Punch"],"picked":"A Thousand Cuts","floor":37.0}],"player_experience":588045,"relics_obtained":[{"floor":6.0,"key":"Prayer Wheel"},{"floor":8.0,"key":"Gremlin Horn"},{"floor":9.0,"key":"Blue Candle"},{"floor":12.0,"key":"Smiling Mask"},{"floor":26.0,"key":"Potion Belt"},{"floor":29.0,"key":"Pear"},{"floor":31.0,"key":"Whetstone"}],"event_choices":[{"damage_healed":0.0,"max_hp_gain":0.0,"max_hp_loss":0.0,"gold_gain":0.0,"event_name":"Living Wall","player_choice":"Grow","floor":3.0,"gold_loss":0.0,"damage_taken":0.0,"cards_upgraded":["Neutralize"]},{"damage_healed":0.0,"max_hp_gain":0.0,"max_hp_loss":0.0,"gold_gain":0.0,"event_name":"The Cleric","player_choice":"Leave","floor":4.0,"gold_loss":0.0,"damage_taken":0.0},{"damage_healed":0.0,"max_hp_gain":0.0,"max_hp_loss":0.0,"gold_gain":0.0,"event_name":"betterThird:BetterSerpent","player_choice":"Ignored","floor":14.0,"gold_loss":0.0,"damage_taken":276.0},{"damage_healed":0.0,"max_hp_gain":0.0,"max_hp_loss":0.0,"gold_gain":0.0,"event_name":"Addict","player_choice":"Stole Relic","floor":19.0,"gold_loss":0.0,"damage_taken":0.0,"relics_obtained":["Toy Ornithopter"],"cards_obtained":["Shame"]},{"damage_healed":0.0,"max_hp_gain":0.0,"max_hp_loss":0.0,"gold_gain":0.0,"event_name":"Lab","player_choice":"Got Potions","floor":20.0,"gold_loss":0.0,"damage_taken":0.0},{"damage_healed":0.0,"max_hp_gain":0.0,"max_hp_loss":0.0,"gold_gain":2.0,"event_name":"betterStone:BetterStone","player_choice":"1","floor":24.0,"gold_loss":0.0,"damage_taken":0.0},{"damage_healed":0.0,"max_hp_gain":0.0,"max_hp_loss":0.0,"gold_gain":0.0,"event_name":"Forgotten Altar","player_choice":"Smashed Altar","floor":28.0,"gold_loss":0.0,"damage_taken":0.0,"cards_obtained":["Decay"]},{"damage_healed":0.0,"max_hp_gain":0.0,"max_hp_loss":0.0,"gold_gain":0.0,"cards_transformed":["Strike_G"],"event_name":"Transmorgrifier","player_choice":"Transformed","floor":36.0,"gold_loss":0.0,"damage_taken":0.0,"cards_obtained":["Setup"]},{"cards_removed":["Terror"],"damage_healed":0.0,"max_hp_gain":0.0,"max_hp_loss":0.0,"gold_gain":0.0,"event_name":"WeMeetAgain","player_choice":"Gave Card","floor":38.0,"gold_loss":0.0,"damage_taken":0.0,"relics_obtained":["MawBank"]}],"is_beta":false,"boss_relics":[{"not_picked":["Coffee Dripper","Busted Crown"],"picked":"Ectoplasm"},{"not_picked":["Black Star","SlaversCollar"],"picked":"Snecko Eye"}],"items_purged_floors":[22],"is_endless":false,"potions_floor_spawned":[1,6,8,10,25,29],"killed_by":"Writhing Mass","ascension_level":15}}