{"host":"kg61lsvem4dxoat8","time":1610896116,"event":{"mods":["BaseMod","Colored Powertips","Minty Spire (QoL Compilation)","Quick Restart","Rare Cards Sparkle","Relic Stats","slay the spire mod where everything is the same but ironclad has a cowboy hat"],"gold_per_floor":[119,137,137,137,287,313,313,12,12,12,38,38,59,82,82,164,164,182,182,8,26,26,26,36,36,61,61,61,61,76,98,98,98,98],"floor_reached":33,"language":"ENG","playtime":739,"items_purged":["Strike_G"],"score":473,"play_id":"e580a667-33e7-48d7-a9fe-d5f07dec93af","local_time":"20210117230836","is_ascension_mode":true,"campfire_choices":[{"data":"Die Die Die","floor":10,"key":"SMITH"},{"data":"Blade Dance","floor":12,"key":"SMITH"},{"data":"Accuracy","floor":15,"key":"SMITH"},{"floor":23,"key":"REST"},{"data":"Cloak And Dagger","floor":25,"key":"SMITH"},{"data":"Adrenaline","floor":27,"key":"SMITH"},{"floor":32,"key":"REST"}],"circlet_count":0,"master_deck":["AscendersBane","Strike_G","Strike_G","Strike_G+1","Defend_G","Defend_G+1","Defend_G","Defend_G","Defend_G","Survivor","Neutralize","Die Die Die+1","Blade Dance+1","Infinite Blades","Accuracy+1","Adrenaline+1","Cloak And Dagger+1","Infinite Blades","Footwork"],"relics":["Ring of the Snake","NeowsBlessing","Dream Catcher","CeramicFish","Lee\u0027s Waffle","Tough Bandages","Busted Crown","Nunchaku"],"acts_visited":["Exordium","TheCity"],"potions_floor_usage":[16,24,33,33],"damage_taken":[{"damage":0,"enemies":"Small Slimes","floor":1,"turns":1},{"damage":0,"enemies":"2 Louse","floor":2,"turns":1},{"damage":0,"enemies":"Gremlin Nob","floor":6,"turns":1},{"damage":1,"enemies":"Jaw Worm","floor":11,"turns":3},{"damage":0,"enemies":"2 Fungi Beasts","floor":13,"turns":1},{"damage":6,"enemies":"Looter","floor":14,"turns":3},{"damage":63,"enemies":"Hexaghost","floor":16,"turns":10},{"damage":11,"enemies":"2 Thieves","floor":18,"turns":4},{"damage":4,"enemies":"Shell Parasite","floor":21,"turns":4},{"damage":0,"enemies":"Cultist and Chosen","floor":24,"turns":4},{"damage":12,"enemies":"Centurion and Healer","floor":30,"turns":5},{"damage":26,"enemies":"Snake Plant","floor":31,"turns":5},{"damage":41,"enemies":"Automaton","floor":33,"turns":6}],"seed_played":"-5347773246017700398","potions_obtained":[{"floor":2,"key":"Fire Potion"},{"floor":14,"key":"SpeedPotion"},{"floor":30,"key":"BlessingOfTheForge"},{"floor":31,"key":"SteroidPotion"}],"is_trial":false,"path_per_floor":["M","M","?","?","?","E","?","$","T","R","M","R","M","M","R","B",null,"M","?","$","M","$","R","M","R","T","R","?","?","M","M","R","B"],"character_chosen":"THE_SILENT","items_purchased":["Die Die Die","Lee\u0027s Waffle","Cloak And Dagger","Infinite Blades"],"campfire_rested":2,"item_purchase_floors":[8,8,20,20],"current_hp_per_floor":[59,59,52,32,32,32,6,73,73,73,72,72,72,66,66,3,56,45,45,45,41,41,62,62,62,62,62,41,41,29,3,26,0,0],"gold":98,"neow_bonus":"THREE_ENEMY_KILL","is_daily":false,"chose_seed":false,"campfire_upgraded":5,"win_rate":0.0,"timestamp":1610896116,"path_taken":["M","M","?","?","?","E","?","?","T","R","M","R","M","M","R","BOSS","M","?","$","M","$","R","?","R","T","R","?","?","M","M","R","BOSS"],"items_purchased_type":["Card","Relic","Card","Card"],"build_version":"2020-12-22","purchased_purges":1,"victory":false,"max_hp_per_floor":[66,66,66,66,66,66,66,73,73,73,73,73,73,73,73,73,73,73,73,73,73,73,73,73,73,73,73,78,78,78,78,78,78,78],"relic_stats":{"Dream Catcher":2,"Lee\u0027s Waffle":67,"Tough Bandages":[24],"Nunchaku":[7],"Busted Crown":14,"counters":[13,48],"CeramicFish":72,"obtain_stats":[{"Dream Catcher":6,"Lee\u0027s Waffle":8,"Tough Bandages":9,"Nunchaku":26,"Busted Crown":17,"NeowsBlessing":0,"CeramicFish":7,"Ring of the Snake":0},{"Dream Catcher":3,"Lee\u0027s Waffle":3,"Tough Bandages":3,"Nunchaku":10,"Busted Crown":7,"NeowsBlessing":0,"CeramicFish":3,"Ring of the Snake":0},{"Dream Catcher":3,"Lee\u0027s Waffle":3,"Tough Bandages":3,"Nunchaku":32,"Busted Crown":20,"NeowsBlessing":0,"CeramicFish":3,"Ring of the Snake":0}],"Ring of the Snake":[26]},"card_choices":[{"not_picked":["Dagger Throw","Flechettes","Deflect"],"picked":"SKIP","floor":1},{"not_picked":["Bane","Caltrops","Terror"],"picked":"SKIP","floor":2},{"not_picked":["Poisoned Stab","Acrobatics","Underhanded Strike"],"picked":"SKIP","floor":6},{"not_picked":["Dagger Spray","Caltrops"],"picked":"Blade Dance","floor":11},{"not_picked":["Noxious Fumes","Crippling Poison"],"picked":"Infinite Blades","floor":13},{"not_picked":["PiercingWail","Eviscerate"],"picked":"Accuracy","floor":14},{"not_picked":["Burst","Envenom"],"picked":"Adrenaline","floor":16},{"not_picked":["Poisoned Stab"],"picked":"SKIP","floor":18},{"not_picked":["Prepared"],"picked":"SKIP","floor":21},{"not_picked":["Bane"],"picked":"SKIP","floor":24},{"not_picked":["Dagger Spray+1"],"picked":"SKIP","floor":30},{"not_picked":[],"picked":"Footwork","floor":31}],"player_experience":1380593,"relics_obtained":[{"floor":6,"key":"Dream Catcher"},{"floor":9,"key":"Tough Bandages"},{"floor":26,"key":"Nunchaku"}],"event_choices":[{"cards_removed":["Strike_G"],"damage_healed":0,"gold_gain":0,"player_choice":"Card Removal","damage_taken":7,"max_hp_gain":0,"max_hp_loss":0,"event_name":"Golden Wing","floor":3,"gold_loss":0},{"damage_healed":0,"gold_gain":0,"player_choice":"Entered Light","damage_taken":20,"max_hp_gain":0,"max_hp_loss":0,"event_name":"Shining Light","floor":4,"gold_loss":0,"cards_upgraded":["Defend_G","Strike_G"]},{"damage_healed":0,"gold_gain":150,"player_choice":"AGREE","damage_taken":0,"max_hp_gain":0,"max_hp_loss":0,"event_name":"Liars Game","floor":5,"gold_loss":0,"cards_obtained":["Doubt"]},{"damage_healed":0,"gold_gain":0,"player_choice":"Success","damage_taken":26,"relics_obtained":["CeramicFish"],"max_hp_gain":0,"max_hp_loss":0,"event_name":"Scrap Ooze","floor":7,"gold_loss":0},{"cards_removed":["Doubt"],"damage_healed":0,"gold_gain":0,"player_choice":"Removed Curses","damage_taken":0,"max_hp_gain":0,"max_hp_loss":0,"event_name":"Fountain of Cleansing","floor":19,"gold_loss":0},{"damage_healed":0,"gold_gain":0,"player_choice":"Shed Blood","damage_taken":26,"max_hp_gain":5,"max_hp_loss":0,"event_name":"Forgotten Altar","floor":28,"gold_loss":0}],"is_beta":false,"boss_relics":[{"not_picked":["Cursed Key","SacredBark"],"picked":"Busted Crown"}],"items_purged_floors":[20],"is_endless":false,"potions_floor_spawned":[2,14,30,31],"killed_by":"Automaton","ascension_level":15}}