{"host":"5icjlaq41ghjcr7h","time":1610861618,"event":{"mods":["AchievementEnabler","BaseMod","Colored Map","Minty Spire (QoL Compilation)","SuperFastMode","everything is the same but u backflip on backflip"],"gold_per_floor":[111,126,91,105,115,115,140,140,140,140,140],"floor_reached":10,"language":"KOR","playtime":214,"items_purged":[],"score":78,"play_id":"e94ca7ee-230a-401b-83bc-3ed84cf9df01","local_time":"20210117143338","is_ascension_mode":true,"campfire_choices":[{"data":"Defragment","floor":6,"key":"SMITH"},{"data":"Capacitor","floor":8,"key":"SMITH"}],"circlet_count":0,"master_deck":["Strike_B+1","Strike_B","Strike_B","Strike_B+1","Defend_B","Defend_B","Defend_B","Defend_B","Zap","Dualcast","Chaos","Chaos","Defragment+1","Capacitor+1","Turbo"],"relics":["Cracked Core","Whetstone","Ancient Tea Set"],"acts_visited":["Exordium"],"potions_floor_usage":[5,5,10],"damage_taken":[{"damage":8,"enemies":"Cultist","floor":1,"turns":4},{"damage":14,"enemies":"Jaw Worm","floor":2,"turns":4},{"damage":0,"enemies":"Small Slimes","floor":4,"turns":2},{"damage":15,"enemies":"2 Fungi Beasts","floor":5,"turns":3},{"damage":37,"enemies":"Gremlin Nob","floor":7,"turns":4},{"damage":35,"enemies":"Lagavulin","floor":10,"turns":3}],"seed_played":"6620132571903173836","potions_obtained":[{"floor":2,"key":"FocusPotion"},{"floor":4,"key":"PotionOfCapacity"},{"floor":7,"key":"FearPotion"}],"is_trial":false,"path_per_floor":["M","M","?","M","M","R","E","R","T","E"],"character_chosen":"DEFECT","items_purchased":[],"campfire_rested":0,"item_purchase_floors":[],"current_hp_per_floor":[67,53,71,71,56,56,19,19,19,0,0],"gold":140,"neow_bonus":"THREE_CARDS","is_daily":false,"chose_seed":false,"campfire_upgraded":2,"win_rate":0.0,"timestamp":1610861618,"path_taken":["M","?","?","M","M","R","E","R","T","E"],"items_purchased_type":[],"build_version":"2020-12-22","purchased_purges":0,"victory":false,"max_hp_per_floor":[75,75,75,75,75,75,75,75,75,75,75],"card_choices":[{"not_picked":["Go for the Eyes","Double Energy"],"picked":"Chaos","floor":0},{"not_picked":["Sweeping Beam","Streamline"],"picked":"Chaos","floor":1},{"not_picked":["Stack","Barrage","Sweeping Beam"],"picked":"SKIP","floor":2},{"not_picked":["Beam Cell","Leap"],"picked":"Defragment","floor":4},{"not_picked":["Hologram","Lockon"],"picked":"Capacitor","floor":5},{"not_picked":["Coolheaded","Heatsinks"],"picked":"Turbo","floor":7}],"player_experience":136832,"relics_obtained":[{"floor":7,"key":"Whetstone"},{"floor":9,"key":"Ancient Tea Set"}],"event_choices":[{"damage_healed":18,"gold_gain":0,"player_choice":"Healed","damage_taken":0,"max_hp_gain":0,"max_hp_loss":0,"event_name":"The Cleric","floor":3,"gold_loss":35}],"is_beta":false,"boss_relics":[],"items_purged_floors":[],"is_endless":false,"potions_floor_spawned":[2,4,7],"killed_by":"Lagavulin","ascension_level":3}}