{"host":"t5h83eruwt5lxl3o","time":1610861351,"event":{"mods":["AchievementEnabler","Act Like it!","BaseMod","CapriCore","Colored Map","DeckTracker","Hermit","Highlight Path","Koishi","Marisa£¨Ùöéë¡¡Øª×âÞÞ£©","Minty Spire (QoL Compilation)","Permanent Neow","Quick Restart","StSLib","SuperFastMode","The Cursed","The Immortal","everything is the same but u backflip on backflip"],"gold_per_floor":[118,129,204,216,24,54,66,66,66,82,82,112,128,156,156,231,231,249,228,11,24,41,41,41],"floor_reached":23,"language":"KOR","playtime":958,"items_purged":["Strike_R"],"score":398,"play_id":"a9aead13-1aec-4d9d-8dee-af95261d6fcd","local_time":"20210117142911","is_ascension_mode":true,"campfire_choices":[{"data":"Cleave","floor":11.0,"key":"SMITH"},{"data":"Power Through","floor":15.0,"key":"SMITH"}],"circlet_count":0,"master_deck":["AscendersBane","Strike_R","Strike_R","Strike_R","Defend_R","Defend_R","Defend_R","Bash+1","Ghostly Armor","Clothesline+1","Pummel","Flex","Cleave+1","Fire Breathing+1","Wild Strike","Thunderclap","Power Through+1","Sentinel","Exhume","Battle Trance+1","Flex+1","Body Slam+1"],"relics":["Burning Blood","Membership Card","Frozen Egg 2","Bottled Flame","Smiling Mask","Torii","Runic Cube","Red Skull","Whetstone"],"acts_visited":["Exordium","TheCity"],"potions_floor_usage":[22],"damage_taken":[{"damage":7.0,"enemies":"2 Louse","floor":1.0,"turns":3.0},{"damage":3.0,"enemies":"Cultist","floor":2.0,"turns":4.0},{"damage":6.0,"enemies":"Jaw Worm","floor":4.0,"turns":4.0},{"damage":6.0,"enemies":"Gremlin Nob","floor":6.0,"turns":3.0},{"damage":20.0,"enemies":"Large Slime","floor":7.0,"turns":5.0},{"damage":15.0,"enemies":"2 Fungi Beasts","floor":10.0,"turns":3.0},{"damage":15.0,"enemies":"3 Sentries","floor":12.0,"turns":4.0},{"damage":0.0,"enemies":"Gremlin Gang","floor":13.0,"turns":3.0},{"damage":21.0,"enemies":"Lagavulin","floor":14.0,"turns":7.0},{"damage":38.0,"enemies":"Hexaghost","floor":16.0,"turns":13.0},{"damage":9.0,"enemies":"Chosen","floor":18.0,"turns":5.0},{"damage":12.0,"enemies":"2 Thieves","floor":19.0,"turns":4.0},{"damage":36.0,"enemies":"Cultist and Chosen","floor":21.0,"turns":5.0},{"damage":11,"enemies":"Shelled Parasite and Fungi","floor":22,"turns":2},{"damage":16,"enemies":"Book of Stabbing","floor":23,"turns":2}],"seed_played":"-415072932169946727","potions_obtained":[{"floor":2.0,"key":"SteroidPotion"},{"floor":4.0,"key":"DistilledChaos"},{"floor":6.0,"key":"PowerPotion"},{"floor":10.0,"key":"PowerPotion"},{"floor":19.0,"key":"Energy Potion"}],"is_trial":false,"path_per_floor":["M","M","?","M","$","E","M","?","T","M","R","E","M","E","R","B",null,"M","M","$","M","M","E"],"character_chosen":"IRONCLAD","items_purchased":["Membership Card","Fire Breathing","Red Skull","Whetstone"],"campfire_rested":0,"item_purchase_floors":[5,5,20,20],"current_hp_per_floor":[49,52,41,41,41,41,27,75,75,66,66,57,63,48,48,16,60,57,51,51,21,16,0,0],"gold":41,"neow_bonus":"TRANSFORM_TWO_CARDS","is_daily":false,"chose_seed":false,"campfire_upgraded":2,"win_rate":0.0,"timestamp":1610861351,"path_taken":["M","M","?","M","$","E","M","?","T","M","R","E","M","E","R","BOSS","M","M","$","M","M","E"],"items_purchased_type":["Relic","Card","Relic","Relic"],"build_version":"2020-12-22","purchased_purges":1,"victory":false,"max_hp_per_floor":[75,75,75,75,75,75,75,75,75,75,75,75,75,75,75,75,75,75,75,75,75,75,75,75],"card_choices":[{"not_picked":["Heavy Blade","Sword Boomerang"],"picked":"Pummel","floor":1.0},{"not_picked":["Twin Strike","Thunderclap"],"picked":"Flex","floor":2.0},{"not_picked":["Wild Strike","Blood for Blood"],"picked":"Cleave","floor":4.0},{"not_picked":["Headbutt","Havoc"],"picked":"Fire Breathing+1","floor":6.0},{"not_picked":["Iron Wave","Armaments","Sword Boomerang"],"picked":"SKIP","floor":7.0},{"not_picked":["Iron Wave","Armaments","Sword Boomerang"],"picked":"SKIP","floor":7.0},{"not_picked":["Perfected Strike","Bludgeon"],"picked":"Wild Strike","floor":10.0},{"not_picked":["Wild Strike","Searing Blow"],"picked":"Thunderclap","floor":12.0},{"not_picked":["Iron Wave","True Grit"],"picked":"Power Through","floor":13.0},{"not_picked":["Wild Strike","Pummel"],"picked":"Sentinel","floor":14.0},{"not_picked":["Berserk+1","Brutality+1"],"picked":"Exhume","floor":16.0},{"not_picked":["Thunderclap","Warcry","Iron Wave"],"picked":"SKIP","floor":18.0},{"not_picked":["Iron Wave","Entrench"],"picked":"Battle Trance+1","floor":19.0},{"not_picked":["Reckless Charge","Perfected Strike"],"picked":"Flex+1","floor":21},{"not_picked":["Cleave","Rupture+1"],"picked":"Body Slam+1","floor":22}],"player_experience":657522,"relics_obtained":[{"floor":6.0,"key":"Frozen Egg 2"},{"floor":9.0,"key":"Bottled Flame"},{"floor":12.0,"key":"Smiling Mask"},{"floor":14.0,"key":"Torii"}],"event_choices":[{"damage_healed":0.0,"max_hp_gain":0.0,"max_hp_loss":0.0,"gold_gain":75.0,"event_name":"World of Goop","player_choice":"Gather Gold","floor":3.0,"gold_loss":0.0,"damage_taken":11.0},{"cards_removed":["Fire Breathing"],"damage_healed":48.0,"max_hp_gain":0.0,"max_hp_loss":0.0,"gold_gain":0.0,"event_name":"Bonfire Elementals","player_choice":"Offered Uncommon","floor":8.0,"gold_loss":0.0,"damage_taken":0.0}],"is_beta":false,"boss_relics":[{"not_picked":["SlaversCollar","Runic Dome"],"picked":"Runic Cube"}],"items_purged_floors":[20],"is_endless":false,"potions_floor_spawned":[2,4,6,10,19],"killed_by":"Book of Stabbing","ascension_level":17}}