{"host":"gkg6a0io4zd37ymq","time":1610918061,"event":{"mods":["A Magickal Journey","AchievementEnabler","Aspiration","Astrologer","Bard","BaseMod","Beaked The Cultist","Better Third Choice","Colored Powertips","DeckTracker","Energized Spire","Friendly Minions","Halation","Hermit","Hubris","Infinite Spire","Koishi","Luminous","Mad Scientist","Marisa????????","Minty Spire (QoL Compilation)","Potionbrewer","Replay The Spire","Shade Mod","Shop Mod","Somnambulant","StSLib","The Administrix","The Blackbeard","The Bug Knight","The Clintock","The Construct","The Cursed","The Disciple","The Elementalist","The Forsaken","The Gatherer","The Hierophant","The Judge","The Juggle","The Jungle","The Marked","The Mystic","The Necromancer","The Poker Player","The Runesmith","The Servant 0.9.4","The Spell Scribe","The Valiant","The Wild Card","The Witch","TheBandit","TheFirefly","TheSwordswoman","Trackpad"],"gold_per_floor":[117,117,117,134,59,85,85,115,115,133,133,151,51,51,51,154,154,173,191,49,63,76,76,76,76,109,124,151,166,166,166,178,178,178,277,277,292,16,16,16,16,16,28,28,55,5,34,34,34,34,34,34],"floor_reached":53,"language":"ENG","playtime":14218,"items_purged":["blazmod:Strike","blazmod:Strike","blazmod:Defend","blazmod:Defend"],"score":813,"play_id":"04cf0d68-8ddf-458f-97e0-dd8e7f80a5bf","local_time":"20210117221421","is_ascension_mode":false,"campfire_choices":[{"data":"theWildCard:Scathach","floor":7,"key":"SMITH"},{"data":"blazmod:DevilDivine","floor":11,"key":"SMITH"},{"floor":15,"key":"DIG"},{"data":"blazmod:ButterflyForm","floor":23,"key":"SMITH"},{"data":"blazmod:TrueOfHeart","floor":31,"key":"SMITH"},{"floor":34,"key":"REST"},{"data":"blazmod:MirrorImage","floor":42,"key":"SMITH"},{"data":"Apotheosis","floor":44,"key":"SMITH"},{"data":"blazmod:DrippingWaterHollowsStone","floor":51,"key":"SMITH"}],"circlet_count":0,"master_deck":["blazmod:Strike","blazmod:Defend","blazmod:Defend","blazmod:ButterflyEffect","blazmod:Kyokasuigetsu+1","blazmod:KatanaStrike","theWildCard:Scathach+1","blazmod:DevilDivine+1","blazmod:DrippingWaterHollowsStone","blazmod:DrippingWaterHollowsStone","blazmod:DrippingWaterHollowsStone+1","blazmod:InLoveAndWar+1","blazmod:ButterflyForm+1","blazmod:LoveAndHonor","blazmod:PhysicalEndurance+1","blazmod:Swordstorm","blazmod:TrueOfHeart+1","blazmod:PhysicalEndurance+1","blazmod:TandenKatsu","blazmod:FancifulFlutter+1","blazmod:FleetingDawn","blazmod:MirrorImage+1","Apotheosis+1","theForsaken:PlagueCurse","Beam Cell+1","Conserve Battery","Loop+1"],"relics":["blazmod:Venustas","NeowsBlessing","infinitespire:Lychee Nut","Gambling Chip","potionbrewer:WarMedal","Snack Pack","hubris:HollowSoul","Gremlin Food","theForsaken:Gavel","Bronze Scales","aspiration:DefectSkillbook","halation:AfternoonTea","theForsaken:PlagueMask","aspiration:TomeofQuesting","halation:VictoryRuler","halation:EternalFortune"],"acts_visited":["Exordium","TheCity","TheBeyond"],"potions_floor_usage":[16,18,19,21,27,32,32,35,40,50,52,52],"damage_taken":[{"damage":0,"enemies":"2 Louse","floor":1,"turns":1},{"damage":0,"enemies":"Jaw Worm","floor":4,"turns":1},{"damage":0,"enemies":"Lagavulin","floor":6,"turns":1},{"damage":0,"enemies":"HollowMod:MossKnight","floor":8,"turns":11},{"damage":0,"enemies":"Cultist","floor":10,"turns":4},{"damage":5,"enemies":"Lots of Slimes","floor":12,"turns":3},{"damage":0,"enemies":"Slime Boss","floor":16,"turns":7},{"damage":0,"enemies":"3 Byrds","floor":18,"turns":6},{"damage":0,"enemies":"Chosen","floor":19,"turns":7},{"damage":0,"enemies":"Snake Plant","floor":21,"turns":6},{"damage":3,"enemies":"Shelled Parasite and Fungi","floor":22,"turns":8},{"damage":0,"enemies":"Replay:Snechameleon","floor":26,"turns":9},{"damage":5,"enemies":"Cultist and Chosen","floor":27,"turns":8},{"damage":0,"enemies":"Snecko","floor":29,"turns":8},{"damage":25,"enemies":"3 Cultists","floor":32,"turns":7},{"damage":9,"enemies":"Collector","floor":35,"turns":10},{"damage":0,"enemies":"3 Shapes","floor":37,"turns":4},{"damage":0,"enemies":"3 Darklings","floor":43,"turns":5},{"damage":5,"enemies":"R_Hoarder","floor":47,"turns":6},{"damage":0,"enemies":"4 Shapes","floor":50,"turns":1},{"damage":8,"enemies":"Donu and Deca","floor":52,"turns":6}],"seed_played":"1889920341979878425","potions_obtained":[{"floor":4,"key":"potionbrewer:InfectionPotion"},{"floor":6,"key":"Fire Potion"},{"floor":10,"key":"Swift Potion"},{"floor":12,"key":"Reflective Coating"},{"floor":16,"key":"SkillPotion"},{"floor":18,"key":"Languid Potion"},{"floor":22,"key":"potionbrewer:NoxiousPotion"},{"floor":27,"key":"SteroidPotion"},{"floor":32,"key":"LiquidBronze"},{"floor":35,"key":"potionbrewer:BlacksmithPotion"},{"floor":43,"key":"SmokeBomb"}],"is_trial":false,"path_per_floor":["M","?","?","M","$","E","R","E","T","M","R","M","$","?","R","B",null,"M","M","$","M","M","R","PTL","PTL","E","M","T","M","?","R","M","AVR","R","B",null,"M","$","?","?","$","R","M","R","T","$","E","$","?","M","R","B",null],"character_chosen":"THE_SWORDSWOMAN","items_purchased":["blazmod:Swordstorm","blazmod:TrueOfHeart","halation:AfternoonTea","Conserve Battery"],"campfire_rested":1,"item_purchase_floors":[20,20,38,46],"current_hp_per_floor":[40,40,40,40,40,30,30,30,30,30,30,27,27,27,27,30,30,30,30,30,30,29,29,29,29,30,15,15,23,23,23,4,4,13,10,30,30,30,30,30,30,30,30,30,30,30,30,30,33,33,33,25],"gold":34,"neow_bonus":"THREE_ENEMY_KILL","is_daily":false,"chose_seed":false,"campfire_upgraded":7,"win_rate":0.0,"timestamp":1610918061,"path_taken":["M","?","?","?","$","E","R","E","T","M","R","M","?","?","R","BOSS","M","M","$","M","?","R","PTL","PTL","E","M","T","M","?","R","?","AVR","R","BOSS","M","$","?","?","?","R","?","R","T","$","E","?","?","?","R","BOSS"],"items_purchased_type":["Card","Card","Relic","Card"],"build_version":"2020-12-22","purchased_purges":4,"victory":true,"max_hp_per_floor":[40,40,40,40,40,30,30,30,30,30,30,30,30,30,30,30,30,30,30,30,30,30,30,30,30,30,30,30,30,30,30,30,30,30,30,30,30,30,30,30,30,30,30,30,30,30,30,30,33,33,33,33],"card_choices":[{"not_picked":["blazmod:Trasient","blazmod:SidewaySolace"],"picked":"blazmod:KatanaStrike","floor":1},{"not_picked":["blazmod:MoonlightBlossoms","blazmod:BoulderFlash"],"picked":"blazmod:DevilDivine","floor":4},{"not_picked":["blazmod:SidewaySolace","blazmod:KatanaStrike"],"picked":"blazmod:DrippingWaterHollowsStone","floor":6},{"not_picked":["blazmod:FortifiedVigor","blazmod:KatanaStrike"],"picked":"blazmod:DrippingWaterHollowsStone","floor":8},{"not_picked":["blazmod:StanceChange","blazmod:SidewaySolace"],"picked":"blazmod:DrippingWaterHollowsStone","floor":10},{"not_picked":["blazmod:StanceChange","blazmod:Valiance"],"picked":"blazmod:InLoveAndWar","floor":12},{"not_picked":["blazmod:CrescentMoon","blazmod:Setsuna"],"picked":"blazmod:ButterflyForm","floor":16},{"not_picked":["blazmod:KatanaStrike","blazmod:BoulderFlash"],"picked":"blazmod:LoveAndHonor","floor":18},{"not_picked":["blazmod:QuickBlade","blazmod:BeTheBlade"],"picked":"blazmod:PhysicalEndurance+1","floor":19},{"not_picked":["blazmod:WildButterfly","blazmod:ButterFlutter"],"picked":"blazmod:PhysicalEndurance+1","floor":21},{"not_picked":["blazmod:Trasient","blazmod:Swordstorm"],"picked":"blazmod:TandenKatsu","floor":22},{"not_picked":["blazmod:KatanaStrike","blazmod:MyEverything"],"picked":"blazmod:FancifulFlutter+1","floor":26},{"not_picked":["blazmod:Lockswords","blazmod:PhysicalEndurance","blazmod:Valiance"],"picked":"SKIP","floor":27},{"not_picked":["blazmod:ButterFlutter+1","blazmod:Crosscut"],"picked":"blazmod:FleetingDawn","floor":29},{"not_picked":["blazmod:FlawlessDraw+1","blazmod:CrescentMoon","blazmod:PhysicalEndurance"],"picked":"SKIP","floor":32},{"not_picked":["blazmod:Setsuna","blazmod:SeismicSlash"],"picked":"blazmod:MirrorImage","floor":35},{"not_picked":["blazmod:FortifiedVigor+1","blazmod:BlindingFlash","Reprogram+1","blazmod:PhysicalEndurance"],"picked":"SKIP","floor":37},{"not_picked":["Jack Of All Trades","Thinking Ahead","Replay:Bootleg Shield Generator"],"picked":"Apotheosis","floor":39},{"not_picked":["blazmod:SidewaySolace","Panic Button+1","blazmod:Lockswords+1"],"picked":"Beam Cell+1","floor":43},{"not_picked":["blazmod:FlawlessDraw","Steam","hubris:Prefetch"],"picked":"Loop+1","floor":47}],"player_experience":431285,"relics_obtained":[{"floor":6,"key":"infinitespire:Lychee Nut"},{"floor":8,"key":"Gambling Chip"},{"floor":9,"key":"potionbrewer:WarMedal"},{"floor":15,"key":"Snack Pack"},{"floor":26,"key":"Gremlin Food"},{"floor":28,"key":"theForsaken:Gavel"},{"floor":45,"key":"aspiration:TomeofQuesting"},{"floor":47,"key":"halation:VictoryRuler"}],"event_choices":[{"damage_healed":0,"gold_gain":0,"player_choice":"Full Heal","damage_taken":0,"max_hp_gain":0,"max_hp_loss":0,"event_name":"Wheel of Change","floor":3,"gold_loss":0},{"damage_healed":0,"gold_gain":0,"player_choice":"Got Potions","damage_taken":0,"max_hp_gain":0,"max_hp_loss":0,"event_name":"Lab","floor":14,"gold_loss":0},{"cards_removed":["blazmod:Strike"],"damage_healed":0,"gold_gain":0,"player_choice":"Purged","damage_taken":0,"max_hp_gain":0,"max_hp_loss":0,"event_name":"Purifier","floor":30,"gold_loss":0},{"damage_healed":0,"gold_gain":0,"player_choice":"Memory 1","damage_taken":0,"max_hp_gain":0,"max_hp_loss":0,"event_name":"SensoryStone","floor":39,"gold_loss":0},{"damage_healed":0,"gold_gain":0,"player_choice":"Obtain Plague Curse","damage_taken":0,"max_hp_gain":0,"max_hp_loss":0,"event_name":"Plague Doctor","floor":40,"gold_loss":0,"cards_obtained":["theForsaken:PlagueCurse"]}],"is_beta":false,"boss_relics":[{"not_picked":["aspiration:RunicSpoon","energizedSpire:RedRose"],"picked":"hubris:HollowSoul"},{"not_picked":["aspiration:MobileForge","construct:ClawGrip"],"picked":"aspiration:DefectSkillbook"}],"items_purged_floors":[5,13,33,38],"is_endless":false,"potions_floor_spawned":[4,6,10,12,16,18,22,27,32,35,43],"ascension_level":0}}