{"host":"oqhjdqr9xcmboomw","time":1610922042,"event":{"mods":["2.2 Compatiblity","AchievementEnabler","Act Like it!","Aspiration","BaseMod","Beaked The Cultist","Better Third Choice","Conjunction","Conspire","Disable Question Mark Monsters","Elementarium","Energized Spire","GifTheSpireLib","Halation","Hallownest","Hermit","Hubris","Infinite Spire","Jorbs\u0027s Wanderer Trilogy","Mimic Mod","Minty Spire (QoL Compilation)","Random Character Button","Rare Cards Sparkle","Replay The Spire","Spicy Shops","Spikes Relics","StSLib","Stuff the Spire","The Blackbeard","The Blue Laboratory","The Cursed","The Disciple","The Gatherer","The Hierophant","The Judge","The Mystic","The Saiyan","The Wild Card","Unceasing Turn Reminder","Wandering Minibosses","vexMod"],"gold_per_floor":[123,156,189,46,79,79,110,110,135,166,166,199,199,231,231,349,349,379,405,431,18,43,87,87,115,115,143,143,166,265,265,265,382,382,423,462,91,91,113,113,149,177,201,201,231,279,279,312,312,312,312],"floor_reached":50,"language":"ENG","playtime":2519,"items_purged":["hubris:Greed","hubris:Greed"],"score":996,"play_id":"8edc282e-b7f9-4203-b838-a506ae45be77","local_time":"20210117172042","is_ascension_mode":true,"campfire_choices":[{"data":"mysticmod:ComboCaster","floor":6,"key":"SMITH"},{"data":"mysticmod:Discipline","floor":8,"key":"SMITH"},{"data":"mysticmod:HeavyStrike","floor":11,"key":"SMITH"},{"data":"mysticmod:Sideswipe","floor":13,"key":"SMITH"},{"data":"mysticmod:IllusionOfCalm","floor":15,"key":"SMITH"},{"data":"mysticmod:KnowledgePool","floor":24,"key":"SMITH"},{"data":"hubris:Greed","floor":32,"key":"PURGE"},{"data":"mysticmod:Spellstrike","floor":40,"key":"SMITH"},{"data":"mysticmod:MagicMissile","floor":47,"key":"SMITH"},{"floor":49,"key":"REST"}],"circlet_count":0,"master_deck":["mysticmod:Strike_Mystic","mysticmod:Strike_Mystic","mysticmod:Strike_Mystic","mysticmod:Strike_Mystic","mysticmod:Defend_Mystic","mysticmod:Defend_Mystic","mysticmod:Defend_Mystic","mysticmod:Defend_Mystic","mysticmod:ArcaneDodge","mysticmod:ShockingGrasp","mysticmod:Discipline+1","mysticmod:Sideswipe+1","mysticmod:LightningBolt","mysticmod:ComboCaster+1","mysticmod:Probe","mysticmod:MirrorStrike","mysticmod:HeavyStrike+1","mysticmod:Flourish","mysticmod:IllusionOfCalm+1","mysticmod:KnowledgePool+1","mysticmod:BladedDash","mysticmod:Daze","mysticmod:Flurry","mysticmod:MightyMagic","mysticmod:Feint+1","mysticmod:MagicWeapon","mysticmod:Spellstrike+1","mysticmod:Disintegrate","mysticmod:MagicMissile+1","mysticmod:RapidCaster","mysticmod:MirrorEntity"],"relics":["mysticmod:SpellBook","hubris:CuriousFeather","vexMod:FocusSash","Painkiller Herb","infinitespire:Satchel","ClockworkSouvenir","StrikeDummy","hubris:BottledRain","PreservedInsect","conspire:SpecialSausage","infinitespire:EvilPickle","Snecko Heart","Replay:Bottled Steam","Pear","Omamori","StuffTheSpire:Experiment12","StuffTheSpire:HeavyRock"],"acts_visited":["Exordium","TheCity","TheBeyond"],"potions_floor_usage":[14,14,16,20,20,23,27,36,41,42,45,50],"damage_taken":[{"damage":3,"enemies":"conspire:RoseBush","floor":1,"turns":5},{"damage":1,"enemies":"Cultist","floor":2,"turns":4},{"damage":0,"enemies":"Small Slimes","floor":3,"turns":3},{"damage":9,"enemies":"Looter","floor":5,"turns":5},{"damage":1,"enemies":"3 Louse","floor":7,"turns":4},{"damage":1,"enemies":"2 Fungi Beasts","floor":10,"turns":4},{"damage":10,"enemies":"Gremlin Gang","floor":12,"turns":7},{"damage":0,"enemies":"Looter","floor":14,"turns":3},{"damage":31,"enemies":"The Guardian","floor":16,"turns":11},{"damage":3,"enemies":"Chosen","floor":18,"turns":4},{"damage":8,"enemies":"conspire:FuzzyDice","floor":19,"turns":6},{"damage":6,"enemies":"Snake Plant","floor":20,"turns":5},{"damage":12,"enemies":"Chosen and Byrds","floor":22,"turns":4},{"damage":3,"enemies":"conspire:Head Lice","floor":23,"turns":5},{"damage":9,"enemies":"3 Cultists","floor":25,"turns":4},{"damage":0,"enemies":"Snake Plant","floor":27,"turns":2},{"damage":0,"enemies":"Sentry and Sphere","floor":29,"turns":2},{"damage":7,"enemies":"Pondfish","floor":33,"turns":8},{"damage":8,"enemies":"Orb Walker","floor":35,"turns":3},{"damage":28,"enemies":"3 Darklings","floor":36,"turns":4},{"damage":0,"enemies":"Sphere and 2 Shapes","floor":39,"turns":3},{"damage":0,"enemies":"Reptomancer","floor":41,"turns":2},{"damage":25,"enemies":"Transient","floor":42,"turns":5},{"damage":0,"enemies":"Maw","floor":45,"turns":4},{"damage":0,"enemies":"Nightmare","floor":46,"turns":5},{"damage":23,"enemies":"3 Darklings","floor":48,"turns":4},{"damage":62,"enemies":"Donu and Deca","floor":50,"turns":4}],"seed_played":"2482934097765419856","potions_obtained":[{"floor":3,"key":"Reflective Coating"},{"floor":7,"key":"blueLaboratory:StoneskinPotion"},{"floor":14,"key":"Dexterity Potion"},{"floor":16,"key":"SkillPotion"},{"floor":18,"key":"blueLaboratory:StoneskinPotion"},{"floor":20,"key":"Adrenaline Potion"},{"floor":23,"key":"Energy Potion"},{"floor":29,"key":"blueLaboratory:CorrosionFlask"},{"floor":39,"key":"Toxic Potion"},{"floor":41,"key":"Weak Potion"},{"floor":42,"key":"Adrenaline Potion"},{"floor":46,"key":"Weak Potion"}],"is_trial":false,"path_per_floor":["M","M","M","$","M","R","M","R","T","M","R","M","R","M","R","B",null,"?","?","?","T","?","E","T","?","T","?","AVR","?","?","?","T","B",null,"?","?","T","?","?","T","E","?","T","?","?","NM","T","?","T","B"],"character_chosen":"MYSTIC_CLASS","items_purchased":["hubris:CuriousFeather","mysticmod:ComboCaster","infinitespire:Satchel","mysticmod:Flurry","ClockworkSouvenir","mysticmod:MightyMagic","Replay:Bottled Steam","Pear"],"campfire_rested":1,"item_purchase_floors":[4,4,21,21,21,21,37,37],"current_hp_per_floor":[66,65,65,65,56,56,55,55,55,54,54,44,44,44,44,13,61,58,50,44,44,32,29,29,20,20,20,20,20,20,27,27,20,63,55,27,37,76,76,76,76,51,51,51,51,51,51,28,50,0,0],"gold":312,"neow_bonus":"THREE_RARE_CARDS","is_daily":false,"chose_seed":false,"campfire_upgraded":8,"win_rate":0.0,"timestamp":1610922042,"path_taken":["M","?","M","$","M","R","M","R","T","M","R","M","R","M","R","BOSS","?","?","?","T","?","E","T","?","T","?","AVR","?","?","?","T","BOSS","?","?","T","?","?","T","E","?","T","?","?","NM","T","?","T","BOSS"],"items_purchased_type":["Relic","Card","Relic","Card","Relic","Card","Relic","Relic"],"build_version":"2020-12-22","purchased_purges":2,"victory":false,"max_hp_per_floor":[77,77,77,77,77,77,77,77,77,77,77,77,77,77,77,77,77,77,77,77,77,77,77,77,77,77,77,77,77,77,77,77,77,77,77,77,87,76,76,76,76,76,76,76,76,76,76,76,76,76,76],"card_choices":[{"not_picked":["mysticmod:Doublecast","mysticmod:ObscuringMist"],"picked":"mysticmod:Discipline","floor":0},{"not_picked":["mysticmod:Grapple","mysticmod:TomeOfSpells"],"picked":"mysticmod:Sideswipe","floor":1},{"not_picked":["mysticmod:KeenEdge","mysticmod:Disengage"],"picked":"mysticmod:LightningBolt","floor":2},{"not_picked":["mysticmod:Dedication","mysticmod:Disengage","mysticmod:Sideswipe"],"picked":"SKIP","floor":3},{"not_picked":["mysticmod:Riposte","mysticmod:Alacrity"],"picked":"mysticmod:Probe","floor":5},{"not_picked":["mysticmod:BulkUp","mysticmod:Shield"],"picked":"mysticmod:MirrorStrike","floor":7},{"not_picked":["mysticmod:KnowledgePool","mysticmod:Daze"],"picked":"mysticmod:HeavyStrike","floor":10},{"not_picked":["mysticmod:SpellCombat","mysticmod:Disengage"],"picked":"mysticmod:Flourish","floor":12},{"not_picked":["mysticmod:PowerSlash","mysticmod:Disengage"],"picked":"mysticmod:IllusionOfCalm","floor":14},{"not_picked":["mysticmod:Lunge","mysticmod:Doublecast"],"picked":"mysticmod:KnowledgePool","floor":16},{"not_picked":["mysticmod:ComponentsPouch","mysticmod:Fireball","mysticmod:Shield"],"picked":"SKIP","floor":18},{"not_picked":["mysticmod:Shield","mysticmod:HunkerDown"],"picked":"mysticmod:BladedDash","floor":19},{"not_picked":["mysticmod:MirrorStrike","mysticmod:Natural20"],"picked":"mysticmod:Daze","floor":20},{"not_picked":["mysticmod:SuddenClarity","mysticmod:HeavyStrike"],"picked":"mysticmod:Feint+1","floor":22},{"not_picked":["mysticmod:PowerSlash+1","mysticmod:SpontaneousCaster"],"picked":"mysticmod:MagicWeapon","floor":23},{"not_picked":["mysticmod:Shield","mysticmod:Daze","mysticmod:Flourish"],"picked":"SKIP","floor":25},{"not_picked":["mysticmod:HeavyStrike","mysticmod:Shield","mysticmod:Riposte+1"],"picked":"SKIP","floor":27},{"not_picked":["mysticmod:MirrorStrike","mysticmod:FiveFootStep+1","mysticmod:PureInstinct"],"picked":"SKIP","floor":29},{"not_picked":["mysticmod:EnchantedMoulinet","mysticmod:MirrorEntity"],"picked":"mysticmod:Spellstrike","floor":33},{"not_picked":["mysticmod:Sideswipe","mysticmod:Daze+1","mysticmod:BulkUp"],"picked":"SKIP","floor":35},{"not_picked":["mysticmod:ComponentsPouch+1","mysticmod:BulkUp+1"],"picked":"mysticmod:Disintegrate","floor":36},{"not_picked":["mysticmod:DiviningBlow","mysticmod:Alacrity","mysticmod:Riposte"],"picked":"SKIP","floor":39},{"not_picked":["mysticmod:Flurry","mysticmod:HeavyStrike+1"],"picked":"mysticmod:MagicMissile","floor":41},{"not_picked":["mysticmod:ComponentsPouch+1","mysticmod:MagicMissile"],"picked":"mysticmod:RapidCaster","floor":42},{"not_picked":["mysticmod:StyleChange+1","mysticmod:KeenEdge","mysticmod:Shield"],"picked":"SKIP","floor":45},{"not_picked":["mysticmod:Lunge","mysticmod:BulkUp","mysticmod:ComponentsPouch"],"picked":"SKIP","floor":46},{"not_picked":["mysticmod:Lunge","mysticmod:BulkUp","mysticmod:ComponentsPouch"],"picked":"SKIP","floor":46},{"not_picked":["mysticmod:Daze+1","mysticmod:EarthenWall","mysticmod:Riposte"],"picked":"SKIP","floor":48}],"player_experience":980160,"relics_obtained":[{"floor":9,"key":"vexMod:FocusSash"},{"floor":23,"key":"StrikeDummy"},{"floor":26,"key":"hubris:BottledRain"},{"floor":41,"key":"Omamori"},{"floor":43,"key":"StuffTheSpire:Experiment12"},{"floor":46,"key":"StuffTheSpire:HeavyRock"}],"event_choices":[{"damage_healed":0,"gold_gain":99,"player_choice":"Steal","damage_taken":0,"max_hp_gain":0,"max_hp_loss":0,"event_name":"betterThird:BetterNest","floor":30,"gold_loss":0},{"damage_healed":76,"gold_gain":0,"player_choice":"Heal","damage_taken":0,"max_hp_gain":0,"max_hp_loss":11,"event_name":"The Moai Head","floor":38,"gold_loss":0},{"damage_healed":0,"gold_gain":0,"player_choice":"1 cards matched","damage_taken":0,"max_hp_gain":0,"max_hp_loss":0,"event_name":"Match and Keep!","floor":44,"gold_loss":0,"cards_obtained":["mysticmod:MirrorEntity"]}],"is_beta":false,"boss_relics":[{"not_picked":["Honey Jar","vexMod:TanglingVine"],"picked":"Painkiller Herb"},{"not_picked":["hubris:HollowSoul","Fusion Hammer"],"picked":"Snecko Heart"}],"items_purged_floors":[21,28],"is_endless":false,"potions_floor_spawned":[3,7,14,16,18,20,23,29,39,41,42,46],"killed_by":"Donu and Deca","ascension_level":6}}