{"host":"f5y45f7z7ziu0smp","time":1610891763,"event":{"mods":["AchievementEnabler","BaseMod","Marisa£¨Ùöéë¡¡Øª×âÞÞ£©","Minty Spire (QoL Compilation)","Permanent Neow","Starting Relic: Pandora\u0027s Box","SuperFastMode","¡¼?Úª?ø«¡½REMEMod"],"gold_per_floor":[119,119,138,17,17,17,55,55,79,129,153,153,185,234,234,368,377,399,498,542,542,571,571,674,854,880,925,635,333,248,281,281,421,421,455,677,686,718,752,804,804,852,878,908,917,556,570,588,588,588],"floor_reached":51,"language":"KOR","playtime":1467,"items_purged":["Undo","Dualcast"],"score":1198,"play_id":"169a1104-eb0a-407c-be23-8c0b70c0cdb2","local_time":"20210117225603","is_ascension_mode":true,"campfire_choices":[{"data":"Genetic Algorithm","floor":6,"key":"SMITH"},{"data":"Storm","floor":8,"key":"SMITH"},{"data":"BinaryStars","floor":12,"key":"SMITH"},{"data":"Double Energy","floor":15,"key":"SMITH"},{"data":"Amplify","floor":23,"key":"SMITH"},{"data":"Seek","floor":32,"key":"SMITH"},{"data":"Echo Form","floor":41,"key":"SMITH"},{"floor":49,"key":"REST"}],"circlet_count":0,"master_deck":["Zap","White Noise","Go for the Eyes","Hologram","Storm+1","Stack","Cold Snap","Leap","BinaryStars+1","Ball Lightning","Static Discharge","Gash","Genetic Algorithm+1","Double Energy+1","Sunder","Amplify+1","Turbo","Tempest","Echo Form+1","CurseOfTheBell","Capacitor","Conserve Battery+1","Gash+1","Beam Cell+1","Seek+1","Storm+1","Capacitor","Loop","REME_ForAll","Gash","Storm+1","Storm+1","Gash","REME_Whirling","Lockon+1","Hello World","REME_Flogging","Storm","Finesse","Lockon"],"relics":["REME_ComplimentaryCards","Runic Dome","Golden Idol","Pear","CeramicFish","REME_PuzzleBoxRelic","Oddly Smooth Stone","Calling Bell","Bronze Scales","Mummified Hand","Dead Branch","Red Mask","Torii","Omamori","Matryoshka","DollysMirror","Strawberry","Ancient Tea Set","Cursed Key","Turnip","REME_IWantAll","Smiling Mask","Art of War","Centennial Puzzle"],"acts_visited":["Exordium","TheCity","TheBeyond"],"potions_floor_usage":[16,16,27,27,33,50,50],"damage_taken":[{"damage":2,"enemies":"Small Slimes","floor":1,"turns":3},{"damage":4,"enemies":"Jaw Worm","floor":3,"turns":2},{"damage":21,"enemies":"Gremlin Nob","floor":7,"turns":3},{"damage":15,"enemies":"Lagavulin","floor":10,"turns":5},{"damage":0,"enemies":"2 Louse","floor":11,"turns":2},{"damage":0,"enemies":"Blue Slaver","floor":13,"turns":3},{"damage":10,"enemies":"3 Sentries","floor":14,"turns":4},{"damage":0,"enemies":"Hexaghost","floor":16,"turns":5},{"damage":0,"enemies":"3 Byrds","floor":18,"turns":3},{"damage":0,"enemies":"Masked Bandits","floor":20,"turns":2},{"damage":1,"enemies":"2 Thieves","floor":22,"turns":2},{"damage":22,"enemies":"Snecko","floor":24,"turns":4},{"damage":0,"enemies":"Slavers","floor":27,"turns":2},{"damage":18,"enemies":"Snake Plant","floor":31,"turns":3},{"damage":11,"enemies":"Champ","floor":33,"turns":5},{"damage":0,"enemies":"Orb Walker","floor":35,"turns":1},{"damage":0,"enemies":"3 Shapes","floor":38,"turns":2},{"damage":0,"enemies":"Jaw Worm Horde","floor":39,"turns":2},{"damage":1,"enemies":"Reptomancer","floor":40,"turns":3},{"damage":0,"enemies":"Nemesis","floor":42,"turns":1},{"damage":0,"enemies":"4 Shapes","floor":44,"turns":1},{"damage":10,"enemies":"Writhing Mass","floor":47,"turns":2},{"damage":30,"enemies":"Maw","floor":48,"turns":3},{"damage":21,"enemies":"Time Eater","floor":50,"turns":2}],"seed_played":"2882979881544247081","potions_obtained":[{"floor":1,"key":"ColorlessPotion"},{"floor":3,"key":"PowerPotion"},{"floor":11,"key":"Energy Potion"},{"floor":20,"key":"Fire Potion"},{"floor":27,"key":"Fruit Juice"},{"floor":40,"key":"LiquidBronze"},{"floor":44,"key":"LiquidBronze"},{"floor":47,"key":"PowerPotion"}],"is_trial":false,"path_per_floor":["M","?","M","$","?","R","E","R","T","E","M","R","M","E","R","B",null,"M","?","?","T","M","R","M","?","T","E","$","$","?","M","R","B",null,"M","?","?","M","M","E","R","E","T","M","?","$","M","M","R","B",null],"character_chosen":"DEFECT","items_purchased":["Gash","Genetic Algorithm","DollysMirror","Capacitor","Strawberry","SkillPotion","Storm","Finesse","Centennial Puzzle","Lockon"],"campfire_rested":1,"item_purchase_floors":[4,4,28,28,29,29,46,46,46,46],"current_hp_per_floor":[73,78,74,74,54,54,43,43,43,28,28,28,28,18,18,18,72,72,72,72,72,71,71,49,30,30,35,35,42,42,24,24,13,80,80,80,80,80,80,79,79,79,79,79,74,74,64,34,64,43],"gold":588,"neow_bonus":"BOSS_RELIC","is_daily":false,"chose_seed":false,"campfire_upgraded":7,"win_rate":0.0,"timestamp":1610891763,"path_taken":["M","?","M","$","?","R","E","R","T","E","M","R","M","E","R","BOSS","M","?","?","?","?","R","M","?","T","E","?","$","?","?","R","BOSS","M","?","?","?","M","E","R","E","T","M","?","$","M","M","R","BOSS"],"items_purchased_type":["Card","Card","Relic","Card","Relic","Potion","Card","Card","Relic","Card"],"build_version":"2020-12-22","purchased_purges":2,"victory":true,"max_hp_per_floor":[75,80,80,80,80,80,90,90,90,90,90,90,90,90,90,90,90,90,90,90,90,90,90,90,90,90,95,95,102,102,102,102,102,102,102,102,102,102,102,102,102,102,102,102,102,102,102,102,102,102],"card_choices":[{"not_picked":["Sweeping Beam","Steam"],"picked":"Ball Lightning","floor":1},{"not_picked":["Reprogram","Coolheaded"],"picked":"Static Discharge","floor":3},{"not_picked":["Steam","REME_DataAnalysis"],"picked":"Double Energy","floor":7},{"not_picked":["Beam Cell","Compile Driver"],"picked":"Sunder","floor":10},{"not_picked":["Hologram","Redo"],"picked":"Amplify","floor":11},{"not_picked":["Barrage","Leap"],"picked":"Turbo","floor":13},{"not_picked":["Rebound","Redo","Cold Snap","Steam"],"picked":"Tempest","floor":14},{"not_picked":["Multi-Cast","Rainbow"],"picked":"Echo Form","floor":16},{"not_picked":["Reinforced Body","BootSequence"],"picked":"Capacitor","floor":18},{"not_picked":["Blizzard","Ball Lightning"],"picked":"Conserve Battery+1","floor":20},{"not_picked":["Meteor Strike","Static Discharge"],"picked":"Gash+1","floor":22},{"not_picked":["Auto Shields","REME_DataAnalysis"],"picked":"Beam Cell+1","floor":24},{"not_picked":["Consume","Stack"],"picked":"Seek","floor":27},{"not_picked":["Cold Snap","Sweeping Beam"],"picked":"Loop","floor":31},{"not_picked":["Fission","Rainbow"],"picked":"REME_ForAll","floor":33},{"not_picked":["Barrage+1","Static Discharge+1"],"picked":"Gash","floor":35},{"not_picked":["Sweeping Beam+1","Leap+1"],"picked":"Storm+1","floor":38},{"not_picked":["Cold Snap","Ball Lightning"],"picked":"Gash","floor":39},{"not_picked":["Stack+1","Rebound+1"],"picked":"REME_Whirling","floor":40},{"not_picked":["Redo+1","Sweeping Beam"],"picked":"Lockon+1","floor":42},{"not_picked":["Sunder","Coolheaded"],"picked":"Hello World","floor":44},{"not_picked":["Forethought","Finesse"],"picked":"REME_Flogging","floor":45},{"not_picked":["Sweeping Beam+1","Redo+1","Darkness"],"picked":"SKIP","floor":47},{"not_picked":["Conserve Battery","Auto Shields+1","Stack+1"],"picked":"SKIP","floor":48}],"player_experience":132006,"relics_obtained":[{"floor":7,"key":"Pear"},{"floor":9,"key":"CeramicFish"},{"floor":10,"key":"REME_PuzzleBoxRelic"},{"floor":14,"key":"Oddly Smooth Stone"},{"floor":17,"key":"Bronze Scales"},{"floor":17,"key":"Mummified Hand"},{"floor":17,"key":"Dead Branch"},{"floor":20,"key":"Red Mask"},{"floor":21,"key":"Torii"},{"floor":26,"key":"Omamori"},{"floor":27,"key":"Matryoshka"},{"floor":40,"key":"Turnip"},{"floor":42,"key":"REME_IWantAll"},{"floor":43,"key":"Smiling Mask"},{"floor":43,"key":"Art of War"}],"event_choices":[{"damage_healed":0,"gold_gain":0,"player_choice":"Donut","damage_taken":0,"max_hp_gain":5,"max_hp_loss":0,"event_name":"Big Fish","floor":2,"gold_loss":0},{"damage_healed":0,"gold_gain":0,"player_choice":"Take Damage","damage_taken":20,"relics_obtained":["Golden Idol"],"max_hp_gain":0,"max_hp_loss":0,"event_name":"Golden Idol","floor":5,"gold_loss":0},{"damage_healed":0,"gold_gain":99,"player_choice":"Stole From Cult","damage_taken":0,"max_hp_gain":0,"max_hp_loss":0,"event_name":"Nest","floor":19,"gold_loss":0},{"damage_healed":0,"gold_gain":0,"player_choice":"Fought Bandits","damage_taken":0,"max_hp_gain":0,"max_hp_loss":0,"event_name":"Masked Bandits","floor":20,"gold_loss":0},{"damage_healed":0,"gold_gain":180,"player_choice":"GOLD GOLD ","damage_taken":19,"max_hp_gain":0,"max_hp_loss":0,"event_name":"Knowing Skull","floor":25,"potions_obtained":[],"gold_loss":0,"cards_obtained":[]},{"damage_healed":0,"gold_gain":0,"player_choice":"Obtained Relic","damage_taken":0,"relics_obtained":["Ancient Tea Set"],"max_hp_gain":0,"max_hp_loss":0,"event_name":"Addict","floor":30,"gold_loss":85},{"damage_healed":0,"gold_gain":222,"player_choice":"Wore Mask","damage_taken":0,"max_hp_gain":0,"max_hp_loss":0,"event_name":"Tomb of Lord Red Mask","floor":36,"gold_loss":0},{"damage_healed":0,"gold_gain":0,"player_choice":"Copied","damage_taken":0,"max_hp_gain":0,"max_hp_loss":0,"event_name":"Duplicator","floor":37,"gold_loss":0,"cards_obtained":["Storm"]},{"damage_healed":0,"gold_gain":0,"player_choice":"Memory 2","damage_taken":5,"max_hp_gain":0,"max_hp_loss":0,"event_name":"SensoryStone","floor":45,"gold_loss":0}],"is_beta":false,"boss_relics":[{"not_picked":["Astrolabe","Tiny House"],"picked":"Calling Bell"},{"not_picked":["REME_ChargedStone","Sozu"],"picked":"Cursed Key"}],"items_purged_floors":[28,29],"is_endless":false,"potions_floor_spawned":[1,3,11,14,20,27,40,44,47],"ascension_level":5}}