{"host":"pkysykycfg9bua8p","time":1610853281,"event":{"mods":["AchievementEnabler","BaseMod","Better Third Choice","Filter the Spire","Minty Spire (QoL Compilation)","StSLib"],"gold_per_floor":[113,113,113,113,128,161,161,86,86,100,29,29,29,61,61,161,161,172,172,196,156,170,170,204,204,231,260,260,175,175,30,30,125,125,145,125,125,25,70,70,90,90,113,126,153,13,67,83,83,83,83,83,35,67,67,67],"floor_reached":55,"language":"ENG","playtime":2302,"items_purged":["Strike_G","Strike_G"],"score":871,"play_id":"7f39b808-23dd-4157-9d04-3014c1700208","local_time":"20210117161441","is_ascension_mode":true,"campfire_choices":[{"data":"Infinite Blades","floor":7,"key":"SMITH"},{"floor":15,"key":"REST"},{"data":"Blade Dance","floor":23,"key":"SMITH"},{"data":"Blade Dance","floor":25,"key":"SMITH"},{"floor":28,"key":"RECALL"},{"floor":32,"key":"REST"},{"data":"A Thousand Cuts","floor":40,"key":"SMITH"},{"data":"Endless Agony","floor":42,"key":"SMITH"},{"floor":49,"key":"REST"},{"data":"After Image","floor":52,"key":"SMITH"}],"circlet_count":0,"master_deck":["Strike_G","Defend_G+1","Defend_G+1","Defend_G","Defend_G","Defend_G","Survivor","Neutralize","Blade Dance+1","Blade Dance+1","Infinite Blades+1","Accuracy+1","Backstab","Adrenaline+1","Deflect+1","Slice","Endless Agony+1","After Image+1","A Thousand Cuts+1","Masterful Stab+1","Venomology+1","Escape Plan+1"],"relics":["Ring of the Snake","Snake Skull","Sundial","White Beast Statue","Ninja Scroll","Shuriken","Toxic Egg 2","FossilizedHelix","Black Star","Juzu Bracelet","Strawberry","War Paint","Pen Nib","InkBottle","Pantograph","Empty Cage","Frozen Egg 2","Oddly Smooth Stone","Blood Vial","MawBank","Regal Pillow","Medical Kit","CaptainsWheel","Bronze Scales","Kunai"],"acts_visited":["Exordium","TheCity","TheBeyond","TheEnding"],"potions_floor_usage":[6,14,14,24,24,27,33,33,44,44,44,45,45,45,50,50,50,50,54,54,55,55],"damage_taken":[{"damage":0,"enemies":"Small Slimes","floor":1,"turns":3},{"damage":0,"enemies":"Jaw Worm","floor":5,"turns":3},{"damage":23,"enemies":"Gremlin Nob","floor":6,"turns":4},{"damage":0,"enemies":"Cultist","floor":10,"turns":2},{"damage":6,"enemies":"3 Sentries","floor":14,"turns":3},{"damage":24,"enemies":"The Guardian","floor":16,"turns":11},{"damage":0,"enemies":"3 Byrds","floor":18,"turns":3},{"damage":0,"enemies":"Shell Parasite","floor":22,"turns":2},{"damage":0,"enemies":"Book of Stabbing","floor":24,"turns":4},{"damage":23,"enemies":"Gremlin Leader","floor":27,"turns":5},{"damage":0,"enemies":"Champ","floor":33,"turns":6},{"damage":0,"enemies":"Orb Walker","floor":35,"turns":2},{"damage":0,"enemies":"3 Shapes","floor":41,"turns":3},{"damage":0,"enemies":"Spire Growth","floor":44,"turns":3},{"damage":22,"enemies":"Reptomancer","floor":45,"turns":3},{"damage":0,"enemies":"2 Orb Walkers","floor":47,"turns":3},{"damage":0,"enemies":"Writhing Mass","floor":48,"turns":4},{"damage":15,"enemies":"Donu and Deca","floor":50,"turns":5},{"damage":23,"enemies":"Shield and Spear","floor":54,"turns":6},{"damage":84,"enemies":"The Heart","floor":55,"turns":8}],"seed_played":"-1596092139188594396","potions_obtained":[{"floor":5,"key":"Poison Potion"},{"floor":6,"key":"LiquidBronze"},{"floor":10,"key":"EssenceOfSteel"},{"floor":14,"key":"SneckoOil"},{"floor":16,"key":"Weak Potion"},{"floor":18,"key":"GamblersBrew"},{"floor":22,"key":"Poison Potion"},{"floor":24,"key":"Strength Potion"},{"floor":27,"key":"ColorlessPotion"},{"floor":33,"key":"Fruit Juice"},{"floor":35,"key":"Poison Potion"},{"floor":36,"key":"EntropicBrew"},{"floor":41,"key":"Strength Potion"},{"floor":44,"key":"Energy Potion"},{"floor":45,"key":"Strength Potion"},{"floor":47,"key":"LiquidBronze"},{"floor":48,"key":"BlessingOfTheForge"},{"floor":54,"key":"SteroidPotion"}],"is_trial":false,"path_per_floor":["M","?","?","?","M","E","R","$","T","M","$","T","$","E","R","B",null,"M","?","T","?","M","R","E","R","T","E","R","?","?","$","R","B",null,"M","?","?","$","T","R","M","R","T","M","E","$","?","M","R","B",null,"R","$","E","B"],"character_chosen":"THE_SILENT","items_purchased":["Accuracy","After Image","Medical Kit","Block Potion"],"campfire_rested":3,"item_purchase_floors":[11,31,46,53],"current_hp_per_floor":[70,70,58,58,58,35,35,35,35,35,35,35,35,29,50,26,70,70,70,70,70,70,70,77,77,77,54,54,54,54,54,77,82,82,82,82,82,82,82,82,82,82,82,82,60,60,62,64,82,67,82,82,82,59,0,0],"gold":67,"neow_bonus":"RANDOM_COMMON_RELIC","is_daily":false,"chose_seed":false,"campfire_upgraded":6,"win_rate":0.0,"timestamp":1610853281,"path_taken":["M","?","?","?","?","E","R","$","T","M","$","?","?","E","R","BOSS","M","?","?","?","M","R","E","R","T","E","R","?","?","?","R","BOSS","M","?","?","$","?","R","M","R","T","M","E","?","?","M","R","BOSS","R","$","E","BOSS"],"items_purchased_type":["Card","Card","Relic","Potion"],"build_version":"2020-12-22","purchased_purges":2,"victory":false,"max_hp_per_floor":[70,70,70,70,70,70,70,70,70,70,70,70,70,70,70,70,70,70,70,70,70,70,70,77,77,77,77,77,77,77,77,77,82,82,82,82,82,82,82,82,82,82,82,82,82,82,82,82,82,82,82,82,82,82,82,82],"card_choices":[{"not_picked":["Sucker Punch","Blur"],"picked":"Blade Dance","floor":1},{"not_picked":["Footwork","Riddle With Holes"],"picked":"Blade Dance","floor":5},{"not_picked":["Prepared","Quick Slash"],"picked":"Infinite Blades","floor":6},{"not_picked":["Sucker Punch","Leg Sweep","Outmaneuver"],"picked":"SKIP","floor":10},{"not_picked":["Dodge and Roll+1","Expertise+1"],"picked":"Backstab","floor":14},{"not_picked":["Bullet Time+1","After Image"],"picked":"Adrenaline+1","floor":16},{"not_picked":["Slice","Acrobatics+1"],"picked":"Deflect+1","floor":18},{"not_picked":["Flechettes","Acrobatics+1","Dagger Spray"],"picked":"SKIP","floor":22},{"not_picked":["Dagger Throw","Bane"],"picked":"Slice","floor":24},{"not_picked":["Catalyst+1","Deadly Poison+1","Reflex+1"],"picked":"SKIP","floor":27},{"not_picked":["Tools of the Trade","Malaise+1"],"picked":"A Thousand Cuts","floor":33},{"not_picked":["Dagger Throw","Deadly Poison+1","Dash+1"],"picked":"SKIP","floor":35},{"not_picked":["Sucker Punch","Choke","Acrobatics+1"],"picked":"SKIP","floor":41},{"not_picked":["Poisoned Stab+1","Bane+1"],"picked":"Masterful Stab+1","floor":44},{"not_picked":["Deadly Poison+1","Masterful Stab","Poisoned Stab"],"picked":"SKIP","floor":45},{"not_picked":["Backflip+1","Bane+1"],"picked":"Venomology+1","floor":48},{"not_picked":["Flechettes+1","Slice"],"picked":"Escape Plan+1","floor":54}],"player_experience":61035,"relics_obtained":[{"floor":4,"key":"White Beast Statue"},{"floor":6,"key":"Ninja Scroll"},{"floor":9,"key":"Shuriken"},{"floor":12,"key":"Toxic Egg 2"},{"floor":14,"key":"FossilizedHelix"},{"floor":20,"key":"Juzu Bracelet"},{"floor":24,"key":"Strawberry"},{"floor":24,"key":"War Paint"},{"floor":27,"key":"Pen Nib"},{"floor":27,"key":"InkBottle"},{"floor":39,"key":"Oddly Smooth Stone"},{"floor":43,"key":"Blood Vial"},{"floor":45,"key":"MawBank"},{"floor":45,"key":"Regal Pillow"},{"floor":47,"key":"CaptainsWheel"},{"floor":54,"key":"Bronze Scales"},{"floor":54,"key":"Kunai"}],"event_choices":[{"damage_healed":70,"gold_gain":0,"player_choice":"Leave","damage_taken":0,"max_hp_gain":0,"max_hp_loss":70,"event_name":"betterThird:BetterShining","floor":2,"gold_loss":0},{"damage_healed":0,"gold_gain":0,"player_choice":"Relic ","damage_taken":12,"max_hp_gain":0,"max_hp_loss":0,"event_name":"betterThird:BetterScrap","floor":3,"gold_loss":0,"cards_obtained":["Limit Break"]},{"damage_healed":0,"gold_gain":0,"player_choice":"Relic","damage_taken":0,"max_hp_gain":0,"max_hp_loss":0,"event_name":"Wheel of Change","floor":4,"gold_loss":0},{"damage_healed":0,"gold_gain":0,"player_choice":"Ignored","damage_taken":0,"max_hp_gain":0,"max_hp_loss":0,"event_name":"Ghosts","floor":19,"gold_loss":0},{"damage_healed":0,"gold_gain":0,"player_choice":"Upgrade","damage_taken":0,"max_hp_gain":0,"max_hp_loss":0,"event_name":"Designer","floor":21,"gold_loss":40,"cards_upgraded":["Accuracy"]},{"damage_healed":0,"gold_gain":0,"player_choice":"Obtained Relic","damage_taken":0,"relics_obtained":["Pantograph"],"max_hp_gain":0,"max_hp_loss":0,"event_name":"Addict","floor":29,"gold_loss":85},{"damage_healed":0,"gold_gain":0,"player_choice":"Read","damage_taken":0,"max_hp_gain":0,"max_hp_loss":0,"event_name":"The Library","floor":30,"gold_loss":0,"cards_obtained":["Endless Agony"]},{"damage_healed":0,"gold_gain":0,"player_choice":"Bought 1 Potion","damage_taken":0,"max_hp_gain":0,"max_hp_loss":0,"event_name":"The Woman in Blue","floor":36,"gold_loss":0},{"damage_healed":0,"gold_gain":0,"player_choice":"Gave Potion","damage_taken":0,"relics_obtained":["Frozen Egg 2"],"max_hp_gain":0,"max_hp_loss":0,"event_name":"WeMeetAgain","floor":37,"gold_loss":0},{"damage_healed":0,"gold_gain":0,"player_choice":"Fight","damage_taken":0,"max_hp_gain":0,"max_hp_loss":0,"event_name":"Mysterious Sphere","floor":47,"gold_loss":0}],"is_beta":false,"boss_relics":[{"not_picked":["Calling Bell","Cursed Key"],"picked":"Black Star"},{"not_picked":["Ring of the Serpent","Coffee Dripper"],"picked":"Empty Cage"}],"items_purged_floors":[8,38],"is_endless":false,"potions_floor_spawned":[5,6,10,14,16,18,22,24,27,33,35,41,44,45,47,48,54],"killed_by":"The Heart","ascension_level":1}}