{"host":"axuns55dzq466eei","time":1610886991,"event":{"mods":["BaseMod","Colored Map","Keyboard Shortcuts","Minty Spire (QoL Compilation)","StSLib","SuperFastMode"],"gold_per_floor":[111,131,131,131,56,88,103,103,158,158,178,204,130,148,148,148,148],"floor_reached":16,"language":"KOR","playtime":174,"items_purged":["Strike_B"],"score":270,"play_id":"9fe9331f-fcd0-41d8-8a1c-bb6fc132facb","local_time":"20210117213631","is_ascension_mode":true,"campfire_choices":[{"data":"Darkness","floor":8,"key":"SMITH"},{"data":"Dualcast","floor":10,"key":"SMITH"},{"floor":15,"key":"REST"}],"circlet_count":0,"master_deck":["AscendersBane","Strike_B","Strike_B","Strike_B","Defend_B","Defend_B+1","Defend_B","Defend_B","Zap","Dualcast+1","Lockon+1","Doom and Gloom","Darkness+1","Coolheaded","Hologram","Conserve Battery"],"relics":["Cracked Core","NeowsBlessing","Strawberry","Art of War","Letter Opener"],"acts_visited":["Exordium"],"potions_floor_usage":[14],"damage_taken":[{"damage":0,"enemies":"Cultist","floor":1,"turns":1},{"damage":0,"enemies":"Small Slimes","floor":2,"turns":1},{"damage":0,"enemies":"Gremlin Nob","floor":6,"turns":1},{"damage":2,"enemies":"Jaw Worm","floor":7,"turns":3},{"damage":20,"enemies":"Exordium Wildlife","floor":11,"turns":4},{"damage":29,"enemies":"3 Sentries","floor":12,"turns":5},{"damage":0,"enemies":"Looter","floor":14,"turns":2},{"damage":29,"enemies":"The Guardian","floor":16,"turns":2}],"seed_played":"-8339882268846310304","potions_obtained":[{"floor":1,"key":"GamblersBrew"},{"floor":2,"key":"PotionOfCapacity"},{"floor":14,"key":"Strength Potion"}],"is_trial":false,"path_per_floor":["M","M","?","?","$","E","M","R","T","R","M","E","?","M","R","B"],"character_chosen":"DEFECT","items_purchased":[],"campfire_rested":1,"item_purchase_floors":[],"current_hp_per_floor":[64,64,43,48,48,55,53,53,53,53,33,4,4,4,28,0,0],"gold":148,"neow_bonus":"THREE_ENEMY_KILL","is_daily":false,"chose_seed":false,"campfire_upgraded":2,"win_rate":0.0,"timestamp":1610886991,"path_taken":["M","M","?","?","?","E","?","R","T","R","M","E","?","M","R","BOSS"],"items_purchased_type":[],"build_version":"2020-12-22","purchased_purges":1,"victory":false,"max_hp_per_floor":[71,71,71,76,76,83,83,83,83,83,83,83,83,83,83,83,83],"card_choices":[{"not_picked":["Force Field","Go for the Eyes"],"picked":"Lockon","floor":1},{"not_picked":["FTL","Gash"],"picked":"Doom and Gloom","floor":2},{"not_picked":["Loop","Streamline"],"picked":"Darkness","floor":6},{"not_picked":["Rip and Tear","Rebound"],"picked":"Coolheaded","floor":7},{"not_picked":["Streamline","Go for the Eyes"],"picked":"Hologram","floor":11},{"not_picked":["Sweeping Beam","Rebound"],"picked":"Conserve Battery","floor":12},{"not_picked":["Ball Lightning","Force Field","Biased Cognition"],"picked":"SKIP","floor":14}],"player_experience":1079089,"relics_obtained":[{"floor":6,"key":"Strawberry"},{"floor":9,"key":"Art of War"},{"floor":12,"key":"Letter Opener"}],"event_choices":[{"damage_healed":0,"gold_gain":0,"player_choice":"Entered Light","damage_taken":21,"max_hp_gain":0,"max_hp_loss":0,"event_name":"Shining Light","floor":3,"gold_loss":0,"cards_upgraded":["Defend_B","Lockon"]},{"damage_healed":0,"gold_gain":0,"player_choice":"Donut","damage_taken":0,"max_hp_gain":5,"max_hp_loss":0,"event_name":"Big Fish","floor":4,"gold_loss":0},{"damage_healed":0,"gold_gain":0,"player_choice":"Left Gold","damage_taken":0,"max_hp_gain":0,"max_hp_loss":0,"event_name":"World of Goop","floor":13,"gold_loss":74}],"is_beta":false,"boss_relics":[],"items_purged_floors":[5],"is_endless":false,"potions_floor_spawned":[1,2,14],"killed_by":"The Guardian","ascension_level":20}}