{"host":"r53pw7z744tg3fxg","time":1610902291,"event":{"mods":["AchievementEnabler","BaseMod","Colored Map","Colored Powertips","Highlight Path","Minty Spire (QoL Compilation)","Quick Restart","Transform Curses"],"gold_per_floor":[111,12,30,44,44,44,79,43,43,73,73,85,85,85,85,158,158,174,174,194,208,228,259,275,275,302,302,320,320,340,368,368,442,492,509,509,142,158,170,170,197,197,197,210,224,224,238,250,250,250],"floor_reached":51,"language":"ENG","playtime":3011,"items_purged":["Normality"],"score":1523,"play_id":"b035002f-9282-409b-a3cf-6f722644805c","local_time":"20210117095131","is_ascension_mode":true,"campfire_choices":[{"data":"Eruption","floor":6.0,"key":"SMITH"},{"data":"Wallop","floor":11.0,"key":"SMITH"},{"data":"PathToVictory","floor":13.0,"key":"SMITH"},{"floor":15.0,"key":"REST"},{"floor":25.0,"key":"REST"},{"data":"Devotion","floor":32.0,"key":"SMITH"},{"floor":40.0,"key":"REST"},{"floor":42.0,"key":"REST"},{"floor":46.0,"key":"REST"},{"floor":49,"key":"REST"}],"circlet_count":0,"master_deck":["AscendersBane","Strike_P","Strike_P","Strike_P","Strike_P","Defend_P","Defend_P+1","Defend_P","Defend_P","Eruption+1","Vigilance","EmptyBody","BowlingBash","Evaluate+1","Consecrate","DeceiveReality+1","Wallop+1","PathToVictory+1","Devotion+1","ForeignInfluence+1","Crescendo+1","Pray","SashWhip","ForeignInfluence+1","DevaForm+1","Fasting2","ClearTheMind","FlurryOfBlows+1","BattleHymn+1","FearNoEvil","EmptyMind"],"relics":["PureWater","FossilizedHelix","Pocketwatch","InkBottle","Mercury Hourglass","Busted Crown","Nunchaku","Bronze Scales","Prayer Wheel","Tiny House","Boot","TheAbacus","CloakClasp","Yang"],"acts_visited":["Exordium","TheCity","TheBeyond"],"potions_floor_usage":[50,50],"damage_taken":[{"damage":0.0,"enemies":"Jaw Worm","floor":1.0,"turns":3.0},{"damage":0.0,"enemies":"2 Louse","floor":3.0,"turns":2.0},{"damage":0.0,"enemies":"Cultist","floor":4.0,"turns":3.0},{"damage":0.0,"enemies":"Gremlin Nob","floor":7.0,"turns":3.0},{"damage":0.0,"enemies":"3 Sentries","floor":10.0,"turns":4.0},{"damage":0.0,"enemies":"2 Fungi Beasts","floor":12.0,"turns":2.0},{"damage":0.0,"enemies":"The Guardian","floor":16.0,"turns":9.0},{"damage":0.0,"enemies":"Shell Parasite","floor":18.0,"turns":4.0},{"damage":0.0,"enemies":"2 Thieves","floor":20.0,"turns":4.0},{"damage":9.0,"enemies":"Snake Plant","floor":21.0,"turns":4.0},{"damage":6.0,"enemies":"3 Cultists","floor":22.0,"turns":5.0},{"damage":15.0,"enemies":"Book of Stabbing","floor":23.0,"turns":5.0},{"damage":1.0,"enemies":"Centurion and Healer","floor":24.0,"turns":6.0},{"damage":0.0,"enemies":"Cultist and Chosen","floor":28.0,"turns":5.0},{"damage":0.0,"enemies":"3 Cultists","floor":30.0,"turns":3.0},{"damage":0.0,"enemies":"Gremlin Leader","floor":31.0,"turns":5.0},{"damage":0.0,"enemies":"Automaton","floor":33.0,"turns":6.0},{"damage":9.0,"enemies":"3 Shapes","floor":35.0,"turns":4.0},{"damage":19.0,"enemies":"3 Darklings","floor":38.0,"turns":4.0},{"damage":17.0,"enemies":"Spire Growth","floor":39.0,"turns":5.0},{"damage":35.0,"enemies":"Nemesis","floor":41.0,"turns":7.0},{"damage":0.0,"enemies":"4 Shapes","floor":44.0,"turns":3.0},{"damage":23.0,"enemies":"Writhing Mass","floor":45.0,"turns":4.0},{"damage":0.0,"enemies":"Transient","floor":47.0,"turns":5.0},{"damage":0,"enemies":"Sphere and 2 Shapes","floor":48,"turns":5},{"damage":26,"enemies":"Awakened One","floor":50,"turns":9}],"seed_played":"-5759421476675969831","potions_obtained":[{"floor":1.0,"key":"Weak Potion"},{"floor":3.0,"key":"Strength Potion"},{"floor":10.0,"key":"LiquidBronze"},{"floor":18.0,"key":"Fire Potion"},{"floor":22.0,"key":"ColorlessPotion"},{"floor":27.0,"key":"LiquidBronze"},{"floor":27.0,"key":"Block Potion"},{"floor":28.0,"key":"Block Potion"},{"floor":31.0,"key":"CultistPotion"},{"floor":33.0,"key":"EssenceOfSteel"},{"floor":34.0,"key":"LiquidBronze"},{"floor":35.0,"key":"Block Potion"},{"floor":47.0,"key":"FearPotion"},{"floor":48,"key":"SteroidPotion"}],"is_trial":false,"path_per_floor":["M","$","M","M","?","R","E","$","T","E","R","M","R","?","R","B",null,"M","$","M","M","M","E","M","R","T","?","M","?","M","E","R","B",null,"M","?","$","M","M","R","E","R","T","M","M","R","M","M","R","B",null],"character_chosen":"WATCHER","items_purchased":["BowlingBash","Wallop","Boot","TheAbacus","Fasting2"],"campfire_rested":6,"item_purchase_floors":[2,8,37,37,37],"current_hp_per_floor":[61,61,61,61,61,61,61,61,61,61,61,61,61,41,61,61,66,66,66,66,57,51,36,35,55,55,55,55,55,55,55,55,55,70,61,61,61,42,25,46,11,32,32,32,9,30,30,30,51,25],"gold":250,"neow_bonus":"ONE_RARE_RELIC","is_daily":false,"chose_seed":false,"campfire_upgraded":4,"win_rate":0.0,"timestamp":1610902291,"path_taken":["M","$","M","M","?","R","E","$","T","E","R","M","R","?","R","BOSS","M","$","M","M","M","E","M","R","T","?","?","?","?","E","R","BOSS","M","?","$","M","M","R","E","R","T","M","M","R","M","M","R","BOSS"],"items_purchased_type":["Card","Card","Relic","Relic","Card"],"build_version":"2020-12-22","purchased_purges":1,"victory":true,"max_hp_per_floor":[68,68,68,68,68,68,68,68,68,68,68,68,68,68,68,68,68,68,68,68,68,68,68,68,68,68,68,68,68,68,68,68,68,73,73,73,73,73,73,73,73,73,73,73,73,73,73,73,73,73],"card_choices":[{"not_picked":["Halt","ThirdEye"],"picked":"EmptyBody","floor":1.0},{"not_picked":["FlyingSleeves","Halt"],"picked":"Evaluate","floor":3.0},{"not_picked":["EmptyBody","Protect"],"picked":"Consecrate","floor":4.0},{"not_picked":["Collect","SandsOfTime"],"picked":"DeceiveReality","floor":7.0},{"not_picked":["MentalFortress","SignatureMove"],"picked":"PathToVictory","floor":10.0},{"not_picked":["Evaluate","Nirvana","PathToVictory"],"picked":"SKIP","floor":12.0},{"not_picked":["ConjureBlade","Brilliance"],"picked":"Devotion","floor":16.0},{"not_picked":[],"picked":"ForeignInfluence+1","floor":18.0},{"not_picked":["Protect"],"picked":"SKIP","floor":20.0},{"not_picked":[],"picked":"Crescendo+1","floor":21.0},{"not_picked":["Tantrum"],"picked":"SKIP","floor":22.0},{"not_picked":[],"picked":"Pray","floor":23.0},{"not_picked":["Weave"],"picked":"SKIP","floor":24.0},{"not_picked":["Nirvana"],"picked":"SKIP","floor":28.0},{"not_picked":[],"picked":"SashWhip","floor":30.0},{"not_picked":[],"picked":"ForeignInfluence+1","floor":31.0},{"not_picked":[],"picked":"DevaForm","floor":33.0},{"not_picked":["EmptyBody"],"picked":"SKIP","floor":35.0},{"not_picked":["Consecrate"],"picked":"SKIP","floor":35.0},{"not_picked":[],"picked":"ClearTheMind","floor":38.0},{"not_picked":["JustLucky"],"picked":"SKIP","floor":38.0},{"not_picked":["Vengeance+1"],"picked":"SKIP","floor":39.0},{"not_picked":["Weave"],"picked":"SKIP","floor":39.0},{"not_picked":[],"picked":"FlurryOfBlows+1","floor":41.0},{"not_picked":[],"picked":"BattleHymn+1","floor":44.0},{"not_picked":["Weave"],"picked":"SKIP","floor":44.0},{"not_picked":[],"picked":"FearNoEvil","floor":45.0},{"not_picked":["ClearTheMind"],"picked":"SKIP","floor":45.0},{"not_picked":["Evaluate+1"],"picked":"SKIP","floor":47.0},{"not_picked":["FearNoEvil+1"],"picked":"SKIP","floor":47.0},{"not_picked":[],"picked":"EmptyMind","floor":48},{"not_picked":["Consecrate+1"],"picked":"SKIP","floor":48}],"player_experience":1283335,"relics_obtained":[{"floor":7.0,"key":"Pocketwatch"},{"floor":9.0,"key":"InkBottle"},{"floor":10.0,"key":"Mercury Hourglass"},{"floor":23.0,"key":"Nunchaku"},{"floor":26.0,"key":"Bronze Scales"},{"floor":31.0,"key":"Prayer Wheel"},{"floor":41.0,"key":"CloakClasp"},{"floor":43.0,"key":"Yang"}],"event_choices":[{"damage_healed":0.0,"max_hp_gain":0.0,"max_hp_loss":0.0,"gold_gain":0.0,"event_name":"Liars Game","player_choice":"Ignored","floor":5.0,"gold_loss":0.0,"damage_taken":0.0},{"damage_healed":0.0,"max_hp_gain":0.0,"max_hp_loss":0.0,"gold_gain":0.0,"event_name":"Shining Light","player_choice":"Entered Light","floor":14.0,"gold_loss":0.0,"damage_taken":20.0,"cards_upgraded":["Defend_P","DeceiveReality"]},{"damage_healed":0.0,"max_hp_gain":0.0,"max_hp_loss":0.0,"gold_gain":0.0,"event_name":"Lab","player_choice":"Got Potions","floor":27.0,"gold_loss":0.0,"damage_taken":0.0},{"damage_healed":0.0,"max_hp_gain":0.0,"max_hp_loss":0.0,"gold_gain":0.0,"event_name":"Purifier","player_choice":"Ignored","floor":29.0,"gold_loss":0.0,"damage_taken":0.0},{"damage_healed":0.0,"max_hp_gain":0.0,"max_hp_loss":0.0,"gold_gain":0.0,"event_name":"Accursed Blacksmith","player_choice":"Forge","floor":36.0,"gold_loss":0.0,"damage_taken":0.0,"cards_upgraded":["DevaForm"]}],"is_beta":false,"boss_relics":[{"not_picked":["Velvet Choker","Snecko Eye"],"picked":"Busted Crown"},{"not_picked":["Astrolabe","SacredBark"],"picked":"Tiny House"}],"items_purged_floors":[2],"is_endless":false,"potions_floor_spawned":[1,3,10,18,22,28,31,33,35,47,48],"ascension_level":15}}