{"host":"p245q48pmopyklqs","time":1610902929,"event":{"mods":["BaseMod","DeckTracker","Downfall","Minty Spire (QoL Compilation)","StSLib","SuperFastMode"],"gold_per_floor":[99,109,122,136,155,155,179,179,197,213,213,230,230,61,81,81,81,81],"floor_reached":16,"language":"ENG","playtime":873,"items_purged":["champ:Strike"],"score":96,"play_id":"88587ccf-6037-44ee-9f9f-d5c95f2a2ac2","local_time":"20210118020209","is_ascension_mode":false,"campfire_choices":[{"data":"champ:Execute","floor":1,"key":"SMITH"},{"data":"champ:FanOfKnives","floor":8,"key":"SMITH"},{"data":"champ:Taunt","floor":13,"key":"SMITH"}],"circlet_count":0,"master_deck":["champ:Strike+1","champ:Strike+1","champ:Defend","champ:Defend","champ:Defend","champ:Defend","champ:Execute+1","champ:Taunt+1","champ:Haymaker","champ:FlashCut","champ:PreciseThrust","champ:FanOfKnives+1","champ:SteelEdge","champ:SwordThrow","champ:ShieldWall","champ:Circumvent"],"relics":["champ:ChampionCrown","Whetstone","Du-Vu Doll"],"acts_visited":["Exordium"],"potions_floor_usage":[],"damage_taken":[{"damage":16,"enemies":"Jaw Worm","floor":2,"turns":3},{"damage":16,"enemies":"Cultist","floor":3,"turns":3},{"damage":10,"enemies":"Small Slimes","floor":4,"turns":2},{"damage":23,"enemies":"Exordium Wildlife","floor":5,"turns":5},{"damage":24,"enemies":"Exordium Thugs","floor":9,"turns":4},{"damage":3,"enemies":"Lots of Slimes","floor":10,"turns":3},{"damage":12,"enemies":"Blue Slaver","floor":12,"turns":4},{"damage":10,"enemies":"downfall:FleeingMerchant","floor":14,"turns":4},{"damage":0,"enemies":"2 Fungi Beasts","floor":15,"turns":1},{"damage":61,"enemies":"DF_ARCHETYPE_STREAMLINE","floor":16,"turns":9}],"seed_played":"-5428901625875531010","potions_obtained":[{"floor":2,"key":"champ:OpenerPotion"},{"floor":5,"key":"Guardian:BlockOnCardUsePotion"},{"floor":12,"key":"BlessingOfTheForge"}],"is_trial":false,"path_per_floor":["R","M","M","M","M","?","T","R","M","M","T","M","R","$","M","B"],"character_chosen":"THE_CHAMP","items_purchased":["champ:ShieldWall"],"campfire_rested":0,"item_purchase_floors":[14],"current_hp_per_floor":[99,93,87,87,74,74,74,74,60,57,57,55,55,55,55,0,0,0],"gold":81,"neow_bonus":"TEN_PERCENT_HP_BONUS","is_daily":false,"chose_seed":false,"campfire_upgraded":3,"win_rate":0.0,"timestamp":1610902929,"path_taken":["R","M","M","M","M","?","T","R","M","?","?","M","R","$","M","BOSS"],"items_purchased_type":["Card"],"build_version":"2020-12-22","purchased_purges":1,"victory":false,"max_hp_per_floor":[99,99,99,99,99,99,99,99,99,99,99,99,99,99,99,99,99,99],"card_choices":[{"not_picked":["champ:SetATrap","champ:Lariat"],"picked":"champ:Haymaker","floor":2},{"not_picked":["champ:Lariat","champ:FancyFootwork"],"picked":"champ:FlashCut","floor":3},{"not_picked":["champ:PreciseThrust","champ:ArenaPreparation","champ:Endure"],"picked":"SKIP","floor":4},{"not_picked":["champ:ArenaPreparation","champ:Endure"],"picked":"champ:PreciseThrust","floor":4},{"not_picked":["champ:Parry","champ:BladeFlurry"],"picked":"champ:FanOfKnives","floor":5},{"not_picked":["champ:ArenaPreparation","champ:DefensiveShout","champ:AdrenalArmor"],"picked":"SKIP","floor":9},{"not_picked":["champ:Parry","champ:Duel","champ:ArenaPreparation"],"picked":"SKIP","floor":10},{"not_picked":["champ:EnGarde","champ:FlashCut"],"picked":"champ:SwordThrow","floor":12},{"not_picked":["champ:AdrenalArmor","champ:Backstep","champ:DefensiveShout"],"picked":"SKIP","floor":14},{"not_picked":["champ:PreciseThrust","champ:Shatter"],"picked":"champ:Circumvent","floor":15}],"player_experience":2378774,"relics_obtained":[{"floor":7,"key":"Whetstone"},{"floor":11,"key":"Du-Vu Doll"}],"event_choices":[],"is_beta":false,"boss_relics":[],"items_purged_floors":[14],"is_endless":false,"potions_floor_spawned":[2,5,12],"killed_by":"DF_ARCHETYPE_STREAMLINE","ascension_level":0}}