{"host":"af1kf8gfe86ugcx8","time":1610889747,"event":{"mods":["2.2 Compatiblity","BaseMod","Better Altar","Better Match","Better Sensory Stone","Better Skull","Better Vampires","BetterRewards","Card Filter","Colored Map","Conspire","Defuse TimeMaze Blight","Downfall","Energized Spire","Friendly Minions","Glutton Mod","Infinite Spire","Mad Scientist","Minty Spire (QoL Compilation)","Permanent Neow","Quick Restart","Random Character Button","SOS???????","Shop Mod","Spikes Relics","StSLib","The Construct","The Death Knight","The Disciple","The Necromancer","Transform Curses","UnlockEverythingMod"],"gold_per_floor":[215,231,231,250,196,196,221,221,221,145,115,115,115,125,125,227,227,242,95,95,95,95,127,127,127,127,109,109,9,9,21,21,118,118,134,234,250,267,282,312,312,345,371,371,371],"floor_reached":44,"language":"ENG","playtime":1938,"items_purged":["construct:Synchronize+1","construct:Isolate+1"],"score":532,"play_id":"5b679903-1aef-42ba-b02a-51a1beac1415","local_time":"20210117052227","is_ascension_mode":false,"campfire_choices":[{"data":"construct:Autoturret+1","floor":6,"key":"SMITH"},{"data":"construct:Autoturret","floor":8,"key":"SMITH"},{"data":"construct:Autoturret+1","floor":13,"key":"SMITH"},{"data":"construct:Autoturret","floor":15,"key":"SMITH"},{"data":"construct:GuardCore","floor":24,"key":"SMITH"},{"data":"construct:GuardCore+1","floor":28,"key":"SMITH"},{"data":"construct:Autoturret+1","floor":30,"key":"SMITH"},{"data":"construct:BatteryCore","floor":32,"key":"SMITH"},{"floor":41,"key":"REST"}],"circlet_count":0,"master_deck":["construct:Strike_Gold+1","construct:Strike_Gold+1","construct:Strike_Gold+1","construct:Strike_Gold+1","construct:Strike_Gold+1","construct:Defend_Gold+1","construct:Defend_Gold+1","construct:Defend_Gold+1","construct:Defend_Gold+1","construct:DefenseMode","construct:Autoturret+2","construct:Autoturret+2","construct:MetalShell","construct:Autoturret+2","construct:BatteryCore+1","construct:Disrupt+1","construct:GuardCore+2","construct:ForceCore+1","construct:Reinforce+1"],"relics":["construct:ClockworkPhoenix","CaptainsWheel","conspire:DeflatedDodgeball","Astrolabe","RollingBoulder","GiantMaggot","construct:WeddingRing","Darkstone Periapt","Happy Flower"],"acts_visited":["Exordium","TheCity","TheBeyond"],"potions_floor_usage":[7,12,16,33,42],"damage_taken":[{"damage":15,"enemies":"Jaw Worm","floor":1,"turns":5},{"damage":2,"enemies":"2 Louse","floor":2,"turns":3},{"damage":6,"enemies":"Cultist","floor":4,"turns":3},{"damage":39,"enemies":"3 Sentries","floor":7,"turns":16},{"damage":2,"enemies":"Looter","floor":11,"turns":4},{"damage":0,"enemies":"conspire:2 RoseBushes","floor":14,"turns":7},{"damage":0,"enemies":"Hexaghost","floor":16,"turns":11},{"damage":0,"enemies":"Spheric Guardian","floor":18,"turns":4},{"damage":26,"enemies":"Gremlin Leader","floor":23,"turns":7},{"damage":20,"enemies":"2 Thieves","floor":27,"turns":4},{"damage":0,"enemies":"Cultist and Chosen","floor":31,"turns":6},{"damage":10,"enemies":"Champ","floor":33,"turns":6},{"damage":0,"enemies":"Orb Walker","floor":35,"turns":4},{"damage":5,"enemies":"3 Shapes","floor":37,"turns":6},{"damage":1,"enemies":"3 Darklings","floor":38,"turns":5},{"damage":24,"enemies":"Jaw Worm Horde","floor":39,"turns":5},{"damage":54,"enemies":"Reptomancer","floor":40,"turns":6},{"damage":27,"enemies":"Nightmare","floor":42,"turns":7},{"damage":8,"enemies":"4 Shapes","floor":44,"turns":1}],"seed_played":"6245209661860325764","potions_obtained":[{"floor":4,"key":"DistilledChaos"},{"floor":12,"key":"Fruit Juice"},{"floor":12,"key":"GamblersBrew"},{"floor":12,"key":"Block Potion"},{"floor":14,"key":"DuplicationPotion"},{"floor":27,"key":"Ancient Potion"},{"floor":31,"key":"FearPotion"},{"floor":37,"key":"hexamod:SoulburnPotion"},{"floor":38,"key":"LiquidBronze"}],"is_trial":false,"path_per_floor":["M","M","?","M","$","R","E","R","T","$","M","?","R","M","R","B",null,"M","$","?","AVR","?","E","R","?","T","M","R","$","R","M","R","B",null,"M","?","M","M","M","E","R","NM","T","M"],"character_chosen":"THE_CONSTRUCT_MOD","items_purchased":["construct:Autoturret","construct:PointDefense","construct:GuardCore"],"campfire_rested":1,"item_purchase_floors":[5,10,19],"current_hp_per_floor":[70,68,68,62,62,62,23,23,23,23,21,26,26,26,26,26,90,90,90,90,90,90,64,64,64,64,44,44,44,44,44,44,34,90,90,90,85,84,60,6,33,6,6,0,0],"gold":371,"neow_bonus":"HUNDRED_GOLD","is_daily":false,"chose_seed":false,"campfire_upgraded":8,"win_rate":0.0,"timestamp":1610889747,"path_taken":["M","M","?","M","$","R","E","R","T","$","M","?","R","?","R","BOSS","M","$","?","AVR","?","E","R","?","T","M","R","?","R","?","R","BOSS","M","?","?","?","M","E","R","NM","T","M"],"items_purchased_type":["Card","Card","Card"],"build_version":"2020-12-22","purchased_purges":2,"victory":false,"max_hp_per_floor":[85,85,85,85,85,85,85,85,85,85,85,90,90,90,90,90,90,90,90,90,90,90,90,90,90,90,90,90,90,90,90,90,90,90,90,90,90,90,90,90,90,90,90,90,90],"card_choices":[{"not_picked":["construct:SaveState","construct:HeavyBolt"],"picked":"construct:Autoturret","floor":1},{"not_picked":["construct:Boost","construct:CripplingShot","construct:Overcharge"],"picked":"SKIP","floor":2},{"not_picked":["construct:Electrocute","construct:SiegeForm","construct:FierceBash"],"picked":"SKIP","floor":4},{"not_picked":["construct:Anticipate","construct:PanicFire"],"picked":"construct:MetalShell","floor":7},{"not_picked":["construct:ClusterMines","construct:SyphonStrike"],"picked":"construct:Autoturret","floor":11},{"not_picked":["construct:Reinforce","construct:SyphonStrike","construct:PowerUp"],"picked":"SKIP","floor":14},{"not_picked":["construct:SpinDrive","construct:MassProduction"],"picked":"construct:BatteryCore","floor":16},{"not_picked":["construct:Antimatter","construct:Backfire+1","construct:ClusterMines"],"picked":"SKIP","floor":18},{"not_picked":["construct:ShiftGuard","construct:FocusedBeam","construct:Hazardproof+1"],"picked":"SKIP","floor":23},{"not_picked":["construct:FocusedBeam","construct:Isolate","construct:BatteryAcid"],"picked":"SKIP","floor":27},{"not_picked":["construct:VentSteam","construct:Zapper","construct:SuppressiveFire+1"],"picked":"SKIP","floor":31},{"not_picked":["construct:Anticipate+1","construct:ModeShift"],"picked":"construct:ForceCore+1","floor":35},{"not_picked":["construct:Impenetrable+1","construct:ClusterMines+1","construct:SyphonStrike+1"],"picked":"SKIP","floor":37},{"not_picked":["construct:OneWayMirror+1","construct:Antimatter","construct:HardReboot"],"picked":"SKIP","floor":38},{"not_picked":["construct:BatteryAcid+1","construct:Impenetrable","construct:Forcefield"],"picked":"SKIP","floor":39},{"not_picked":["construct:Disrupt","construct:HammerDown"],"picked":"construct:Reinforce+1","floor":40},{"not_picked":["construct:Synchronize","construct:Stasis+1","construct:Failsafe"],"picked":"SKIP","floor":42}],"player_experience":329004,"relics_obtained":[{"floor":7,"key":"CaptainsWheel"},{"floor":9,"key":"conspire:DeflatedDodgeball"},{"floor":23,"key":"RollingBoulder"},{"floor":26,"key":"GiantMaggot"},{"floor":40,"key":"Darkstone Periapt"},{"floor":42,"key":"Happy Flower"}],"event_choices":[{"damage_healed":0,"gold_gain":0,"player_choice":"Got Potions","damage_taken":0,"max_hp_gain":0,"max_hp_loss":0,"event_name":"Lab","floor":12,"gold_loss":0},{"damage_healed":0,"gold_gain":0,"player_choice":"Ignored","damage_taken":0,"max_hp_gain":0,"max_hp_loss":0,"event_name":"The Mausoleum","floor":20,"gold_loss":0},{"damage_healed":0,"gold_gain":0,"player_choice":"Leave","damage_taken":0,"max_hp_gain":0,"max_hp_loss":0,"event_name":"conspire:Investor","floor":22,"gold_loss":0},{"damage_healed":0,"gold_gain":0,"player_choice":"Simplicity","damage_taken":0,"max_hp_gain":0,"max_hp_loss":0,"event_name":"Back to Basics","floor":25,"gold_loss":0,"cards_upgraded":["construct:Strike_Gold","construct:Strike_Gold","construct:Strike_Gold","construct:Strike_Gold","construct:Strike_Gold","construct:Defend_Gold","construct:Defend_Gold","construct:Defend_Gold","construct:Defend_Gold"]},{"damage_healed":0,"gold_gain":100,"player_choice":"Pray","damage_taken":0,"max_hp_gain":0,"max_hp_loss":0,"event_name":"Golden Shrine","floor":36,"gold_loss":0}],"is_beta":false,"boss_relics":[{"not_picked":["energizedSpire:HugeHouse","Fusion Hammer"],"picked":"Astrolabe"},{"not_picked":["Velvet Choker","Black Star"],"picked":"construct:WeddingRing"}],"items_purged_floors":[19,29],"is_endless":false,"potions_floor_spawned":[4,14,27,31,37,38],"killed_by":"4 Shapes","ascension_level":0}}