{"host":"hcg1n1zeml53gytb","time":1610848599,"event":{"mods":["BaseMod","Better Third Choice","Colored Powertips","Displayed Cursed Tome","Hermit","Highlight Path","Minty Spire (QoL Compilation)","Quick Restart","Rare Cards Sparkle","Relic Stats","Replay The Spire","StSLib","The Cursed"],"gold_per_floor":[112,112,112,123,136,165,165,195,195,58,86,102,160,195,195,295,295,310,225,96,306,326,326,356,356,383,417,367,400,410,424,424,528,528,541,891,908,958,958,990,990,1006,1029,1029,939,965,406,432,432,432,432,432,41,66,66],"floor_reached":56,"language":"ENG","playtime":7042,"items_purged":["Strike_G","Languid"],"score":1488,"play_id":"82095cb3-1a1f-45bb-9154-17c391178b77","local_time":"20210116195639","is_ascension_mode":true,"campfire_choices":[{"data":"Dash","floor":7.0,"key":"SMITH"},{"data":"Cloak And Dagger","floor":7.0,"key":"SMITH"},{"data":"Backstab","floor":15.0,"key":"SMITH"},{"data":"Cloak And Dagger","floor":15.0,"key":"SMITH"},{"data":"Storm of Steel","floor":23.0,"key":"SMITH"},{"data":"Blade Dance","floor":23.0,"key":"SMITH"},{"data":"Infinite Blades","floor":25.0,"key":"SMITH"},{"data":"Acrobatics","floor":25.0,"key":"SMITH"},{"floor":32,"key":"REST"},{"floor":44,"key":"RECALL"},{"data":"Accuracy","floor":49,"key":"SMITH"},{"data":"Night Terror","floor":49,"key":"SMITH"},{"data":"ReplayTheSpireMod:Brewmster","floor":52,"key":"SMITH"},{"data":"Acrobatics","floor":52,"key":"SMITH"}],"circlet_count":0,"master_deck":["Defend_G+1","Defend_G+1","Defend_G","Survivor","Neutralize+1","Cloak And Dagger+1","Cloak And Dagger+1","Poisoned Stab","Backstab+1","Noxious Fumes+1","ReplayTheSpireMod:Private Reserves","Voices","Well Laid Plans","PiercingWail","ReplayTheSpireMod:Speed Training+1","Storm of Steel+1","Acrobatics+1","Blade Dance+1","Infinite Blades+1","Hidden Blade","Adrenaline","Tactician+1","Acrobatics+1","Prepared+1","Night Terror+1","PiercingWail+1","ReplayTheSpireMod:Brewmster+1","ReplayUltimateDefense","Slice","Accuracy+1","Phantasmal Killer","Footwork"],"relics":["WristBlade","Ring of Fury","Ring of Misfortune","Replay:Arrowhead","Torii","Lizard Tail","ReplayTheSpireMod:CursedCoin","Potion Belt","Shuriken","Empty Cage","Replay:Ringing Soul","Pear","Quantum Egg","Replay:Wax Seal","Kintsugi","Old Coin","Mango","PreservedInsect","Pantograph","Strange Spoon","Gambling Chip","Replay:Bottled Eggs","Divine Protection","Sundial"],"acts_visited":["Exordium","TheCity","TheBeyond","TheEnding"],"potions_floor_usage":[30,37,38,46,46,50,50,50,50,55,55,55,55,55,55,55,55,55],"damage_taken":[{"damage":1.0,"enemies":"Jaw Worm","floor":1.0,"turns":4.0},{"damage":0.0,"enemies":"Cultist","floor":4.0,"turns":2.0},{"damage":0.0,"enemies":"Small Slimes","floor":5.0,"turns":3.0},{"damage":1.0,"enemies":"Replay:BlueRogue","floor":6.0,"turns":4.0},{"damage":3.0,"enemies":"Gremlin Nob","floor":8.0,"turns":3.0},{"damage":0.0,"enemies":"Blue Slaver","floor":12.0,"turns":1.0},{"damage":0.0,"enemies":"Gremlin Nob","floor":13.0,"turns":2.0},{"damage":2.0,"enemies":"3 Sentries","floor":14.0,"turns":6.0},{"damage":6.0,"enemies":"Hexaghost","floor":16.0,"turns":7.0},{"damage":2.0,"enemies":"Shell Parasite","floor":18.0,"turns":4.0},{"damage":1.0,"enemies":"3 Byrds","floor":22.0,"turns":4.0},{"damage":10.0,"enemies":"Slavers","floor":24.0,"turns":5.0},{"damage":21,"enemies":"Book of Stabbing","floor":27,"turns":2},{"damage":0,"enemies":"Gremlin Leader","floor":29,"turns":3},{"damage":2,"enemies":"3 Cultists","floor":30,"turns":3},{"damage":2,"enemies":"Snake Plant","floor":31,"turns":2},{"damage":2,"enemies":"Collector","floor":33,"turns":6},{"damage":0,"enemies":"3 Shapes","floor":35,"turns":4},{"damage":7,"enemies":"Mind Bloom Boss Battle","floor":36,"turns":4},{"damage":11,"enemies":"3 Darklings","floor":37,"turns":2},{"damage":19,"enemies":"2 Orb Walkers","floor":38,"turns":3},{"damage":0,"enemies":"R_Hoarder","floor":40,"turns":5},{"damage":1,"enemies":"Transient","floor":42,"turns":5},{"damage":16,"enemies":"Nemesis","floor":46,"turns":5},{"damage":15,"enemies":"Giant Head","floor":48,"turns":4},{"damage":24,"enemies":"Awakened One","floor":50,"turns":6},{"damage":21,"enemies":"Shield and Spear","floor":54,"turns":3},{"damage":51,"enemies":"The Heart","floor":55,"turns":6}],"seed_played":"-829231254914786027","potions_obtained":[{"floor":4.0,"key":"Weak Potion"},{"floor":12.0,"key":"Strength Potion"},{"floor":16.0,"key":"Languid Potion"},{"floor":27,"key":"Explosive Potion"},{"floor":29,"key":"Venom Potion"},{"floor":30,"key":"Strength Potion"},{"floor":35,"key":"Toxic Potion"},{"floor":37,"key":"Cursed Concoction"},{"floor":42,"key":"Dexterity Potion"},{"floor":54,"key":"LifebloodPotion"}],"is_trial":false,"path_per_floor":["M","?","?","M","M","E","R","E","T","$","$","M","?","E","R","B",null,"M","?","$","?","M","R","E","R","T","E","?","E","M","M","R","B",null,"M","?","M","?","?","E","?","M","T","R","?","E","$","E","R","B",null,"R","$","E","B",null],"character_chosen":"THE_SILENT","items_purchased":["Noxious Fumes+1","ReplayTheSpireMod:Private Reserves","ReplayTheSpireMod:CursedCoin","Well Laid Plans","PiercingWail","Blade Dance","Strange Spoon","Gambling Chip","Phantasmal Killer","Divine Protection","Footwork"],"campfire_rested":1,"item_purchase_floors":[10,10,11,11,11,20,47,47,53,53,53],"current_hp_per_floor":[69,55,55,55,55,54,54,51,51,51,51,51,51,49,49,43,70,68,68,71,56,58,58,61,61,61,43,43,46,47,48,79,80,110,110,103,95,90,90,90,83,85,85,85,85,72,72,57,57,58,136,136,139,118,88],"gold":66,"neow_bonus":"BOSS_RELIC","is_daily":false,"chose_seed":false,"campfire_upgraded":12,"win_rate":0.0,"timestamp":1610848599,"path_taken":["M","?","?","M","M","E","R","E","T","?","$","?","?","E","R","BOSS","M","?","$","?","M","R","E","R","T","E","?","E","?","M","R","BOSS","M","?","M","?","?","E","?","M","T","R","?","E","$","E","R","BOSS","R","$","E","BOSS"],"items_purchased_type":["Card","Card","Relic","Card","Card","Card","Relic","Relic","Card","Relic","Card"],"build_version":"2020-12-22","purchased_purges":2,"victory":true,"max_hp_per_floor":[70,70,70,70,70,70,70,70,70,70,70,70,70,70,70,70,70,70,70,73,76,79,79,92,92,92,95,95,98,101,104,104,107,110,110,110,113,127,127,127,130,133,133,133,133,136,136,136,136,136,136,136,139,139,139],"relic_stats":{"Strange Spoon":[44],"Lizard Tail":0,"Torii":77,"counters":[28,108],"Shuriken":[87],"Sundial":[0],"Pantograph":46,"Gambling Chip":[10],"PreservedInsect":240,"obtain_stats":[{"Divine Protection":53,"Torii":8,"Mango":38,"Empty Cage":17,"Old Coin":36,"Replay:Ringing Soul":19,"Lizard Tail":9,"WristBlade":0,"Sundial":54,"Pantograph":46,"Gambling Chip":47,"Replay:Wax Seal":29,"Replay:Bottled Eggs":48,"Ring of the Snake":0,"Potion Belt":13,"Pear":24,"ReplayTheSpireMod:CursedCoin":11,"Quantum Egg":27,"PreservedInsect":40,"Replay:Arrowhead":6,"Strange Spoon":47,"Shuriken":14,"Ring of Misfortune":3,"Ring of Fury":3,"Kintsugi":34},{"Divine Protection":26,"Torii":5,"Mango":21,"Empty Cage":9,"Old Coin":19,"Replay:Ringing Soul":10,"Lizard Tail":5,"WristBlade":0,"Sundial":27,"Pantograph":24,"Gambling Chip":24,"Replay:Wax Seal":14,"Replay:Bottled Eggs":25,"Ring of the Snake":0,"Potion Belt":7,"Pear":12,"ReplayTheSpireMod:CursedCoin":5,"Quantum Egg":13,"PreservedInsect":22,"Replay:Arrowhead":4,"Strange Spoon":24,"Shuriken":8,"Ring of Misfortune":1,"Ring of Fury":1,"Kintsugi":17},{"Divine Protection":99,"Torii":16,"Mango":74,"Empty Cage":32,"Old Coin":69,"Replay:Ringing Soul":36,"Lizard Tail":16,"WristBlade":0,"Sundial":102,"Pantograph":89,"Gambling Chip":89,"Replay:Wax Seal":50,"Replay:Bottled Eggs":93,"Ring of the Snake":0,"Potion Belt":19,"Pear":45,"ReplayTheSpireMod:CursedCoin":16,"Quantum Egg":47,"PreservedInsect":79,"Replay:Arrowhead":13,"Strange Spoon":89,"Shuriken":25,"Ring of Misfortune":4,"Ring of Fury":4,"Kintsugi":61}]},"card_choices":[{"not_picked":["Caltrops","Dagger Throw"],"picked":"Cloak And Dagger","floor":1.0},{"not_picked":["Outmaneuver","Bullet Time"],"picked":"Dash","floor":4.0},{"not_picked":["Quick Slash","Underhanded Strike"],"picked":"Cloak And Dagger","floor":5.0},{"not_picked":["Finisher","Sucker Punch"],"picked":"Poisoned Stab","floor":6.0},{"not_picked":["Underhanded Strike","Dodge and Roll"],"picked":"Backstab","floor":8.0},{"not_picked":["Choke","Heel Hook","Riddle With Holes"],"picked":"SKIP","floor":12.0},{"not_picked":["Quick Slash","Fluid Movement"],"picked":"ReplayTheSpireMod:Speed Training","floor":13.0},{"not_picked":["Skewer","Quick Slash","Sucker Punch"],"picked":"SKIP","floor":14.0},{"not_picked":["Replay:Bag of Tricks","Wraith Form v2"],"picked":"Storm of Steel","floor":16.0},{"not_picked":["Quick Slash","Flying Knee"],"picked":"Acrobatics","floor":18.0},{"not_picked":["Poisoned Stab+1","Sucker Punch+1"],"picked":"Infinite Blades","floor":21.0},{"not_picked":["Sucker Punch+1","Predator+1"],"picked":"Deadly Poison","floor":22.0},{"not_picked":["Bouncing Flask","Glass Knife"],"picked":"Hidden Blade","floor":24.0},{"not_picked":["Outmaneuver","Sucker Punch"],"picked":"Adrenaline","floor":27},{"not_picked":["Poisoned Stab","Flechettes"],"picked":"Tactician+1","floor":29},{"not_picked":["Underhanded Strike","Tactician+1"],"picked":"Acrobatics","floor":30},{"not_picked":["Riddle With Holes","Flying Knee"],"picked":"Prepared+1","floor":31},{"not_picked":["ReplayTheSpireMod:From All Sides","Unload"],"picked":"Night Terror","floor":33},{"not_picked":["Dagger Throw","Flying Knee","Dodge and Roll+1"],"picked":"SKIP","floor":35},{"not_picked":["ReplayTheSpireMod:Exploit Weakness+1","Deadly Poison+1"],"picked":"PiercingWail+1","floor":37},{"not_picked":["Predator","ReplayTheSpireMod:Exploit Weakness+1","PiercingWail"],"picked":"SKIP","floor":40},{"not_picked":["Jack Of All Trades","Swift Strike"],"picked":"ReplayTheSpireMod:Brewmster","floor":41},{"not_picked":["Jack Of All Trades","Mayhem"],"picked":"ReplayUltimateDefense","floor":41},{"not_picked":["Underhanded Strike+1","Deadly Poison"],"picked":"Slice","floor":42},{"not_picked":["Footwork","Bane+1"],"picked":"Accuracy","floor":46},{"not_picked":["Poisoned Stab","Flying Knee+1","Dagger Spray+1"],"picked":"SKIP","floor":48},{"not_picked":["Phantasmal Killer","Dagger Throw","Hidden Blade"],"picked":"SKIP","floor":54}],"player_experience":478341,"relics_obtained":[{"floor":3.0,"key":"Ring of Fury"},{"floor":3.0,"key":"Ring of Misfortune"},{"floor":6.0,"key":"Replay:Arrowhead"},{"floor":8.0,"key":"Torii"},{"floor":9.0,"key":"Lizard Tail"},{"floor":13.0,"key":"Potion Belt"},{"floor":14.0,"key":"Shuriken"},{"floor":24.0,"key":"Pear"},{"floor":27,"key":"Quantum Egg"},{"floor":29,"key":"Replay:Wax Seal"},{"floor":36,"key":"Old Coin"},{"floor":38,"key":"Mango"},{"floor":40,"key":"PreservedInsect"},{"floor":46,"key":"Pantograph"},{"floor":48,"key":"Replay:Bottled Eggs"},{"floor":54,"key":"Sundial"}],"event_choices":[{"damage_healed":69.0,"max_hp_gain":0.0,"max_hp_loss":70.0,"gold_gain":0.0,"event_name":"betterThird:BetterShining","player_choice":"Upgrade","floor":2.0,"gold_loss":0.0,"damage_taken":14.0,"cards_upgraded":["Defend_G","Neutralize"]},{"damage_healed":0.0,"max_hp_gain":0.0,"max_hp_loss":0.0,"gold_gain":30.0,"event_name":"Dead Adventurer","player_choice":"Searched \u00272\u0027 times","floor":13.0,"gold_loss":0.0,"damage_taken":0.0},{"damage_healed":0.0,"max_hp_gain":0.0,"max_hp_loss":0.0,"gold_gain":0.0,"event_name":"Addict","player_choice":"Obtained Relic","floor":19.0,"gold_loss":85.0,"damage_taken":0.0,"relics_obtained":["Replay:Ringing Soul"]},{"damage_healed":0,"gold_gain":0,"player_choice":"Bet on Murderer","damage_taken":0,"max_hp_gain":0,"max_hp_loss":0,"event_name":"The Joust","floor":28,"gold_loss":50},{"damage_healed":0,"gold_gain":0,"player_choice":"Fight","damage_taken":0,"max_hp_gain":0,"max_hp_loss":0,"event_name":"MindBloom","floor":36,"gold_loss":0},{"damage_healed":0,"gold_gain":0,"player_choice":"Fight","damage_taken":0,"max_hp_gain":0,"max_hp_loss":0,"event_name":"Mysterious Sphere","floor":38,"gold_loss":0},{"cards_removed":["Defend_G"],"damage_healed":0,"gold_gain":0,"player_choice":"Removed Skill","damage_taken":0,"max_hp_gain":0,"max_hp_loss":0,"event_name":"Falling","floor":39,"gold_loss":0},{"damage_healed":0,"gold_gain":0,"player_choice":"Memory 3","damage_taken":10,"max_hp_gain":0,"max_hp_loss":0,"event_name":"SensoryStone","floor":41,"gold_loss":0},{"cards_removed":["Languid"],"damage_healed":0,"gold_gain":0,"player_choice":"Upgrade and Remove","damage_taken":0,"max_hp_gain":0,"max_hp_loss":0,"event_name":"Designer","floor":45,"gold_loss":90,"cards_upgraded":["Defend_G"]}],"is_beta":false,"boss_relics":[{"not_picked":["Fusion Hammer","Sozu"],"picked":"Empty Cage"},{"not_picked":["Runic Dome","Ring of Chaos"],"picked":"Kintsugi"}],"items_purged_floors":[20,47],"is_endless":false,"potions_floor_spawned":[4,12,16,27,29,30,35,37,42,54],"ascension_level":2}}