{"host":"0ueeacaatm8t6jyh","time":1610888213,"event":{"mods":["AchievementEnabler","BaseMod","Colored Powertips","Minty Spire (QoL Compilation)","Quick Restart","Rare Cards Sparkle","Shop Mod","StSLib"],"gold_per_floor":[112,112,112,287,68,94,94,120,132,144,183,209,63,91,91,193,193,209,209,224,224,239,268,268,303,303,316,316,416,434,465,465,569,569,589,499,513,533,551,551,563,613,637,243,243,107,124,151,151,151,151,151,3,37,37],"floor_reached":56,"language":"ZHS","playtime":2780,"items_purged":["Regret","Defend_P","Strike_P+1","Defend_P+1"],"score":1850,"play_id":"37453a4d-1240-46ac-88fe-1be17ca2162a","local_time":"20210117205653","is_ascension_mode":true,"campfire_choices":[{"data":"Eruption","floor":10.0,"key":"SMITH"},{"data":"Adaptation","floor":15.0,"key":"SMITH"},{"floor":24.0,"key":"RECALL"},{"floor":28.0,"key":"DIG"},{"floor":32.0,"key":"DIG"},{"floor":40.0,"key":"DIG"},{"data":"Blasphemy","floor":49.0,"key":"SMITH"},{"floor":52,"key":"DIG"}],"circlet_count":0,"master_deck":["Strike_P+1","Defend_P+1","Defend_P+1","Eruption+1","Vigilance+1","CutThroughFate+1","Brilliance+1","Blasphemy+1","Worship+1","Adaptation+1","Adaptation+1","LessonLearned+1","Wallop+1","Ragnarok+1","Ghostly+1","Ghostly+1","Ghostly+1","Ghostly+1","Ghostly+1","DevaForm+1","Fasting2+1","Tantrum+1","Fasting2+1","TalkToTheHand+1"],"relics":["HolyWater","PreservedInsect","Akabeko","Lantern","GoldenEye","MawBank","Singing Bowl","Shovel","Mercury Hourglass","Philosopher\u0027s Stone","Omamori","Dream Catcher","Pantograph","Bird Faced Urn","Ornamental Fan","Bag of Preparation","TeardropLocket","Prayer Wheel","Membership Card","Potion Belt","HornCleat","Medical Kit","Boot","InkBottle","Bottled Tornado"],"acts_visited":["Exordium","TheCity","TheBeyond","TheEnding"],"potions_floor_usage":[55,55],"damage_taken":[{"damage":2.0,"enemies":"Jaw Worm","floor":1.0,"turns":4.0},{"damage":12.0,"enemies":"Gremlin Nob","floor":6.0,"turns":3.0},{"damage":0.0,"enemies":"Lagavulin","floor":8.0,"turns":2.0},{"damage":12.0,"enemies":"3 Sentries","floor":11.0,"turns":5.0},{"damage":1.0,"enemies":"Small Slimes","floor":12.0,"turns":2.0},{"damage":0.0,"enemies":"Lagavulin","floor":14.0,"turns":2.0},{"damage":23.0,"enemies":"Hexaghost","floor":16.0,"turns":9.0},{"damage":22.0,"enemies":"3 Byrds","floor":18.0,"turns":4.0},{"damage":12.0,"enemies":"2 Thieves","floor":20.0,"turns":3.0},{"damage":2.0,"enemies":"Cultist and Chosen","floor":22.0,"turns":6.0},{"damage":0.0,"enemies":"Gremlin Leader","floor":23.0,"turns":7.0},{"damage":3.0,"enemies":"Slavers","floor":25.0,"turns":6.0},{"damage":6.0,"enemies":"Snake Plant","floor":27.0,"turns":4.0},{"damage":0.0,"enemies":"Centurion and Healer","floor":30.0,"turns":4.0},{"damage":6.0,"enemies":"Book of Stabbing","floor":31.0,"turns":7.0},{"damage":2.0,"enemies":"Automaton","floor":33.0,"turns":6.0},{"damage":0.0,"enemies":"Orb Walker","floor":35.0,"turns":1.0},{"damage":1.0,"enemies":"3 Shapes","floor":37.0,"turns":2.0},{"damage":2.0,"enemies":"Spire Growth","floor":38.0,"turns":4.0},{"damage":4.0,"enemies":"Writhing Mass","floor":39.0,"turns":4.0},{"damage":0.0,"enemies":"Transient","floor":41.0,"turns":5.0},{"damage":2.0,"enemies":"Mind Bloom Boss Battle","floor":42.0,"turns":7.0},{"damage":0.0,"enemies":"Jaw Worm Horde","floor":47.0,"turns":3.0},{"damage":4.0,"enemies":"Reptomancer","floor":48.0,"turns":4.0},{"damage":32.0,"enemies":"Awakened One","floor":50.0,"turns":6.0},{"damage":2,"enemies":"Shield and Spear","floor":54,"turns":5},{"damage":6,"enemies":"The Heart","floor":55,"turns":7}],"seed_played":"-1603774836945678256","potions_obtained":[{"floor":11.0,"key":"Weak Potion"},{"floor":12.0,"key":"PowerPotion"},{"floor":14.0,"key":"ColorlessPotion"},{"floor":18.0,"key":"Explosive Potion"},{"floor":20.0,"key":"PowerPotion"},{"floor":30.0,"key":"BottledMiracle"},{"floor":33.0,"key":"StancePotion"},{"floor":41.0,"key":"SmokeBomb"},{"floor":47.0,"key":"LiquidMemories"}],"is_trial":false,"path_per_floor":["M","?","?","?","$","E","?","E","T","R","E","M","$","E","R","B",null,"M","?","M","?","M","E","R","E","T","M","R","?","M","E","R","B",null,"M","?","M","M","M","R","M","?","T","$","?","$","M","E","R","B",null,"R","$","E","B",null],"character_chosen":"WATCHER","items_purchased":["Lantern","LessonLearned","Membership Card","Potion Belt","HornCleat","Medical Kit","EntropicBrew","Explosive Potion"],"campfire_rested":0,"item_purchase_floors":[5,13,44,44,44,46,53,53],"current_hp_per_floor":[63,63,63,63,63,51,51,51,51,51,39,38,38,38,38,15,58,38,37,27,22,20,20,20,17,17,13,13,13,19,21,21,52,52,54,54,56,58,59,59,62,64,64,64,64,64,66,62,62,42,60,60,60,66,66],"gold":37,"neow_bonus":"RANDOM_COMMON_RELIC","is_daily":false,"chose_seed":false,"campfire_upgraded":3,"win_rate":0.0,"timestamp":1610888213,"path_taken":["M","?","?","?","$","E","?","E","T","R","E","?","?","E","R","BOSS","M","?","M","?","M","E","R","E","T","?","R","?","M","E","R","BOSS","M","?","M","M","M","R","?","?","T","$","?","?","M","E","R","BOSS","R","$","E","BOSS"],"items_purchased_type":["Relic","Card","Relic","Relic","Relic","Relic","Potion","Potion"],"build_version":"2020-12-22","purchased_purges":4,"victory":true,"max_hp_per_floor":[72,72,72,72,72,72,72,72,72,72,72,72,72,72,72,72,72,74,37,39,44,44,44,44,44,44,46,46,46,48,50,50,52,52,54,54,56,58,60,60,62,64,64,64,64,64,66,66,66,66,66,66,66,68,68],"card_choices":[{"not_picked":["EmptyFist","JustLucky"],"picked":"CutThroughFate","floor":1.0},{"not_picked":["Swivel","WindmillStrike"],"picked":"Blasphemy","floor":6.0},{"not_picked":["PathToVictory","FlyingSleeves"],"picked":"Worship","floor":8.0},{"not_picked":["Conclude","Wireheading"],"picked":"Adaptation","floor":11.0},{"not_picked":["CrushJoints","Halt"],"picked":"Adaptation","floor":12.0},{"not_picked":["Halt","EmptyFist"],"picked":"Wallop","floor":14.0},{"not_picked":["MasterReality","Alpha"],"picked":"Ragnarok","floor":16.0},{"not_picked":["JustLucky","BowlingBash","Crescendo+1"],"picked":"Singing Bowl","floor":18.0},{"not_picked":["Consecrate+1","FlyingSleeves","EmptyFist"],"picked":"Singing Bowl","floor":20.0},{"not_picked":["Evaluate","CrushJoints"],"picked":"DevaForm","floor":22.0},{"not_picked":["SashWhip","Evaluate"],"picked":"Fasting2+1","floor":23.0},{"not_picked":["BowlingBash","Wireheading+1"],"picked":"Tantrum","floor":25.0},{"not_picked":["Evaluate","SignatureMove","EmptyBody"],"picked":"Singing Bowl","floor":27.0},{"not_picked":["EmptyMind","Protect+1","WheelKick"],"picked":"Singing Bowl","floor":30.0},{"not_picked":["FlyingSleeves","EmptyBody+1","Worship"],"picked":"Singing Bowl","floor":31.0},{"not_picked":["Establishment","Vault","LessonLearned"],"picked":"Singing Bowl","floor":33.0},{"not_picked":["WaveOfTheHand+1","FlurryOfBlows+1","FollowUp+1"],"picked":"Singing Bowl","floor":35.0},{"not_picked":["SashWhip","Consecrate+1","BowlingBash"],"picked":"Singing Bowl","floor":37.0},{"not_picked":["Adaptation+1","CrushJoints","ClearTheMind"],"picked":"Singing Bowl","floor":38.0},{"not_picked":["CarveReality+1","PathToVictory+1","Consecrate+1"],"picked":"Singing Bowl","floor":39.0},{"not_picked":["Vengeance+1","FlyingSleeves","Halt"],"picked":"Singing Bowl","floor":41.0},{"not_picked":["Perseverance","WheelKick+1","Vengeance"],"picked":"Singing Bowl","floor":42.0},{"not_picked":["Meditate","WindmillStrike","Halt+1"],"picked":"Singing Bowl","floor":47.0},{"not_picked":["FollowUp+1","DeusExMachina"],"picked":"Fasting2+1","floor":47.0},{"not_picked":["Consecrate+1","CutThroughFate"],"picked":"TalkToTheHand+1","floor":48.0},{"not_picked":["Weave","LessonLearned","Consecrate"],"picked":"Singing Bowl","floor":54}],"player_experience":384708,"relics_obtained":[{"floor":6.0,"key":"GoldenEye"},{"floor":8.0,"key":"MawBank"},{"floor":9.0,"key":"Singing Bowl"},{"floor":11.0,"key":"Shovel"},{"floor":14.0,"key":"Mercury Hourglass"},{"floor":23.0,"key":"Omamori"},{"floor":25.0,"key":"Dream Catcher"},{"floor":26.0,"key":"Pantograph"},{"floor":28.0,"key":"Bird Faced Urn"},{"floor":31.0,"key":"Ornamental Fan"},{"floor":32.0,"key":"Bag of Preparation"},{"floor":40.0,"key":"TeardropLocket"},{"floor":42.0,"key":"Prayer Wheel"},{"floor":48.0,"key":"Boot"},{"floor":52,"key":"InkBottle"},{"floor":54,"key":"Bottled Tornado"}],"event_choices":[{"damage_healed":0.0,"max_hp_gain":0.0,"max_hp_loss":0.0,"gold_gain":0.0,"cards_transformed":["Strike_P"],"event_name":"Living Wall","player_choice":"Change","floor":2.0,"gold_loss":0.0,"damage_taken":0.0,"cards_obtained":["Brilliance"]},{"damage_healed":0.0,"max_hp_gain":0.0,"max_hp_loss":0.0,"gold_gain":0.0,"event_name":"Big Fish","player_choice":"Box","floor":3.0,"gold_loss":0.0,"damage_taken":0.0,"relics_obtained":["Akabeko"],"cards_obtained":["Regret"]},{"damage_healed":0.0,"max_hp_gain":0.0,"max_hp_loss":0.0,"gold_gain":175.0,"event_name":"Liars Game","player_choice":"AGREE","floor":4.0,"gold_loss":0.0,"damage_taken":0.0,"cards_obtained":["Doubt"]},{"cards_removed":["Doubt"],"damage_healed":0.0,"max_hp_gain":0.0,"max_hp_loss":0.0,"gold_gain":0.0,"event_name":"Fountain of Cleansing","player_choice":"Removed Curses","floor":7.0,"gold_loss":0.0,"damage_taken":0.0},{"damage_healed":0.0,"max_hp_gain":0.0,"max_hp_loss":37.0,"gold_gain":0.0,"event_name":"Ghosts","player_choice":"Became a Ghost","floor":19.0,"gold_loss":0.0,"damage_taken":0.0,"cards_obtained":["Ghostly","Ghostly","Ghostly","Ghostly","Ghostly"]},{"damage_healed":0.0,"max_hp_gain":5.0,"max_hp_loss":0.0,"gold_gain":0.0,"event_name":"Forgotten Altar","player_choice":"Shed Blood","floor":21.0,"gold_loss":0.0,"damage_taken":10.0},{"damage_healed":0.0,"max_hp_gain":0.0,"max_hp_loss":0.0,"gold_gain":100.0,"event_name":"Golden Shrine","player_choice":"Pray","floor":29.0,"gold_loss":0.0,"damage_taken":0.0},{"cards_removed":["Strike_P"],"damage_healed":0.0,"max_hp_gain":0.0,"max_hp_loss":0.0,"gold_gain":0.0,"event_name":"Designer","player_choice":"Upgrade and Remove","floor":36.0,"gold_loss":90.0,"damage_taken":0.0,"cards_upgraded":["Brilliance"]},{"damage_healed":0.0,"max_hp_gain":0.0,"max_hp_loss":0.0,"gold_gain":0.0,"event_name":"MindBloom","player_choice":"Fight","floor":42.0,"gold_loss":0.0,"damage_taken":0.0},{"damage_healed":16.0,"max_hp_gain":0.0,"max_hp_loss":0.0,"gold_gain":0.0,"event_name":"Winding Halls","player_choice":"Writhe","floor":45.0,"gold_loss":0.0,"damage_taken":0.0,"cards_obtained":["Writhe"]}],"is_beta":false,"boss_relics":[{"not_picked":["Sozu","Ectoplasm"],"picked":"Philosopher\u0027s Stone"},{"not_picked":["Tiny House","SlaversCollar"],"picked":"HolyWater"}],"items_purged_floors":[5,44,46,53],"is_endless":false,"potions_floor_spawned":[11,12,14,18,20,30,33,37,41,47],"ascension_level":8}}