{"host":"u1dfzl6o6mfmauc3","time":1610853581,"event":{"mods":["2.2 Compatiblity","AchievementEnabler","Bard","BaseMod","Block Reminder","Challenge The Spire","Dark Map","Hermit","Minty Spire (QoL Compilation)","Relic Stats","Robot Space Explorer","StSLib","The Cursed","The Disciple"],"gold_per_floor":[116,191,191,191,191,225,225,239,239,32,57,71,83,103,103,204,204,191,191,191,205,219,246,246,262,287,335,263,263,275,275,275,275,275],"floor_reached":33,"language":"ENG","playtime":1324,"items_purged":["Strike_P"],"score":360,"play_id":"b6162c00-697d-4403-ab45-8c47e183e1ae","local_time":"20210116221941","is_ascension_mode":true,"campfire_choices":[{"data":"1","floor":7,"key":"LIFT"},{"data":"2","floor":15,"key":"LIFT"},{"floor":24,"key":"REST"},{"data":"3","floor":29,"key":"LIFT"},{"floor":32,"key":"REST"}],"circlet_count":0,"master_deck":["Strike_P","Strike_P","Strike_P","Defend_P","Defend_P","Defend_P+1","Defend_P","Eruption","Vigilance","EmptyBody+1","FearNoEvil","BattleHymn","Scrawl","WaveOfTheHand","Halt","InnerPeace","TalkToTheHand","MasterReality","CutThroughFate+1","SashWhip+1","Conclude"],"relics":["PureWater","NeowsBlessing","Girya","Question Card","Tiny Chest","VioletLotus","TungstenRod","Lantern","Nunchaku"],"acts_visited":["Exordium","TheCity"],"potions_floor_usage":[11,13,22,22,31,33],"damage_taken":[{"damage":0,"enemies":"Small Slimes","floor":1,"turns":1},{"damage":0,"enemies":"3 Sentries","floor":6,"turns":2},{"damage":0,"enemies":"2 Louse","floor":8,"turns":1},{"damage":0,"enemies":"Gremlin Nob","floor":11,"turns":2},{"damage":0,"enemies":"Cultist","floor":12,"turns":2},{"damage":0,"enemies":"Exordium Wildlife","floor":13,"turns":4},{"damage":21,"enemies":"Large Slime","floor":14,"turns":6},{"damage":22,"enemies":"Slime Boss","floor":16,"turns":9},{"damage":16,"enemies":"2 Thieves","floor":18,"turns":4},{"damage":8,"enemies":"Chosen","floor":21,"turns":3},{"damage":12,"enemies":"Snecko","floor":22,"turns":5},{"damage":5,"enemies":"Gremlin Leader","floor":23,"turns":7},{"damage":20,"enemies":"Cultist and Chosen","floor":25,"turns":5},{"damage":14,"enemies":"Centurion and Healer","floor":30,"turns":5},{"damage":0,"enemies":"Snecko","floor":31,"turns":2},{"damage":78,"enemies":"Automaton","floor":33,"turns":6}],"seed_played":"2088290567655637467","potions_obtained":[{"floor":1,"key":"SmokeBomb"},{"floor":11,"key":"Strength Potion"},{"floor":12,"key":"DistilledChaos"},{"floor":13,"key":"Strength Potion"},{"floor":16,"key":"Dexterity Potion"},{"floor":20,"key":"Energy Potion"},{"floor":20,"key":"DuplicationPotion"},{"floor":23,"key":"SteroidPotion"},{"floor":25,"key":"PowerPotion"}],"is_trial":false,"path_per_floor":["M","?","?","?","?","E","R","M","T","$","E","M","M","M","R","B",null,"M","?","?","M","M","E","R","M","T","T","?","R","M","M","R","B"],"character_chosen":"WATCHER","items_purchased":["Scrawl","SteroidPotion"],"campfire_rested":2,"item_purchase_floors":[10,10],"current_hp_per_floor":[72,61,47,47,71,71,71,71,71,71,71,71,71,50,50,28,72,56,43,43,35,23,18,41,21,21,21,41,41,27,27,50,0,0],"gold":275,"neow_bonus":"THREE_ENEMY_KILL","is_daily":false,"chose_seed":false,"campfire_upgraded":0,"win_rate":0.0,"timestamp":1610853581,"path_taken":["M","?","?","?","?","E","R","M","T","?","E","M","M","M","R","BOSS","M","?","?","M","M","E","R","?","T","?","?","R","M","M","R","BOSS"],"items_purchased_type":["Card","Potion"],"build_version":"2020-12-22","purchased_purges":1,"victory":false,"max_hp_per_floor":[72,72,72,72,72,72,72,72,72,72,72,72,72,72,72,72,72,72,77,77,77,77,77,77,77,77,77,77,77,77,77,77,77,77],"relic_stats":{"Nunchaku":[2],"counters":[16,64],"Tiny Chest":1,"VioletLotus":[9],"Question Card":11,"obtain_stats":[{"Girya":6,"Lantern":26,"Nunchaku":27,"NeowsBlessing":0,"Tiny Chest":11,"VioletLotus":17,"PureWater":0,"Question Card":9,"TungstenRod":23},{"Girya":2,"Lantern":13,"Nunchaku":13,"NeowsBlessing":0,"Tiny Chest":4,"VioletLotus":8,"PureWater":0,"Question Card":3,"TungstenRod":12},{"Girya":3,"Lantern":51,"Nunchaku":51,"NeowsBlessing":0,"Tiny Chest":6,"VioletLotus":27,"PureWater":0,"Question Card":4,"TungstenRod":46}],"TungstenRod":9},"card_choices":[{"not_picked":["SandsOfTime","ClearTheMind"],"picked":"EmptyBody","floor":1},{"not_picked":["EmptyFist","Vengeance"],"picked":"FearNoEvil","floor":6},{"not_picked":["SignatureMove","CutThroughFate"],"picked":"BattleHymn","floor":8},{"not_picked":["Alpha","FlyingSleeves","CutThroughFate"],"picked":"WaveOfTheHand","floor":11},{"not_picked":["Prostrate","Adaptation","Crescendo"],"picked":"Halt","floor":12},{"not_picked":["Prostrate","FlyingSleeves","DeceiveReality"],"picked":"InnerPeace","floor":13},{"not_picked":["Indignation","Prostrate","MasterReality"],"picked":"TalkToTheHand","floor":14},{"not_picked":["Alpha","Scrawl","Brilliance"],"picked":"MasterReality","floor":16},{"not_picked":["Halt","WindmillStrike","Evaluate"],"picked":"CutThroughFate+1","floor":18},{"not_picked":["Protect+1","Prostrate","Consecrate","Wireheading"],"picked":"SKIP","floor":21},{"not_picked":["Consecrate","Scrawl","Crescendo+1"],"picked":"SashWhip+1","floor":22},{"not_picked":["CrushJoints","CutThroughFate+1","ThirdEye"],"picked":"Conclude","floor":23},{"not_picked":["Protect","Consecrate","JustLucky","Sanctity+1"],"picked":"SKIP","floor":25},{"not_picked":["CrushJoints","Conclude+1","Perseverance","Evaluate"],"picked":"SKIP","floor":30}],"player_experience":90258,"relics_obtained":[{"floor":6,"key":"Girya"},{"floor":9,"key":"Question Card"},{"floor":11,"key":"Tiny Chest"},{"floor":23,"key":"TungstenRod"},{"floor":26,"key":"Lantern"},{"floor":27,"key":"Nunchaku"}],"event_choices":[{"damage_healed":0,"gold_gain":75,"player_choice":"Gather Gold","damage_taken":11,"max_hp_gain":0,"max_hp_loss":0,"event_name":"World of Goop","floor":2,"gold_loss":0},{"damage_healed":0,"gold_gain":0,"player_choice":"Entered Light","damage_taken":14,"max_hp_gain":0,"max_hp_loss":0,"event_name":"Shining Light","floor":3,"gold_loss":0,"cards_upgraded":["Defend_P","EmptyBody"]},{"damage_healed":0,"gold_gain":0,"player_choice":"Ignored","damage_taken":0,"max_hp_gain":0,"max_hp_loss":0,"event_name":"Liars Game","floor":4,"gold_loss":0},{"damage_healed":24,"gold_gain":0,"player_choice":"Banana","damage_taken":0,"max_hp_gain":0,"max_hp_loss":0,"event_name":"Big Fish","floor":5,"gold_loss":0},{"damage_healed":0,"gold_gain":0,"player_choice":"Shed Blood","damage_taken":18,"max_hp_gain":5,"max_hp_loss":0,"event_name":"Forgotten Altar","floor":19,"gold_loss":0},{"damage_healed":0,"gold_gain":0,"player_choice":"Got Potions","damage_taken":0,"max_hp_gain":0,"max_hp_loss":0,"event_name":"Lab","floor":20,"gold_loss":0}],"is_beta":false,"boss_relics":[{"not_picked":["Black Star","SacredBark"],"picked":"VioletLotus"}],"items_purged_floors":[10],"is_endless":false,"potions_floor_spawned":[1,11,12,13,16,23,25,30],"killed_by":"Automaton","ascension_level":2}}