{"host":"37ccm3d17clopct7","time":1610888867,"event":{"mods":["BaseMod","Lobotomy","Minty Spire (QoL Compilation)","StSLib","The Bug Knight","The Cursed","The Hierophant"],"gold_per_floor":[116,135,85,102,102,102,144,45,70,89,100,100,0,29,29,149,149,180,215,215,215],"floor_reached":20,"language":"KOR","playtime":903,"items_purged":["hierophant:Strike_Hierophant","hierophant:Defend_Hierophant"],"score":151,"play_id":"f208b68d-7fd6-493a-9557-0e29e5790b89","local_time":"20210117220747","is_ascension_mode":false,"campfire_choices":[{"floor":6,"key":"REST"},{"floor":15,"key":"REST"}],"circlet_count":0,"master_deck":["hierophant:Strike_Hierophant","hierophant:Strike_Hierophant","hierophant:Punish","hierophant:Defend_Hierophant","hierophant:ChurchCoffers","SnowQueen","hierophant:Smite","hierophant:Doubloon","hierophant:RepressedViolence","hierophant:Smite","BodiesMountain","hierophant:MirrorShield","hierophant:Doubloon","VoidDream","hierophant:Batter","MeatLantern","hierophant:MorningPrayer","Rudolta","hierophant:HolyVerse+1"],"relics":["hierophant:PropheticMaskRelic","CogitoBucket","Happy Flower","Toy Ornithopter","SkinProphecy","Empty Cage"],"acts_visited":["Exordium","TheCity"],"potions_floor_usage":[16,16],"damage_taken":[{"damage":13,"enemies":"Cultist","floor":1,"turns":5},{"damage":15,"enemies":"Jaw Worm","floor":2,"turns":5},{"damage":5,"enemies":"2 Louse","floor":4,"turns":1},{"damage":35,"enemies":"3 Sentries","floor":7,"turns":7},{"damage":0,"enemies":"2 Fungi Beasts","floor":10,"turns":3},{"damage":11,"enemies":"Red Slaver","floor":11,"turns":3},{"damage":7,"enemies":"Blue Slaver","floor":14,"turns":2},{"damage":67,"enemies":"Slime Boss","floor":16,"turns":10},{"damage":15,"enemies":"3 Byrds","floor":18,"turns":3},{"damage":50,"enemies":"Spheric Guardian","floor":19,"turns":4},{"damage":25,"enemies":"Shelled Parasite and Fungi","floor":20,"turns":1}],"seed_played":"2340066426501691029","potions_obtained":[{"floor":2,"key":"Ancient Potion"},{"floor":7,"key":"Swift Potion"},{"floor":10,"key":"CultistPotion"},{"floor":12,"key":"Weak Potion"},{"floor":12,"key":"FairyPotion"},{"floor":16,"key":"Fruit Juice"}],"is_trial":false,"path_per_floor":["M","M","?","M","?","R","E","$","T","M","M","?","$","M","R","B",null,"M","M","M"],"character_chosen":"HIEROPHANT","items_purchased":["hierophant:Smite"],"campfire_rested":2,"item_purchase_floors":[8],"current_hp_per_floor":[62,47,47,42,42,64,29,29,29,29,25,25,25,14,37,16,84,66,14,0,0],"gold":215,"neow_bonus":"","is_daily":false,"chose_seed":false,"campfire_upgraded":0,"win_rate":0.0,"timestamp":1610888867,"path_taken":["M","M","?","M","?","R","E","$","T","?","M","?","$","M","R","BOSS","M","M","M"],"items_purchased_type":["Card"],"build_version":"2020-12-22","purchased_purges":2,"victory":false,"max_hp_per_floor":[75,75,75,75,75,75,75,75,75,75,75,75,75,77,77,84,84,86,88,92,92],"card_choices":[{"not_picked":["UniverseFragment","ShyLook"],"picked":"Murderer","floor":1},{"not_picked":["hierophant:Repentance","hierophant:Sermon","hierophant:Remorse"],"picked":"SKIP","floor":1},{"not_picked":["MHz","CrumblingArmor"],"picked":"SnowQueen","floor":2},{"not_picked":["hierophant:Sermon","hierophant:SealAway"],"picked":"hierophant:Smite","floor":2},{"not_picked":["hierophant:Refuge","hierophant:RustyCrate"],"picked":"hierophant:Doubloon","floor":4},{"not_picked":["hierophant:CoinFling","hierophant:OrnateBuckler"],"picked":"hierophant:RepressedViolence","floor":7},{"not_picked":["GalaxyChild","DreamingCurrent"],"picked":"BodiesMountain","floor":10},{"not_picked":["hierophant:Refuge","hierophant:Mercenaries"],"picked":"hierophant:MirrorShield","floor":10},{"not_picked":["hierophant:ConvertCurrency","hierophant:SolarFlare"],"picked":"hierophant:Doubloon","floor":11},{"not_picked":["Scorched","SilentOrchestra"],"picked":"VoidDream","floor":14},{"not_picked":["hierophant:PassingBell","hierophant:Generosity","hierophant:Martyrdom"],"picked":"SKIP","floor":14},{"not_picked":["Variant","BigBadWolf","Alriune"],"picked":"Singing Bowl","floor":16},{"not_picked":["hierophant:Levitation","hierophant:Invocation"],"picked":"hierophant:Batter","floor":16},{"not_picked":["Scorched","DreamingCurrent"],"picked":"MeatLantern","floor":18},{"not_picked":["hierophant:Doubloon","hierophant:RustyCrate"],"picked":"hierophant:MorningPrayer","floor":18},{"not_picked":["OldLady","Bloodbath"],"picked":"Rudolta","floor":19},{"not_picked":["hierophant:Generosity","hierophant:Racketeering+1"],"picked":"hierophant:HolyVerse+1","floor":19}],"player_experience":61303,"relics_obtained":[{"floor":7,"key":"Happy Flower"},{"floor":9,"key":"Toy Ornithopter"}],"event_choices":[{"cards_removed":["hierophant:Defend_Hierophant"],"damage_healed":0,"gold_gain":0,"player_choice":"Card Removal","damage_taken":0,"max_hp_gain":0,"max_hp_loss":0,"event_name":"The Cleric","floor":3,"gold_loss":50},{"cards_removed":["Murderer"],"damage_healed":0,"gold_gain":0,"player_choice":"Purged","damage_taken":0,"max_hp_gain":0,"max_hp_loss":0,"event_name":"Purifier","floor":5,"gold_loss":0},{"damage_healed":0,"gold_gain":0,"player_choice":"Got Potions","damage_taken":0,"max_hp_gain":0,"max_hp_loss":0,"event_name":"Lab","floor":12,"gold_loss":0}],"is_beta":false,"boss_relics":[{"not_picked":["Busted Crown","Black Star"],"picked":"Empty Cage"}],"items_purged_floors":[8,13],"is_endless":false,"potions_floor_spawned":[2,7,10,16],"killed_by":"Shelled Parasite and Fungi","ascension_level":0}}