{"host":"i4yzoangb31cseo0","time":1610893781,"event":{"mods":["AchievementEnabler","BaseMod","Colored Powertips","Curses Come First","Downfall","Hermit","Minty Spire (QoL Compilation)","StSLib","The Cursed"],"gold_per_floor":[113,113,62,80,80,80,80,80,80,1,19,35,53,67,67,195,195,211,126,51,64,16,52,52,72,96,96,96,116,41,61,61,191,191,216,231,53,0,24,24,24,38,38,53,116,12,25,38,38,38],"floor_reached":51,"language":"ENG","playtime":7262,"items_purged":["Defend_P","Defend_P"],"score":636,"play_id":"c9a670eb-cc12-4a4b-a6ec-32a281d58a67","local_time":"20210118005941","is_ascension_mode":false,"campfire_choices":[{"floor":6.0,"key":"REST"},{"data":"Eruption","floor":8.0,"key":"SMITH"},{"data":"Meditate","floor":15.0,"key":"SMITH"},{"floor":28.0,"key":"REST"},{"floor":32.0,"key":"REST"},{"floor":41.0,"key":"REST"},{"floor":49.0,"key":"REST"}],"circlet_count":0,"master_deck":["Strike_P","Strike_P","Strike_P","Eruption+1","Vigilance","Trip","Perseverance","CutThroughFate","CutThroughFate","Meditate+1","Consecrate","Conclude","ThirdEye","Establishment","ThirdEye+1","EmptyBody","PathToVictory","Judgement","SashWhip","Tantrum+1","Scrawl","EmptyMind","WheelKick+1","InnerPeace","PathToVictory+1","Meditate+1","Halt+1","DeceiveReality+1","DeceiveReality"],"relics":["PureWater","Golden Idol","Potion Belt","Philosopher\u0027s Stone","Oddly Smooth Stone","Sundial","Ancient Tea Set","Bird Faced Urn","Red Mask","Bottled Flame","Calipers"],"acts_visited":["Exordium","TheCity","TheBeyond"],"potions_floor_usage":[50,50],"damage_taken":[{"damage":0.0,"enemies":"2 Louse","floor":1.0,"turns":2.0},{"damage":0.0,"enemies":"Jaw Worm","floor":4.0,"turns":2.0},{"damage":0.0,"enemies":"Small Slimes","floor":11.0,"turns":3.0},{"damage":1.0,"enemies":"2 Fungi Beasts","floor":12.0,"turns":2.0},{"damage":5.0,"enemies":"Looter","floor":13.0,"turns":3.0},{"damage":3.0,"enemies":"Red Slaver","floor":14.0,"turns":2.0},{"damage":34.0,"enemies":"The Guardian","floor":16.0,"turns":12.0},{"damage":19.0,"enemies":"Spheric Guardian","floor":18.0,"turns":5.0},{"damage":0.0,"enemies":"Shell Parasite","floor":21.0,"turns":4.0},{"damage":32.0,"enemies":"Book of Stabbing","floor":23.0,"turns":7.0},{"damage":3.0,"enemies":"Snake Plant","floor":25.0,"turns":3.0},{"damage":9.0,"enemies":"Cultist and Chosen","floor":29.0,"turns":8.0},{"damage":12.0,"enemies":"Shelled Parasite and Fungi","floor":31.0,"turns":4.0},{"damage":38.0,"enemies":"Automaton","floor":33.0,"turns":7.0},{"damage":1.0,"enemies":"Orb Walker","floor":35.0,"turns":3.0},{"damage":5.0,"enemies":"3 Shapes","floor":36.0,"turns":3.0},{"damage":21.0,"enemies":"Transient","floor":39.0,"turns":5.0},{"damage":19.0,"enemies":"Maw","floor":42.0,"turns":5.0},{"damage":15.0,"enemies":"Writhing Mass","floor":44.0,"turns":4.0},{"damage":10.0,"enemies":"Mind Bloom Boss Battle","floor":45.0,"turns":4.0},{"damage":19.0,"enemies":"Jaw Worm Horde","floor":47.0,"turns":3.0},{"damage":8.0,"enemies":"3 Darklings","floor":48.0,"turns":8.0},{"damage":20,"enemies":"Donu and Deca","floor":50,"turns":10}],"seed_played":"-7386369970307047467","potions_obtained":[{"floor":4.0,"key":"DuplicationPotion"},{"floor":14.0,"key":"Weak Potion"},{"floor":16.0,"key":"GamblersBrew"},{"floor":23.0,"key":"Dexterity Potion"},{"floor":25.0,"key":"SkillPotion"},{"floor":33.0,"key":"Dexterity Potion"},{"floor":35.0,"key":"SteroidPotion"},{"floor":42.0,"key":"PowerPotion"}],"is_trial":false,"path_per_floor":["M","?","$","M","?","R","?","R","T","$","M","M","M","M","R","B",null,"M","?","?","M","$","E","?","M","T","T","R","M","$","M","R","B",null,"M","M","$","?","M","?","R","M","T","M","?","$","M","M","R","B",null],"character_chosen":"WATCHER","items_purchased":["CutThroughFate","Meditate","PathToVictory","InnerPeace","BlessingOfTheForge","FearPotion"],"campfire_rested":5,"item_purchase_floors":[3,10,22,37,46,46],"current_hp_per_floor":[72,72,72,72,54,72,72,72,72,72,72,71,66,63,63,29,72,53,53,53,53,53,21,21,18,18,18,39,32,32,22,43,7,72,71,66,66,66,47,47,68,51,51,40,32,32,15,7,28,10],"gold":38,"neow_bonus":"RANDOM_COLORLESS","is_daily":false,"chose_seed":false,"campfire_upgraded":2,"win_rate":0.0,"timestamp":1610893781,"path_taken":["M","?","$","M","?","R","?","R","T","?","?","M","M","M","R","BOSS","M","?","?","M","$","E","?","M","T","?","R","?","$","M","R","BOSS","M","M","$","?","M","?","R","M","T","?","?","?","M","M","R","BOSS"],"items_purchased_type":["Card","Card","Card","Card","Potion","Potion"],"build_version":"2020-12-22","purchased_purges":2,"victory":true,"max_hp_per_floor":[72,72,72,72,72,72,72,72,72,72,72,72,72,72,72,72,72,72,72,72,72,72,72,72,72,72,72,72,72,72,72,72,72,72,72,72,72,72,72,72,72,72,72,72,72,72,72,72,72,72],"card_choices":[{"not_picked":["Dramatic Entrance","Forethought"],"picked":"Trip","floor":0.0},{"not_picked":["Protect","FlyingSleeves"],"picked":"Perseverance","floor":1.0},{"not_picked":["EmptyFist","Swivel"],"picked":"CutThroughFate","floor":4.0},{"not_picked":["Study","Crescendo"],"picked":"Consecrate","floor":11.0},{"not_picked":["Tantrum","SandsOfTime"],"picked":"Conclude","floor":12.0},{"not_picked":["BattleHymn","FlurryOfBlows","Crescendo"],"picked":"SKIP","floor":13.0},{"not_picked":["FollowUp","Evaluate"],"picked":"ThirdEye","floor":14.0},{"not_picked":["ConjureBlade","Scrawl"],"picked":"Establishment","floor":16.0},{"not_picked":["ClearTheMind","CarveReality"],"picked":"ThirdEye+1","floor":18.0},{"not_picked":["Worship","FlurryOfBlows"],"picked":"EmptyBody","floor":21.0},{"not_picked":["Study","ClearTheMind"],"picked":"Judgement","floor":23.0},{"not_picked":["FlyingSleeves","Study"],"picked":"SashWhip","floor":25.0},{"not_picked":["ThirdEye+1","FlyingSleeves+1"],"picked":"Tantrum+1","floor":29.0},{"not_picked":["Prostrate+1","EmptyBody","ClearTheMind"],"picked":"SKIP","floor":31.0},{"not_picked":["Alpha","LessonLearned"],"picked":"Scrawl","floor":33.0},{"not_picked":["Crescendo","Protect+1"],"picked":"EmptyMind","floor":35.0},{"not_picked":["Evaluate","ClearTheMind+1"],"picked":"WheelKick+1","floor":36.0},{"not_picked":["Vengeance+1","Fasting2"],"picked":"PathToVictory+1","floor":39.0},{"not_picked":["TalkToTheHand","FlyingSleeves+1"],"picked":"Meditate+1","floor":42.0},{"not_picked":["Study","FlyingSleeves"],"picked":"Halt+1","floor":44.0},{"not_picked":["Perseverance","LikeWater"],"picked":"DeceiveReality+1","floor":45.0},{"not_picked":["FlurryOfBlows+1","EmptyBody+1","FollowUp+1"],"picked":"SKIP","floor":47.0},{"not_picked":["CarveReality","FollowUp+1"],"picked":"DeceiveReality","floor":48.0}],"player_experience":112158,"relics_obtained":[{"floor":9.0,"key":"Potion Belt"},{"floor":23.0,"key":"Sundial"},{"floor":26.0,"key":"Ancient Tea Set"},{"floor":27.0,"key":"Bird Faced Urn"},{"floor":43.0,"key":"Bottled Flame"},{"floor":45.0,"key":"Calipers"}],"event_choices":[{"damage_healed":0.0,"max_hp_gain":0.0,"max_hp_loss":0.0,"gold_gain":0.0,"event_name":"Golden Idol","player_choice":"Take Damage","floor":5.0,"gold_loss":0.0,"damage_taken":18.0,"relics_obtained":["Golden Idol"]},{"damage_healed":0.0,"max_hp_gain":0.0,"max_hp_loss":0.0,"gold_gain":0.0,"event_name":"Liars Game","player_choice":"Ignored","floor":7.0,"gold_loss":0.0,"damage_taken":0.0},{"damage_healed":0.0,"max_hp_gain":0.0,"max_hp_loss":0.0,"gold_gain":0.0,"event_name":"Addict","player_choice":"Obtained Relic","floor":19.0,"gold_loss":85.0,"damage_taken":0.0,"relics_obtained":["Oddly Smooth Stone"]},{"cards_removed":["Defend_P"],"damage_healed":0.0,"max_hp_gain":0.0,"max_hp_loss":0.0,"gold_gain":0.0,"event_name":"Beggar","player_choice":"Gave Gold","floor":20.0,"gold_loss":75.0,"damage_taken":0.0},{"cards_removed":["Strike_P"],"damage_healed":0.0,"max_hp_gain":0.0,"max_hp_loss":0.0,"gold_gain":0.0,"event_name":"Back to Basics","player_choice":"Elegance","floor":24.0,"gold_loss":0.0,"damage_taken":0.0},{"damage_healed":0.0,"max_hp_gain":0.0,"max_hp_loss":0.0,"gold_gain":0.0,"event_name":"Tomb of Lord Red Mask","player_choice":"Paid","floor":38.0,"gold_loss":53.0,"damage_taken":0.0,"relics_obtained":["Red Mask"]},{"cards_removed":["Defend_P"],"damage_healed":0.0,"max_hp_gain":0.0,"max_hp_loss":0.0,"gold_gain":0.0,"event_name":"Purifier","player_choice":"Purged","floor":40.0,"gold_loss":0.0,"damage_taken":0.0},{"damage_healed":0.0,"max_hp_gain":0.0,"max_hp_loss":0.0,"gold_gain":0.0,"event_name":"MindBloom","player_choice":"Fight","floor":45.0,"gold_loss":0.0,"damage_taken":0.0}],"is_beta":false,"boss_relics":[{"not_picked":["Busted Crown","Sozu"],"picked":"Philosopher\u0027s Stone"},{"not_picked":["Fusion Hammer","Astrolabe","Coffee Dripper"]}],"items_purged_floors":[30,37],"is_endless":false,"potions_floor_spawned":[4,14,16,23,25,33,35,42],"ascension_level":0}}