{"host":"wud4w7nw8qmq6f33","time":1610861483,"event":{"mods":["2.2 Compatiblity","Act Like it!","BaseMod","Better Third Choice","BetterRewards","Colored Map","Colored Powertips","Energized Spire","Gremlin Skip","Minty Spire (QoL Compilation)","Permanent Neow","Quick Restart","Rare Cards Sparkle","StSLib","The Bug Knight","everything is the same but u backflip on backflip","slay the spire mod where everything is the same but ironclad has a cowboy hat"],"gold_per_floor":[210,230,230,101,101,129,149,178,190,202,164,176,207,237,249,365,377,408,430,442,454,483,526,538,217,299,314,38,55,55,90,90,185,185,201,201,51,67,67,95,110,110,110,143,156,136,136,155,155,155],"floor_reached":51,"language":"ENG","playtime":2161,"items_purged":["Strike_B","Strike_B+1","Strike_B+1","Defend_B"],"score":832,"play_id":"41a2a961-ca03-4e3d-880a-152a99222223","local_time":"20210117003123","is_ascension_mode":false,"campfire_choices":[{"floor":12,"key":"REST"},{"floor":15,"key":"REST"},{"floor":24,"key":"REST"},{"floor":30,"key":"REST"},{"floor":32,"key":"RECALL"},{"floor":47,"key":"REST"},{"floor":49,"key":"REST"}],"circlet_count":0,"master_deck":["Defend_B","Defend_B","Defend_B","Zap","Dualcast","Gash+1","Gash+1","Coolheaded","Reinforced Body","Gash","Defragment","Machine Learning","Loop","Gash","Reinforced Body","Loop","Gash+1","Amplify","Finesse","All For One"],"relics":["Cracked Core","Whetstone","MawBank","Vajra","Ancient Tea Set","Fusion Hammer","Ornamental Fan","Strawberry","Chemical X","Cables","Anchor","Meat on the Bone","Philosopher\u0027s Stone","Pantograph","Bird Faced Urn","Eternal Feather"],"acts_visited":["Exordium","TheCity","TheBeyond"],"potions_floor_usage":[8,21,22,31,33,40,50,50],"damage_taken":[{"damage":6,"enemies":"Jaw Worm","floor":1,"turns":3},{"damage":10,"enemies":"Small Slimes","floor":2,"turns":3},{"damage":29,"enemies":"3 Sentries","floor":6,"turns":8},{"damage":0,"enemies":"2 Louse","floor":7,"turns":2},{"damage":17,"enemies":"Lagavulin","floor":8,"turns":7},{"damage":0,"enemies":"Blue Slaver","floor":13,"turns":2},{"damage":7,"enemies":"2 Fungi Beasts","floor":14,"turns":3},{"damage":40,"enemies":"Slime Boss","floor":16,"turns":13},{"damage":0,"enemies":"Chosen","floor":18,"turns":4},{"damage":15,"enemies":"Shell Parasite","floor":19,"turns":6},{"damage":0,"enemies":"Snecko","floor":21,"turns":2},{"damage":12,"enemies":"Sentry and Sphere","floor":22,"turns":5},{"damage":12,"enemies":"HollowMod:Nosk","floor":23,"turns":7},{"damage":9,"enemies":"Centurion and Healer","floor":27,"turns":5},{"damage":21,"enemies":"Chosen and Byrds","floor":29,"turns":7},{"damage":1,"enemies":"Gremlin Leader","floor":31,"turns":7},{"damage":45,"enemies":"Automaton","floor":33,"turns":7},{"damage":22,"enemies":"3 Darklings","floor":35,"turns":7},{"damage":5,"enemies":"3 Shapes","floor":38,"turns":4},{"damage":33,"enemies":"Reptomancer","floor":40,"turns":8},{"damage":19,"enemies":"Spire Growth","floor":41,"turns":5},{"damage":0,"enemies":"Giant Head","floor":44,"turns":5},{"damage":6,"enemies":"Transient","floor":45,"turns":5},{"damage":16,"enemies":"Sphere and 2 Shapes","floor":48,"turns":4},{"damage":21,"enemies":"Awakened One","floor":50,"turns":7}],"seed_played":"-2917746078227175864","potions_obtained":[{"floor":2,"key":"SmokeBomb"},{"floor":7,"key":"DistilledChaos"},{"floor":19,"key":"Ancient Potion"},{"floor":22,"key":"Fruit Juice"},{"floor":27,"key":"SteroidPotion"},{"floor":31,"key":"AttackPotion"},{"floor":35,"key":"Regen Potion"},{"floor":44,"key":"Weak Potion"},{"floor":45,"key":"FocusPotion"},{"floor":46,"key":"PowerPotion"}],"is_trial":false,"path_per_floor":["M","M","?","$","?","E","M","E","T","?","?","R","M","M","R","B",null,"M","M","?","M","M","E","R","$","T","M","$","M","R","E","R","B",null,"M","?","$","M","?","E","M","?","T","E","M","?","R","M","R","B",null],"character_chosen":"DEFECT","items_purchased":["Coolheaded","Chemical X","Reinforced Body","Anchor"],"campfire_rested":6,"item_purchase_floors":[4,25,25,28],"current_hp_per_floor":[69,59,44,44,69,40,40,23,23,20,20,42,42,35,57,17,75,75,60,60,60,53,48,74,74,74,65,65,44,70,69,69,36,87,65,65,65,60,60,54,47,47,47,57,61,61,83,67,83,68],"gold":155,"neow_bonus":"HUNDRED_GOLD","is_daily":false,"chose_seed":false,"campfire_upgraded":0,"win_rate":0.0,"timestamp":1610861483,"path_taken":["M","M","?","$","?","E","M","E","T","?","?","R","?","M","R","BOSS","M","M","?","M","M","E","R","$","T","M","$","?","R","E","R","BOSS","M","?","$","M","?","E","M","?","T","E","M","?","R","M","R","BOSS"],"items_purchased_type":["Card","Relic","Card","Relic"],"build_version":"2020-12-22","purchased_purges":4,"victory":true,"max_hp_per_floor":[75,75,75,75,75,75,75,75,75,75,75,75,75,75,75,75,75,75,75,75,75,80,87,87,87,87,87,87,87,87,87,87,87,87,87,87,87,87,87,87,87,83,83,83,83,83,83,83,83,83],"card_choices":[{"not_picked":["Streamline","Leap"],"picked":"Gash","floor":1},{"not_picked":["Sweeping Beam","Conserve Battery"],"picked":"Gash","floor":2},{"not_picked":["Streamline","Barrage","Meteor Strike"],"picked":"SKIP","floor":6},{"not_picked":["Steam Power","Sunder"],"picked":"Reinforced Body","floor":7},{"not_picked":["BootSequence","Auto Shields"],"picked":"Gash","floor":8},{"not_picked":["Hologram","Auto Shields"],"picked":"Defragment","floor":13},{"not_picked":["Blizzard","Recycle","Heatsinks"],"picked":"SKIP","floor":14},{"not_picked":["Fission","Biased Cognition"],"picked":"Machine Learning","floor":16},{"not_picked":["Melter","Conserve Battery"],"picked":"Loop","floor":18},{"not_picked":["Steam","Go for the Eyes"],"picked":"Gash","floor":19},{"not_picked":["Sweeping Beam","Darkness","Stack"],"picked":"SKIP","floor":22},{"not_picked":["Conserve Battery+1","Steam Power","Lockon+1"],"picked":"SKIP","floor":23},{"not_picked":["Sweeping Beam","Go for the Eyes"],"picked":"Loop","floor":27},{"not_picked":["Electrodynamics","White Noise","Blizzard+1"],"picked":"SKIP","floor":29},{"not_picked":["Reprogram","Ball Lightning"],"picked":"Gash+1","floor":31},{"not_picked":["Meteor Strike","Multi-Cast"],"picked":"Amplify","floor":33},{"not_picked":["Fusion+1","Scrape","Sweeping Beam+1"],"picked":"SKIP","floor":35},{"not_picked":["Conserve Battery+1","Sweeping Beam+1","Genetic Algorithm"],"picked":"SKIP","floor":38},{"not_picked":["Panache","Mayhem"],"picked":"Finesse","floor":39},{"not_picked":["Leap","Barrage+1"],"picked":"All For One","floor":40},{"not_picked":["Auto Shields","Barrage","Go for the Eyes"],"picked":"SKIP","floor":41},{"not_picked":["Cold Snap","Barrage+1","Compile Driver"],"picked":"SKIP","floor":44},{"not_picked":["FTL+1","Force Field+1","Gash"],"picked":"SKIP","floor":45},{"not_picked":["Redo","Storm","Streamline+1"],"picked":"SKIP","floor":48}],"player_experience":610542,"relics_obtained":[{"floor":6,"key":"Whetstone"},{"floor":8,"key":"MawBank"},{"floor":9,"key":"Vajra"},{"floor":23,"key":"Strawberry"},{"floor":26,"key":"Cables"},{"floor":31,"key":"Meat on the Bone"},{"floor":40,"key":"Pantograph"},{"floor":43,"key":"Bird Faced Urn"},{"floor":44,"key":"Eternal Feather"}],"event_choices":[{"damage_healed":59,"gold_gain":0,"player_choice":"Upgrade","damage_taken":15,"max_hp_gain":0,"max_hp_loss":75,"event_name":"betterThird:BetterShining","floor":3,"gold_loss":0,"cards_upgraded":["Strike_B","Strike_B"]},{"damage_healed":25,"gold_gain":0,"player_choice":"Banana","damage_taken":0,"max_hp_gain":0,"max_hp_loss":0,"event_name":"Big Fish","floor":5,"gold_loss":0},{"damage_healed":0,"gold_gain":0,"player_choice":"Relic ","damage_taken":3,"max_hp_gain":0,"max_hp_loss":0,"event_name":"betterThird:BetterScrap","floor":10,"gold_loss":0,"cards_obtained":["Tantrum"]},{"cards_removed":["Strike_B"],"damage_healed":0,"gold_gain":0,"player_choice":"Card Removal","damage_taken":0,"max_hp_gain":0,"max_hp_loss":0,"event_name":"The Cleric","floor":11,"gold_loss":50},{"damage_healed":0,"gold_gain":0,"player_choice":"Gave Potion","damage_taken":0,"relics_obtained":["Ornamental Fan"],"max_hp_gain":0,"max_hp_loss":0,"event_name":"WeMeetAgain","floor":20,"gold_loss":0},{"damage_healed":0,"gold_gain":0,"player_choice":"Ignored","damage_taken":0,"max_hp_gain":0,"max_hp_loss":0,"event_name":"Tomb of Lord Red Mask","floor":36,"gold_loss":0},{"damage_healed":0,"gold_gain":0,"player_choice":"Memory 1","damage_taken":0,"max_hp_gain":0,"max_hp_loss":0,"event_name":"SensoryStone","floor":39,"gold_loss":0},{"damage_healed":0,"gold_gain":0,"player_choice":"Max HP","damage_taken":0,"max_hp_gain":0,"max_hp_loss":4,"event_name":"Winding Halls","floor":42,"gold_loss":0},{"damage_healed":0,"gold_gain":0,"player_choice":"Bought 1 Potion","damage_taken":0,"max_hp_gain":0,"max_hp_loss":0,"event_name":"The Woman in Blue","floor":46,"gold_loss":0}],"is_beta":false,"boss_relics":[{"not_picked":["energizedSpire:UnstableMolecules","energizedSpire:EnergizedDie"],"picked":"Fusion Hammer"},{"not_picked":["Astrolabe","energizedSpire:MagnifyingGlass"],"picked":"Philosopher\u0027s Stone"}],"items_purged_floors":[4,25,28,37],"is_endless":false,"potions_floor_spawned":[2,7,19,22,27,31,35,44,45,48],"ascension_level":0}}