{"host":"jl3raagrljzztomj","time":1610888580,"event":{"mods":["Aspiration","BaseMod","Better Third Choice","BetterRewards","Colored Map","Colored Powertips","Custom Start","Hermit","Highlight Path","Marked Mod","Minty Spire (QoL Compilation)","Permanent Neow","Relic Stats","StSLib","SuperFastMode","The Disciple","The Runesmith"],"gold_per_floor":[117,14,32,44,44,44,44],"floor_reached":6,"language":"ENG","playtime":395,"items_purged":[],"score":36,"play_id":"d3d91911-3c64-4ff9-9761-2aab17c5e3be","local_time":"20210117070300","is_ascension_mode":false,"campfire_choices":[],"circlet_count":0,"master_deck":["Strike_Br","Strike_Br","Strike_Br","Strike_Br","Defend_Br","Defend_Br","Defend_Br","Defend_Br","SecondHand+1","PatternShift","Engulf","Echoward","LockedPlans","LockedThread"],"relics":["Chronometer","Golden Idol"],"acts_visited":["Exordium"],"potions_floor_usage":[],"damage_taken":[{"damage":0,"enemies":"2 Louse","floor":1,"turns":3},{"damage":19,"enemies":"Jaw Worm","floor":3,"turns":8},{"damage":0,"enemies":"Small Slimes","floor":4,"turns":5},{"damage":47,"enemies":"Gremlin Nob","floor":6,"turns":5}],"seed_played":"-170472824084057158","potions_obtained":[],"is_trial":false,"path_per_floor":["M","$","M","M","?","E"],"character_chosen":"CHRONO_CLASS","items_purchased":["Engulf","Echoward"],"campfire_rested":0,"item_purchase_floors":[2,2],"current_hp_per_floor":[65,65,46,46,30,0,0],"gold":44,"neow_bonus":"UPGRADE_CARD","is_daily":false,"chose_seed":false,"campfire_upgraded":0,"win_rate":0.0,"timestamp":1610888580,"path_taken":["M","$","M","M","?","E"],"items_purchased_type":["Card","Card"],"build_version":"2020-12-22","purchased_purges":0,"victory":false,"max_hp_per_floor":[65,65,65,65,65,65,65],"relic_stats":{"counters":[4,21],"Golden Idol":0,"obtain_stats":[{"Chronometer":0,"Golden Idol":5},{"Chronometer":0,"Golden Idol":3},{"Chronometer":0,"Golden Idol":16}]},"card_choices":[{"not_picked":["LockedMedicine","Parity","HandsUpB"],"picked":"SKIP","floor":1},{"not_picked":["LockedBlood","ExoVibe"],"picked":"LockedPlans","floor":3},{"not_picked":["HandsUpB","Keepsakes"],"picked":"LockedThread","floor":4}],"player_experience":1002337,"relics_obtained":[],"event_choices":[{"damage_healed":0,"gold_gain":0,"player_choice":"Take Damage","damage_taken":16,"relics_obtained":["Golden Idol"],"max_hp_gain":0,"max_hp_loss":0,"event_name":"Golden Idol","floor":5,"gold_loss":0}],"is_beta":false,"boss_relics":[],"items_purged_floors":[],"is_endless":false,"potions_floor_spawned":[],"killed_by":"Gremlin Nob","ascension_level":0}}