{"host":"i0avyit1s6jb1siw","time":1610907528,"event":{"mods":["BaseMod","DeckTracker","Dota2Spire","Highlight Path","Minty Spire (QoL Compilation)","Quick Restart","StSLib","SuperFastMode"],"gold_per_floor":[115,133,58,133,148,148,148,158,181,181,181,181,216,231,231,308,308,325,344,20,93,93,93],"floor_reached":22,"language":"ENG","playtime":415,"items_purged":["WreathOfFlame"],"score":368,"play_id":"1adea1c4-954e-4ed1-931f-5818175d6ad2","local_time":"20210117191848","is_ascension_mode":true,"campfire_choices":[{"data":"Eruption","floor":6,"key":"SMITH"},{"floor":11,"key":"REST"},{"data":"SandsOfTime","floor":15,"key":"SMITH"}],"circlet_count":0,"master_deck":["AscendersBane","Eruption+1","Vigilance","ClearTheMind+1","Protect","SandsOfTime+1","FlyingSleeves","Alpha","Pray","Swivel","Sanctity","SpiritShield","Pray","ForeignInfluence","Adaptation"],"relics":["Busted Crown","Tiny Chest","Bronze Scales","Pandora\u0027s Box","OrangePellets","Molten Egg 2"],"acts_visited":["Exordium","TheCity"],"potions_floor_usage":[13,22],"damage_taken":[{"damage":2,"enemies":"Jaw Worm","floor":1,"turns":4},{"damage":6,"enemies":"2 Louse","floor":2,"turns":4},{"damage":5,"enemies":"Small Slimes","floor":5,"turns":4},{"damage":0,"enemies":"3 Louse","floor":8,"turns":4},{"damage":7,"enemies":"Lagavulin","floor":13,"turns":5},{"damage":2,"enemies":"Gremlin Gang","floor":14,"turns":5},{"damage":2,"enemies":"Hexaghost","floor":16,"turns":7},{"damage":18,"enemies":"2 Thieves","floor":18,"turns":3},{"damage":0,"enemies":"Chosen","floor":19,"turns":4},{"damage":67,"enemies":"Masked Bandits","floor":22,"turns":3}],"seed_played":"3504478829227000718","potions_obtained":[{"floor":2,"key":"LiquidMemories"},{"floor":8,"key":"Swift Potion"},{"floor":13,"key":"SteroidPotion"},{"floor":16,"key":"Regen Potion"}],"is_trial":false,"path_per_floor":["M","M","?","?","M","R","?","M","T","?","R","?","E","M","R","B",null,"M","M","$","T","?"],"character_chosen":"WATCHER","items_purchased":["OrangePellets","Adaptation"],"campfire_rested":1,"item_purchase_floors":[20,20],"current_hp_per_floor":[59,53,53,42,37,37,17,17,17,6,26,26,19,17,17,15,55,37,37,37,37,0,0],"gold":93,"neow_bonus":"BOSS_RELIC","is_daily":false,"chose_seed":false,"campfire_upgraded":2,"win_rate":0.0,"timestamp":1610907528,"path_taken":["M","M","?","?","M","R","?","M","T","?","R","?","E","M","R","BOSS","M","?","$","?","?"],"items_purchased_type":["Relic","Card"],"build_version":"2020-12-22","purchased_purges":1,"victory":false,"max_hp_per_floor":[68,68,68,68,68,68,68,68,68,68,68,68,68,68,68,68,68,68,68,68,68,68,68],"card_choices":[{"not_picked":[],"picked":"ClearTheMind","floor":1},{"not_picked":[],"picked":"Protect","floor":2},{"not_picked":["Swivel"],"picked":"SKIP","floor":5},{"not_picked":[],"picked":"SandsOfTime","floor":8},{"not_picked":["WaveOfTheHand"],"picked":"SKIP","floor":13},{"not_picked":[],"picked":"FlyingSleeves","floor":14},{"not_picked":[],"picked":"Alpha","floor":16},{"not_picked":["Nirvana"],"picked":"SKIP","floor":18},{"not_picked":["Nirvana+1"],"picked":"SKIP","floor":19}],"player_experience":2275750,"relics_obtained":[{"floor":9,"key":"Tiny Chest"},{"floor":13,"key":"Bronze Scales"},{"floor":21,"key":"Molten Egg 2"}],"event_choices":[{"cards_removed":["Defend_P"],"damage_healed":0,"gold_gain":0,"player_choice":"Card Removal","damage_taken":0,"max_hp_gain":0,"max_hp_loss":0,"event_name":"The Cleric","floor":3,"gold_loss":75},{"damage_healed":0,"gold_gain":75,"player_choice":"Gather Gold","damage_taken":11,"max_hp_gain":0,"max_hp_loss":0,"event_name":"World of Goop","floor":4,"gold_loss":0},{"damage_healed":0,"gold_gain":0,"player_choice":"Entered Light","damage_taken":20,"max_hp_gain":0,"max_hp_loss":0,"event_name":"Shining Light","floor":7,"gold_loss":0,"cards_upgraded":["Strike_P","ClearTheMind"]},{"damage_healed":0,"gold_gain":0,"player_choice":"Fled","damage_taken":11,"max_hp_gain":0,"max_hp_loss":0,"event_name":"Scrap Ooze","floor":10,"gold_loss":0},{"damage_healed":0,"gold_gain":0,"player_choice":"0 cards matched","damage_taken":0,"max_hp_gain":0,"max_hp_loss":0,"event_name":"Match and Keep!","floor":12,"gold_loss":0,"cards_obtained":[]},{"damage_healed":0,"gold_gain":0,"player_choice":"Fought Bandits","damage_taken":0,"max_hp_gain":0,"max_hp_loss":0,"event_name":"Masked Bandits","floor":22,"gold_loss":0}],"is_beta":false,"boss_relics":[{"not_picked":["Calling Bell","SacredBark"],"picked":"Pandora\u0027s Box"}],"items_purged_floors":[20],"is_endless":false,"potions_floor_spawned":[2,8,13,16],"killed_by":"Masked Bandits","ascension_level":20}}