{"host":"c6u7e77myxvw4d0m","time":1610896777,"event":{"mods":["AchievementEnabler","BaseMod","Bestiary","Colored Map","Colored Powertips","Minty Spire (QoL Compilation)","Rare Cards Sparkle","Relic Stats","everything is the same but u backflip on backflip"],"gold_per_floor":[211,223,235,235,2,32,32,32,32,68,99,135,135,185,185,289,289,308,328,253,264,314,314,314],"floor_reached":23,"language":"ENG","playtime":2177,"items_purged":[],"score":362,"play_id":"47bdcf1e-144d-4c42-a9b1-fb717cc927e6","local_time":"20210117171937","is_ascension_mode":true,"campfire_choices":[{"floor":8.0,"key":"REST"},{"floor":13.0,"key":"REST"},{"data":"Bouncing Flask","floor":15.0,"key":"SMITH"}],"circlet_count":0,"master_deck":["AscendersBane","Strike_G","Strike_G+1","Strike_G","Strike_G+1","Defend_G","Defend_G","Defend_G","Defend_G","Defend_G","Survivor","Neutralize","Blade Dance","Poisoned Stab","Caltrops","HandOfGreed+1","Dagger Spray","Cloak And Dagger","Bouncing Flask+1","Deadly Poison","After Image","Noxious Fumes","Dodge and Roll","Night Terror","Dagger Spray+1","Caltrops","Backflip"],"relics":["Ring of the Snake","Thread and Needle","Prayer Wheel","Whetstone","Cursed Key","Red Mask"],"acts_visited":["Exordium","TheCity"],"potions_floor_usage":[16,18,21,23],"damage_taken":[{"damage":6.0,"enemies":"2 Louse","floor":1.0,"turns":3.0},{"damage":0.0,"enemies":"Small Slimes","floor":2.0,"turns":3.0},{"damage":1.0,"enemies":"Cultist","floor":3.0,"turns":3.0},{"damage":66.0,"enemies":"Lagavulin","floor":6.0,"turns":7.0},{"damage":0.0,"enemies":"3 Louse","floor":10.0,"turns":4.0},{"damage":6.0,"enemies":"Gremlin Nob","floor":11.0,"turns":3.0},{"damage":9.0,"enemies":"Large Slime","floor":12.0,"turns":5.0},{"damage":46,"enemies":"Slime Boss","floor":16,"turns":12},{"damage":0,"enemies":"3 Byrds","floor":18,"turns":2},{"damage":5,"enemies":"Chosen","floor":19,"turns":6},{"damage":7,"enemies":"Snecko","floor":21,"turns":5},{"damage":40,"enemies":"Masked Bandits","floor":22,"turns":5},{"damage":28,"enemies":"Gremlin Leader","floor":23,"turns":4}],"seed_played":"-7243980155347564396","potions_obtained":[{"floor":1.0,"key":"FairyPotion"},{"floor":6.0,"key":"Fire Potion"},{"floor":10.0,"key":"ColorlessPotion"},{"floor":12.0,"key":"FairyPotion"},{"floor":16,"key":"AttackPotion"},{"floor":19,"key":"SteroidPotion"},{"floor":22,"key":"EssenceOfSteel"}],"is_trial":false,"path_per_floor":["M","M","M","?","$","E","?","R","T","M","E","M","R","?","R","B",null,"M","M","?","M","?","E"],"character_chosen":"THE_SILENT","items_purchased":["HandOfGreed","Dagger Spray"],"campfire_rested":2,"item_purchase_floors":[5,5],"current_hp_per_floor":[53,53,52,57,57,21,21,42,42,42,36,27,48,48,48,2,54,54,49,49,42,2,0,0],"gold":314,"neow_bonus":"HUNDRED_GOLD","is_daily":false,"chose_seed":false,"campfire_upgraded":1,"win_rate":0.0,"timestamp":1610896777,"path_taken":["M","M","M","?","$","E","?","R","T","M","E","M","R","?","R","BOSS","M","?","?","M","?","E"],"items_purchased_type":["Card","Card"],"build_version":"2020-12-22","purchased_purges":0,"victory":false,"max_hp_per_floor":[66,66,66,71,71,71,71,71,71,71,71,71,71,71,71,71,71,71,71,71,71,71,71,71],"relic_stats":{"counters":[13,62],"Prayer Wheel":5,"Whetstone":["Strike_G","Strike_G"],"Cursed Key":0,"obtain_stats":[{"Thread and Needle":6,"Prayer Wheel":9,"Red Mask":22,"Whetstone":11,"Cursed Key":17,"Ring of the Snake":0},{"Thread and Needle":4,"Prayer Wheel":4,"Red Mask":12,"Whetstone":6,"Cursed Key":8,"Ring of the Snake":0},{"Thread and Needle":16,"Prayer Wheel":16,"Red Mask":58,"Whetstone":23,"Cursed Key":40,"Ring of the Snake":0}],"Ring of the Snake":[26]},"card_choices":[{"not_picked":["Catalyst","Backflip"],"picked":"Blade Dance","floor":1.0},{"not_picked":["PiercingWail","Deflect"],"picked":"Poisoned Stab","floor":2.0},{"not_picked":["Backflip","Blur"],"picked":"Caltrops","floor":3.0},{"not_picked":["Setup","Choke"],"picked":"Cloak And Dagger","floor":6.0},{"not_picked":["Masterful Stab","Bane"],"picked":"Bouncing Flask","floor":10.0},{"not_picked":["Flechettes","Dagger Throw","Acrobatics"],"picked":"SKIP","floor":10.0},{"not_picked":["Deflect","Cloak And Dagger","Outmaneuver"],"picked":"SKIP","floor":11.0},{"not_picked":["Backflip","Outmaneuver"],"picked":"Deadly Poison","floor":12.0},{"not_picked":["Cloak And Dagger","Choke","Eviscerate"],"picked":"SKIP","floor":12.0},{"not_picked":["Grand Finale","Venomology"],"picked":"After Image","floor":16},{"not_picked":["Poisoned Stab+1","Bane"],"picked":"Noxious Fumes","floor":18},{"not_picked":["Sucker Punch","Deadly Poison"],"picked":"Dodge and Roll","floor":18},{"not_picked":["Backflip","Dagger Spray+1"],"picked":"Night Terror","floor":19},{"not_picked":["Flying Knee","Underhanded Strike"],"picked":"Dagger Spray+1","floor":19},{"not_picked":["Outmaneuver","Bane"],"picked":"Caltrops","floor":21},{"not_picked":["Outmaneuver","Acrobatics","Deadly Poison"],"picked":"SKIP","floor":21},{"not_picked":["Choke","Distraction"],"picked":"Backflip","floor":22}],"player_experience":387823,"relics_obtained":[{"floor":6.0,"key":"Thread and Needle"},{"floor":9.0,"key":"Prayer Wheel"},{"floor":11.0,"key":"Whetstone"},{"floor":22,"key":"Red Mask"}],"event_choices":[{"damage_healed":0.0,"max_hp_gain":5.0,"max_hp_loss":0.0,"gold_gain":0.0,"event_name":"Big Fish","player_choice":"Donut","floor":4.0,"gold_loss":0.0,"damage_taken":0.0},{"damage_healed":0.0,"max_hp_gain":0.0,"max_hp_loss":0.0,"gold_gain":0.0,"event_name":"Living Wall","player_choice":"Grow","floor":7.0,"gold_loss":0.0,"damage_taken":0.0,"cards_upgraded":["HandOfGreed"]},{"damage_healed":0.0,"max_hp_gain":0.0,"max_hp_loss":0.0,"gold_gain":50.0,"event_name":"Golden Shrine","player_choice":"Pray","floor":14.0,"gold_loss":0.0,"damage_taken":0.0},{"cards_removed":["Strike_G"],"damage_healed":0,"gold_gain":0,"player_choice":"Gave Gold","damage_taken":0,"max_hp_gain":0,"max_hp_loss":0,"event_name":"Beggar","floor":20,"gold_loss":75},{"damage_healed":0,"gold_gain":0,"player_choice":"Fought Bandits","damage_taken":0,"max_hp_gain":0,"max_hp_loss":0,"event_name":"Masked Bandits","floor":22,"gold_loss":0}],"is_beta":false,"boss_relics":[{"not_picked":["Tiny House","WristBlade"],"picked":"Cursed Key"}],"items_purged_floors":[],"is_endless":false,"potions_floor_spawned":[1,6,10,12,16,19,22],"killed_by":"Gremlin Leader","ascension_level":16}}