{"host":"j6mgjir4ee1lqn1j","time":1610858464,"event":{"mods":["BaseMod","Colored Map","Colored Powertips","DeckTracker","Highlight Path","Keyboard Shortcuts","Minty Spire (QoL Compilation)","Permanent Neow","Quick Restart","Rare Cards Sparkle","Shop Mod","StSLib","SuperFastMode"],"gold_per_floor":[168,52,52,52,75,118,118,149,149,164,164,200,216,23,23,23,23],"floor_reached":16,"language":"ENG","playtime":1127,"items_purged":["Strike_G"],"score":122,"play_id":"55bdcd46-ca21-4cce-a8e2-316ff9fca205","local_time":"20210116234104","is_ascension_mode":true,"campfire_choices":[{"data":"Neutralize","floor":7,"key":"SMITH"},{"floor":11,"key":"REST"},{"data":"Footwork","floor":15,"key":"SMITH"}],"circlet_count":0,"master_deck":["Strike_G","Strike_G","Strike_G","Defend_G","Defend_G+1","Defend_G","Defend_G","Defend_G","Survivor","Neutralize+1","Acrobatics","Masterful Stab","Footwork+1","Acrobatics","Accuracy","Backflip"],"relics":["MerchantsRug","Golden Idol","Orichalcum","HornCleat","Regal Pillow","Shuriken","Torii"],"acts_visited":["Exordium"],"potions_floor_usage":[8],"damage_taken":[{"damage":1,"enemies":"Cultist","floor":1,"turns":4},{"damage":30,"enemies":"3 Sentries","floor":6,"turns":14},{"damage":19,"enemies":"Lagavulin","floor":8,"turns":8},{"damage":0,"enemies":"Jaw Worm","floor":10,"turns":5},{"damage":8,"enemies":"Gremlin Nob","floor":12,"turns":6},{"damage":0,"enemies":"2 Louse","floor":13,"turns":3},{"damage":42,"enemies":"Hexaghost","floor":16,"turns":18}],"seed_played":"-1347432978237844323","potions_obtained":[{"floor":0,"key":"DuplicationPotion"},{"floor":6,"key":"Weak Potion"},{"floor":8,"key":"LiquidMemories"}],"is_trial":false,"path_per_floor":["M","$","?","?","T","E","R","E","T","M","R","E","M","$","R","B"],"character_chosen":"THE_SILENT","items_purchased":["MerchantsRug","Accuracy","Backflip"],"campfire_rested":1,"item_purchase_floors":[2,14,14],"current_hp_per_floor":[74,74,74,56,56,26,26,7,7,7,44,36,36,36,36,0,0],"gold":23,"neow_bonus":"BOSS_RELIC","is_daily":false,"chose_seed":false,"campfire_upgraded":2,"win_rate":0.0,"timestamp":1610858464,"path_taken":["M","$","?","?","?","E","R","E","T","?","R","E","M","?","R","BOSS"],"items_purchased_type":["Relic","Card","Card"],"build_version":"2020-12-13","purchased_purges":1,"victory":false,"max_hp_per_floor":[75,75,75,75,75,75,75,75,75,75,75,75,75,75,75,75,75],"card_choices":[{"not_picked":["Crippling Poison","Distraction"],"picked":"Acrobatics","floor":0},{"not_picked":["Distraction","Cloak And Dagger"],"picked":"Masterful Stab","floor":1},{"not_picked":["Heel Hook","PiercingWail","Leg Sweep"],"picked":"SKIP","floor":6},{"not_picked":["Acrobatics","Dodge and Roll"],"picked":"Footwork","floor":8},{"not_picked":["Distraction","PiercingWail","Flechettes"],"picked":"SKIP","floor":10},{"not_picked":["Flying Knee","PiercingWail"],"picked":"Acrobatics","floor":12},{"not_picked":["Deadly Poison","Underhanded Strike","Endless Agony"],"picked":"SKIP","floor":13}],"player_experience":13598,"relics_obtained":[{"floor":5,"key":"Orichalcum"},{"floor":6,"key":"HornCleat"},{"floor":8,"key":"Regal Pillow"},{"floor":9,"key":"Shuriken"},{"floor":12,"key":"Torii"}],"event_choices":[{"cards_removed":["Strike_G"],"damage_healed":0,"gold_gain":0,"player_choice":"Forget","damage_taken":0,"max_hp_gain":0,"max_hp_loss":0,"event_name":"Living Wall","floor":3,"gold_loss":0},{"damage_healed":0,"gold_gain":0,"player_choice":"Take Damage","damage_taken":18,"relics_obtained":["Golden Idol"],"max_hp_gain":0,"max_hp_loss":0,"event_name":"Golden Idol","floor":4,"gold_loss":0}],"is_beta":false,"boss_relics":[],"items_purged_floors":[14],"is_endless":false,"potions_floor_spawned":[6,8],"killed_by":"Hexaghost","ascension_level":1}}