{"host":"1a3cjta80tad0aqj","time":1610888769,"event":{"mods":["2.2 Compatiblity","AchievementEnabler","BaseMod","Colored Map","DeckTracker","KOR Keyword Fix","Keyboard Shortcuts","Minty Spire (QoL Compilation)","Permanent Neow","Quick Restart","Random Character Button","StSLib","SuperFastMode","everything is the same but u backflip on backflip"],"gold_per_floor":[117,192,192,212,229,229,263,263,263,297,297,297,322,345,345,469,469,494,34,55,55,80,80,105,105,128,148,63,79,99,99,99,99,99],"floor_reached":33,"language":"KOR","playtime":1290,"items_purged":["Injury","Strike_P"],"score":440,"play_id":"86a900d5-a583-487e-bb86-4db90ca56ca1","local_time":"20210117220609","is_ascension_mode":true,"campfire_choices":[{"floor":6.0,"key":"REST"},{"data":"BowlingBash","floor":8.0,"key":"SMITH"},{"data":"Scrawl","floor":12.0,"key":"SMITH"},{"data":"EmptyBody","floor":15.0,"key":"SMITH"},{"floor":23.0,"key":"REST"},{"data":"Adaptation","floor":25.0,"key":"SMITH"},{"floor":32.0,"key":"REST"}],"circlet_count":0,"master_deck":["AscendersBane","Strike_P","Strike_P+1","Defend_P","Defend_P+1","Eruption+1","Vigilance","FlurryOfBlows","CutThroughFate","BowlingBash+1","Scrawl+1","EmptyBody+1","Ragnarok","CurseOfTheBell","FearNoEvil","Adaptation+1","MentalFortress","MentalFortress","Tantrum","WreathOfFlame","LikeWater"],"relics":["PureWater","Kunai","Eternal Feather","Vajra","Golden Idol","Calling Bell","Art of War","Matryoshka","Ice Cream","Peace Pipe","Smiling Mask","Anchor"],"acts_visited":["TheCity"],"potions_floor_usage":[33,33],"damage_taken":[{"damage":6.0,"enemies":"2 Louse","floor":1.0,"turns":2.0},{"damage":0.0,"enemies":"Jaw Worm","floor":4.0,"turns":3.0},{"damage":0.0,"enemies":"Small Slimes","floor":5.0,"turns":2.0},{"damage":0.0,"enemies":"Gremlin Nob","floor":7.0,"turns":2.0},{"damage":8.0,"enemies":"3 Sentries","floor":10.0,"turns":3.0},{"damage":6.0,"enemies":"3 Louse","floor":13.0,"turns":2.0},{"damage":0.0,"enemies":"Looter","floor":14.0,"turns":3.0},{"damage":22.0,"enemies":"Hexaghost","floor":16.0,"turns":7.0},{"damage":22.0,"enemies":"Chosen","floor":18.0,"turns":6.0},{"damage":17.0,"enemies":"2 Thieves","floor":20.0,"turns":2.0},{"damage":12.0,"enemies":"Cultist and Chosen","floor":22.0,"turns":4.0},{"damage":0.0,"enemies":"Snecko","floor":24.0,"turns":2.0},{"damage":17.0,"enemies":"Centurion and Healer","floor":27.0,"turns":6.0},{"damage":9.0,"enemies":"Snake Plant","floor":29.0,"turns":4.0},{"damage":0.0,"enemies":"Sentry and Sphere","floor":30.0,"turns":3.0},{"damage":59,"enemies":"Collector","floor":33,"turns":6}],"seed_played":"1461995084223924573","potions_obtained":[{"floor":1.0,"key":"Fire Potion"},{"floor":10.0,"key":"Fire Potion"},{"floor":13.0,"key":"AttackPotion"},{"floor":16.0,"key":"SpeedPotion"},{"floor":18.0,"key":"Block Potion"},{"floor":24.0,"key":"Swift Potion"},{"floor":29.0,"key":"EssenceOfSteel"}],"is_trial":false,"path_per_floor":["M","?","?","M","M","R","E","R","T","E","?","R","M","M","R","B",null,"M","$","M","?","M","R","M","R","T","M","$","M","M","?","R","B"],"character_chosen":"WATCHER","items_purchased":["Adaptation","Peace Pipe","Tantrum"],"campfire_rested":3,"item_purchase_floors":[19,19,28],"current_hp_per_floor":[59,48,34,34,34,55,55,55,55,47,47,56,50,50,59,37,63,41,41,24,24,12,45,45,57,57,40,40,31,31,31,64,5,5],"gold":99,"neow_bonus":"UPGRADE_CARD","is_daily":false,"chose_seed":false,"campfire_upgraded":4,"win_rate":0.0,"timestamp":1610888769,"path_taken":["M","?","?","M","M","R","E","R","T","E","?","R","M","M","R","BOSS","M","$","M","?","M","R","M","R","T","M","$","M","M","?","R","BOSS"],"items_purchased_type":["Card","Relic","Card"],"build_version":"2020-12-22","purchased_purges":2,"victory":false,"max_hp_per_floor":[72,72,72,72,72,72,72,72,72,72,72,72,72,72,72,72,72,72,72,72,72,72,72,72,72,72,72,72,72,72,72,72,72,72],"card_choices":[{"not_picked":["FollowUp","Crescendo"],"picked":"FlurryOfBlows","floor":1.0},{"not_picked":["Weave","Evaluate","Collect"],"picked":"SKIP","floor":4.0},{"not_picked":["ThirdEye","Fasting2"],"picked":"CutThroughFate","floor":5.0},{"not_picked":["Sanctity","SandsOfTime"],"picked":"BowlingBash","floor":7.0},{"not_picked":["CrushJoints","Wallop"],"picked":"Scrawl","floor":10.0},{"not_picked":["Consecrate","EmptyFist"],"picked":"EmptyBody","floor":13.0},{"not_picked":["JustLucky","CutThroughFate","Protect"],"picked":"SKIP","floor":14.0},{"not_picked":["Wish","DevaForm"],"picked":"Ragnarok","floor":16.0},{"not_picked":["Evaluate+1","Indignation+1"],"picked":"FearNoEvil","floor":18.0},{"not_picked":["Swivel","CutThroughFate"],"picked":"MentalFortress","floor":20.0},{"not_picked":["WindmillStrike+1","Vengeance","BattleHymn+1"],"picked":"SKIP","floor":22.0},{"not_picked":["Vengeance","SignatureMove","Prostrate"],"picked":"SKIP","floor":24.0},{"not_picked":["DeceiveReality","Indignation+1"],"picked":"MentalFortress","floor":27.0},{"not_picked":["ForeignInfluence","PathToVictory","FollowUp"],"picked":"SKIP","floor":29.0},{"not_picked":["ClearTheMind","WreathOfFlame+1","PathToVictory+1"],"picked":"SKIP","floor":30.0}],"player_experience":709657,"relics_obtained":[{"floor":7.0,"key":"Kunai"},{"floor":9.0,"key":"Eternal Feather"},{"floor":10.0,"key":"Vajra"},{"floor":17.0,"key":"Art of War"},{"floor":17.0,"key":"Matryoshka"},{"floor":17.0,"key":"Ice Cream"},{"floor":26.0,"key":"Smiling Mask"},{"floor":26.0,"key":"Anchor"}],"event_choices":[{"damage_healed":0.0,"max_hp_gain":0.0,"max_hp_loss":0.0,"gold_gain":75.0,"event_name":"World of Goop","player_choice":"Gather Gold","floor":2.0,"gold_loss":0.0,"damage_taken":11.0},{"damage_healed":0.0,"max_hp_gain":0.0,"max_hp_loss":0.0,"gold_gain":0.0,"event_name":"Shining Light","player_choice":"Entered Light","floor":3.0,"gold_loss":0.0,"damage_taken":14.0,"cards_upgraded":["Strike_P","Defend_P"]},{"damage_healed":0.0,"max_hp_gain":0.0,"max_hp_loss":0.0,"gold_gain":0.0,"event_name":"Golden Idol","player_choice":"Take Wound","floor":11.0,"gold_loss":0.0,"damage_taken":0.0,"relics_obtained":["Golden Idol"],"cards_obtained":["Injury"]},{"cards_removed":["Defend_P"],"damage_healed":0.0,"max_hp_gain":0.0,"max_hp_loss":0.0,"gold_gain":0.0,"event_name":"Back to Basics","player_choice":"Elegance","floor":21.0,"gold_loss":0.0,"damage_taken":0.0},{"damage_healed":0.0,"max_hp_gain":0.0,"max_hp_loss":0.0,"gold_gain":0.0,"cards_transformed":["Strike_P","Defend_P"],"event_name":"Drug Dealer","player_choice":"Became Test Subject","floor":31.0,"gold_loss":0.0,"damage_taken":0.0,"cards_obtained":["WreathOfFlame","LikeWater"]}],"is_beta":false,"boss_relics":[{"not_picked":["Fusion Hammer","SlaversCollar"],"picked":"Calling Bell"}],"items_purged_floors":[19,28],"is_endless":false,"potions_floor_spawned":[1,10,13,16,18,24,29,30],"killed_by":"Collector","ascension_level":11}}