{"host":"1fn5ivlym87f4xjq","time":1610891776,"event":{"mods":["BaseMod","BetterRewards","Colored Powertips","Conspire","Downfall","Minty Spire (QoL Compilation)","Shop Mod","Spicy Shops","StSLib","The Alterego","The Animator","The Exalted","The Forsaken","The Hierophant"],"gold_per_floor":[113,213,232,232,232,232,262,277,277,311,0,0,19,30,30,135,135,149,183,193,207,146,146,179,198,248,248,279,109,109,134,134,234,234,244,34,53,53,68,98,98,133,133,146,171,221,238,251,251,251,251,251,7,38,38,38],"floor_reached":55,"language":"ENG","playtime":6503,"items_purged":["Regret","Defend_R"],"score":980,"play_id":"3e070962-9c90-448d-9c6f-42acd7a3df55","local_time":"20210117145616","is_ascension_mode":false,"campfire_choices":[{"data":"Armaments","floor":6,"key":"SMITH"},{"data":"Limit Break","floor":15,"key":"SMITH"},{"floor":23,"key":"RECALL"},{"data":"Perfected Strike","floor":27,"key":"SMITH"},{"data":"Apotheosis","floor":30,"key":"SMITH"},{"data":"Rupture","floor":32,"key":"SMITH"},{"data":"Armaments","floor":41,"key":"SMITH"},{"data":"Pommel Strike","floor":49,"key":"SMITH"},{"data":"Flex","floor":52,"key":"SMITH"}],"circlet_count":0,"master_deck":["Strike_R","Strike_R","Strike_R","Strike_R","Strike_R","Defend_R","Defend_R","Defend_R","Bash","Armaments+1","animator:Curse_Nutcracker","Shame","downfall:Bewildered","Parasite","Limit Break+1","Perfected Strike+1","Twin Strike","Whirlwind","Thunderclap","Headbutt","Dropkick","Reaper","Sever Soul+1","Cleave","Rupture+1","Second Wind","Clumsy","Pommel Strike+1","Armaments+1","Apotheosis+1","Demon Form","Headbutt","Perfected Strike+1","Dual Wield+1","Perfected Strike","Fiend Fire","Flex+1","Perfected Strike+1","Clash+1"],"relics":["Black Blood","NeowsBlessing","Du-Vu Doll","Thread and Needle","Bromod:ArcaneTempo","Bromod:ArcaneConsequence","conspire:InfiniteJournal","Darkstone Periapt","Dream Catcher","Chemical X","Pen Nib","Omamori","Eternal Feather","PreservedInsect","Bromod:ArcaneEnergize","Bag of Marbles","Medical Kit","Potion Belt","Juzu Bracelet","Bromod:ArcaneGuardian","theForsaken:Gavel","Bromod:ArcaneUltimatum","Strange Spoon","conspire:DeflatedDodgeball"],"acts_visited":["Exordium","TheCity","TheBeyond","TheEnding"],"potions_floor_usage":[10,16,20,24,25,28,28,28,28,33,40,44,46,47],"damage_taken":[{"damage":0,"enemies":"2 Louse","floor":1,"turns":1},{"damage":0,"enemies":"Small Slimes","floor":3,"turns":1},{"damage":0,"enemies":"Gremlin Nob","floor":7,"turns":1},{"damage":0,"enemies":"Cultist","floor":8,"turns":1},{"damage":31,"enemies":"Lagavulin","floor":10,"turns":4},{"damage":0,"enemies":"Large Slime","floor":13,"turns":3},{"damage":0,"enemies":"3 Louse","floor":14,"turns":1},{"damage":6,"enemies":"The Guardian","floor":16,"turns":6},{"damage":0,"enemies":"conspire:FuzzyDice","floor":18,"turns":5},{"damage":52,"enemies":"conspire:MimicChest","floor":19,"turns":6},{"damage":1,"enemies":"Chosen","floor":20,"turns":3},{"damage":1,"enemies":"Sentry and Sphere","floor":21,"turns":3},{"damage":0,"enemies":"Slavers","floor":24,"turns":1},{"damage":18,"enemies":"Shelled Parasite and Fungi","floor":25,"turns":4},{"damage":40,"enemies":"Book of Stabbing","floor":28,"turns":4},{"damage":22,"enemies":"Automaton","floor":33,"turns":8},{"damage":6,"enemies":"Orb Walker","floor":35,"turns":2},{"damage":9,"enemies":"3 Shapes","floor":37,"turns":5},{"damage":9,"enemies":"Sphere and 2 Shapes","floor":39,"turns":5},{"damage":56,"enemies":"Nemesis","floor":40,"turns":5},{"damage":14,"enemies":"Giant Head","floor":42,"turns":5},{"damage":6,"enemies":"4 Shapes","floor":44,"turns":1},{"damage":19,"enemies":"Reptomancer","floor":45,"turns":4},{"damage":38,"enemies":"Mind Bloom Boss Battle","floor":46,"turns":3},{"damage":5,"enemies":"Writhing Mass","floor":47,"turns":3},{"damage":0,"enemies":"Transient","floor":48,"turns":5},{"damage":147,"enemies":"Donu and Deca","floor":50,"turns":9},{"damage":85,"enemies":"Shield and Spear","floor":54,"turns":6},{"damage":92,"enemies":"The Heart","floor":55,"turns":5}],"seed_played":"3112521702026212734","potions_obtained":[{"floor":7,"key":"conspire:TimeTravelPotion"},{"floor":10,"key":"SteroidPotion"},{"floor":14,"key":"Explosive Potion"},{"floor":19,"key":"Swift Potion"},{"floor":21,"key":"Energy Potion"},{"floor":24,"key":"DistilledChaos"},{"floor":25,"key":"EntropicBrew"},{"floor":28,"key":"ColorlessPotion"},{"floor":35,"key":"Regen Potion"},{"floor":39,"key":"FearPotion"},{"floor":42,"key":"Explosive Potion"},{"floor":45,"key":"FearPotion"}],"is_trial":false,"path_per_floor":["M","?","M","?","T","R","E","M","T","E","$","?","M","M","R","B",null,"M","?","M","M","$","R","E","M","T","R","E","$","R","T","R","B",null,"M","$","M","$","M","E","R","E","T","M","E","?","M","M","R","B",null,"R","$","E","B"],"character_chosen":"IRONCLAD","items_purchased":["conspire:InfiniteJournal","Chemical X","Apotheosis","Bag of Marbles","Medical Kit","Strange Spoon"],"campfire_rested":0,"item_purchase_floors":[11,22,29,36,36,53],"current_hp_per_floor":[80,85,85,85,85,85,85,85,85,75,75,75,81,85,85,85,85,85,45,56,67,73,73,85,85,85,85,69,69,87,87,91,81,91,91,91,91,91,91,56,77,75,75,81,74,48,55,67,88,28,91,91,91,18,0,0],"gold":38,"neow_bonus":"THREE_ENEMY_KILL","is_daily":false,"chose_seed":false,"campfire_upgraded":8,"win_rate":0.0,"timestamp":1610891776,"path_taken":["M","?","M","?","?","R","E","M","T","E","$","?","M","?","R","BOSS","M","?","M","M","?","R","E","?","T","R","E","$","R","?","R","BOSS","M","$","?","?","?","E","R","E","T","M","E","?","M","M","R","BOSS","R","$","E","BOSS"],"items_purchased_type":["Relic","Relic","Card","Relic","Relic","Relic"],"build_version":"2020-12-22","purchased_purges":2,"victory":false,"max_hp_per_floor":[80,85,85,85,85,85,85,85,85,85,85,85,85,85,85,85,85,85,85,85,85,91,91,91,91,91,91,91,91,91,91,91,91,91,91,91,91,91,91,91,91,91,91,91,91,91,91,91,91,91,91,91,91,91,91,91],"card_choices":[{"not_picked":["Iron Wave","Clash"],"picked":"Armaments","floor":1},{"not_picked":["Battle Trance","Flex"],"picked":"Perfected Strike","floor":3},{"not_picked":["Dark Embrace","Clash"],"picked":"Twin Strike","floor":7},{"not_picked":["Headbutt","Sever Soul"],"picked":"Whirlwind","floor":8},{"not_picked":["True Grit","Armaments"],"picked":"Thunderclap","floor":10},{"not_picked":["Carnage","Twin Strike"],"picked":"Headbutt","floor":13},{"not_picked":["Searing Blow","Double Tap"],"picked":"Dropkick","floor":14},{"not_picked":["conspire:Purge","Barricade"],"picked":"Reaper","floor":16},{"not_picked":["Iron Wave+1","Shrug It Off"],"picked":"Sever Soul+1","floor":18},{"not_picked":["Inflame","True Grit"],"picked":"Cleave","floor":19},{"not_picked":["Searing Blow","True Grit"],"picked":"Rupture","floor":20},{"not_picked":["Body Slam","Reckless Charge+1"],"picked":"Second Wind","floor":21},{"not_picked":["Double Tap","Shrug It Off+1","Clash"],"picked":"SKIP","floor":24},{"not_picked":["True Grit","Flex"],"picked":"Pommel Strike","floor":25},{"not_picked":["Pummel+1","Clash"],"picked":"Armaments","floor":28},{"not_picked":["Brutality","Barricade"],"picked":"Demon Form","floor":33},{"not_picked":["Iron Wave","Feel No Pain"],"picked":"Headbutt","floor":35},{"not_picked":["Whirlwind+1","Body Slam+1"],"picked":"Perfected Strike+1","floor":37},{"not_picked":["Iron Wave","Warcry+1"],"picked":"Dual Wield+1","floor":39},{"not_picked":["Pommel Strike+1","Rampage+1"],"picked":"Perfected Strike","floor":40},{"not_picked":["Flex","Iron Wave+1"],"picked":"Fiend Fire","floor":42},{"not_picked":["Twin Strike+1","Battle Trance","Anger"],"picked":"SKIP","floor":44},{"not_picked":["Clothesline+1","Carnage+1"],"picked":"Flex","floor":45},{"not_picked":["Armaments","Body Slam","conspire:Charge+1"],"picked":"SKIP","floor":47},{"not_picked":["Cleave","Inflame+1"],"picked":"Perfected Strike+1","floor":48},{"not_picked":["Twin Strike","True Grit"],"picked":"Clash+1","floor":54}],"player_experience":145599,"relics_obtained":[{"floor":7,"key":"Thread and Needle"},{"floor":9,"key":"Bromod:ArcaneTempo"},{"floor":10,"key":"Bromod:ArcaneConsequence"},{"floor":19,"key":"Dream Catcher"},{"floor":24,"key":"Pen Nib"},{"floor":26,"key":"Omamori"},{"floor":28,"key":"Eternal Feather"},{"floor":31,"key":"PreservedInsect"},{"floor":40,"key":"Potion Belt"},{"floor":42,"key":"Juzu Bracelet"},{"floor":43,"key":"Bromod:ArcaneGuardian"},{"floor":45,"key":"theForsaken:Gavel"},{"floor":46,"key":"Bromod:ArcaneUltimatum"},{"floor":54,"key":"conspire:DeflatedDodgeball"}],"event_choices":[{"damage_healed":0,"gold_gain":0,"player_choice":"Gave Potion","damage_taken":0,"relics_obtained":["Darkstone Periapt"],"max_hp_gain":0,"max_hp_loss":0,"event_name":"WeMeetAgain","floor":12,"gold_loss":0},{"damage_healed":0,"gold_gain":0,"player_choice":"Fight","damage_taken":0,"max_hp_gain":0,"max_hp_loss":0,"event_name":"MindBloom","floor":46,"gold_loss":0}],"is_beta":false,"boss_relics":[{"not_picked":["SacredBark","Ectoplasm"],"picked":"Black Blood"},{"not_picked":["conspire:RunicOctahedron","Astrolabe"],"picked":"Bromod:ArcaneEnergize"}],"items_purged_floors":[11,53],"is_endless":false,"potions_floor_spawned":[7,10,14,19,21,24,25,28,35,39,42,45],"killed_by":"The Heart","ascension_level":0}}