{"host":"9tdk3zzhmpo6o3dg","time":1610899809,"event":{"mods":["AchievementEnabler","BaseMod","Downfall","Hermit","Hunter 猎人","Koishi","Marisa（F雨　魔理沙）","Minty Spire (QoL Compilation)","SOS（斯巴达之子）","Shop Mod","StSLib","The Alterego","The Animator","The Cursed","The Hierophant","The Marked","The Servant 0.9.4","WarShipGirlsR/战舰少女R mod","Yuri Mod"],"gold_per_floor":[110,125,143,30,50,50,61,61,61,61,87,87,122,134,134,233,233,244,263,273,292,292,326,342,359,384,384,51,78,78,95,95,190,190,201,201,75,89,89,89,115,115,142,155,165,165,126,176,176,176,176],"floor_reached":50,"language":"ZHS","playtime":2849,"items_purged":["Strike_G","Strike_G"],"score":601,"play_id":"8c3950d3-4f8e-436d-a772-e8d9c35d3dc6","local_time":"20210118001009","is_ascension_mode":true,"campfire_choices":[{"data":"All Out Attack","floor":6.0,"key":"SMITH"},{"data":"Prepared","floor":10.0,"key":"SMITH"},{"data":"A Thousand Cuts","floor":12.0,"key":"SMITH"},{"data":"Prepared","floor":15.0,"key":"SMITH"},{"floor":27.0,"key":"REST"},{"floor":32.0,"key":"REST"},{"data":"Madness","floor":40.0,"key":"SMITH"},{"data":"Phantasmal Killer","floor":42.0,"key":"SMITH"},{"floor":49.0,"key":"REST"}],"circlet_count":0,"master_deck":["Strike_G+1","Strike_G","Defend_G","Defend_G+1","Defend_G","Defend_G","Survivor","Neutralize","Backflip","Caltrops","Masterful Stab+1","Cloak And Dagger","Dagger Throw","All Out Attack+1","Eviscerate","Prepared+1","A Thousand Cuts+1","Underhanded Strike","Prepared+1","Night Terror","Backflip+1","Cloak And Dagger","Acrobatics","Deflect","Prepared","Reflex","Unload","Expertise","Dagger Spray+1","Phantasmal Killer+1","Underhanded Strike+1","Madness+1","Madness+1","Underhanded Strike","Parasite"],"relics":["Ring of the Snake","NlothsMask","StoneCalendar","Mummified Hand","Black Star","Ancient Tea Set","Oddly Smooth Stone","Tiny Chest","MerchantsRug","Paper Crane","Bronze Scales","Busted Crown","Whetstone","Shuriken","War Paint","Boot","Turnip"],"acts_visited":["Exordium","TheCity","TheBeyond"],"potions_floor_usage":[50],"damage_taken":[{"damage":0.0,"enemies":"2 Louse","floor":1.0,"turns":3.0},{"damage":1.0,"enemies":"Cultist","floor":2.0,"turns":4.0},{"damage":0.0,"enemies":"Small Slimes","floor":3.0,"turns":3.0},{"damage":0.0,"enemies":"3 Louse","floor":5.0,"turns":3.0},{"damage":0.0,"enemies":"Exordium Thugs","floor":7.0,"turns":4.0},{"damage":7.0,"enemies":"Lagavulin","floor":11.0,"turns":4.0},{"damage":12.0,"enemies":"3 Sentries","floor":13.0,"turns":3.0},{"damage":1.0,"enemies":"2 Fungi Beasts","floor":14.0,"turns":2.0},{"damage":30.0,"enemies":"Slime Boss","floor":16.0,"turns":6.0},{"damage":7.0,"enemies":"Shell Parasite","floor":18.0,"turns":3.0},{"damage":0.0,"enemies":"Chosen","floor":19.0,"turns":3.0},{"damage":15.0,"enemies":"Snecko","floor":20.0,"turns":3.0},{"damage":0.0,"enemies":"Snake Plant","floor":21.0,"turns":2.0},{"damage":11.0,"enemies":"Slavers","floor":23.0,"turns":3.0},{"damage":3.0,"enemies":"3 Cultists","floor":24.0,"turns":3.0},{"damage":23.0,"enemies":"Snecko","floor":25.0,"turns":4.0},{"damage":0.0,"enemies":"Gremlin Leader","floor":29.0,"turns":4.0},{"damage":12.0,"enemies":"Snake Plant","floor":31.0,"turns":3.0},{"damage":8.0,"enemies":"Collector","floor":33.0,"turns":5.0},{"damage":0.0,"enemies":"3 Shapes","floor":35.0,"turns":1.0},{"damage":2.0,"enemies":"Orb Walker","floor":38.0,"turns":3.0},{"damage":31.0,"enemies":"Reptomancer","floor":41.0,"turns":4.0},{"damage":0.0,"enemies":"3 Darklings","floor":44.0,"turns":4.0},{"damage":0.0,"enemies":"Writhing Mass","floor":45.0,"turns":4.0},{"damage":0.0,"enemies":"Mind Bloom Boss Battle","floor":48.0,"turns":4.0},{"damage":61,"enemies":"Time Eater","floor":50,"turns":7}],"seed_played":"1519818084248561832","potions_obtained":[{"floor":1.0,"key":"LiquidBronze"},{"floor":7.0,"key":"ColorlessPotion"},{"floor":11.0,"key":"FearPotion"},{"floor":16.0,"key":"bronze:BurnAndBuffPotion"},{"floor":21.0,"key":"Regen Potion"},{"floor":22.0,"key":"Explosive Potion"},{"floor":23.0,"key":"Explosive Potion"},{"floor":29.0,"key":"Fire Potion"},{"floor":31.0,"key":"Energy Potion"},{"floor":35.0,"key":"SpeedPotion"},{"floor":44.0,"key":"SmokeBomb"},{"floor":48.0,"key":"FearPotion"}],"is_trial":false,"path_per_floor":["M","M","M","$","M","R","M","?","T","R","E","R","E","M","R","B",null,"M","M","M","M","?","E","M","M","T","R","$","E","$","M","R","B",null,"M","?","$","M","?","R","E","R","T","M","M","T","$","?","R","B"],"character_chosen":"THE_SILENT","items_purchased":["All Out Attack","MerchantsRug","Unload","Whetstone","FairyPotion"],"campfire_rested":3,"item_purchase_floors":[4,28,28,37,47],"current_hp_per_floor":[63,62,62,62,62,62,62,62,62,62,55,55,43,42,42,12,63,56,56,41,41,41,30,27,13,13,31,31,31,31,19,37,29,63,63,63,63,61,53,53,22,22,22,22,22,22,22,22,40,0,0],"gold":176,"neow_bonus":"TRANSFORM_TWO_CARDS","is_daily":false,"chose_seed":false,"campfire_upgraded":6,"win_rate":0.0,"timestamp":1610899809,"path_taken":["M","M","M","$","M","R","M","?","T","R","E","R","E","M","R","BOSS","M","M","M","M","?","E","?","M","T","R","$","E","$","M","R","BOSS","M","?","$","M","?","R","E","R","T","?","M","?","?","?","R","BOSS"],"items_purchased_type":["Card","Relic","Card","Relic","Potion"],"build_version":"2020-12-22","purchased_purges":2,"victory":false,"max_hp_per_floor":[63,63,63,63,63,63,63,63,63,63,63,63,63,63,63,63,63,63,63,63,63,63,63,63,63,63,63,63,63,63,63,63,63,63,63,63,63,63,63,63,63,63,63,63,63,63,63,63,63,63,63],"card_choices":[{"not_picked":["Bane","Heel Hook"],"picked":"Masterful Stab","floor":1.0},{"not_picked":["Bane","Accuracy"],"picked":"Cloak And Dagger","floor":2.0},{"not_picked":["Footwork","Dodge and Roll"],"picked":"Dagger Throw","floor":3.0},{"not_picked":["Quick Slash","PiercingWail"],"picked":"Eviscerate","floor":5.0},{"not_picked":["Accuracy","Poisoned Stab"],"picked":"Prepared","floor":7.0},{"not_picked":["Footwork","Doppelganger"],"picked":"A Thousand Cuts","floor":11.0},{"not_picked":["Blur","PiercingWail"],"picked":"Underhanded Strike","floor":13.0},{"not_picked":["Dagger Spray","Deflect"],"picked":"Prepared","floor":14.0},{"not_picked":["Doppelganger","Malaise"],"picked":"Night Terror","floor":16.0},{"not_picked":["Dodge and Roll","Cloak And Dagger"],"picked":"Backflip+1","floor":18.0},{"not_picked":["Sucker Punch","Dagger Spray"],"picked":"Cloak And Dagger","floor":19.0},{"not_picked":["Finisher","Slice"],"picked":"Acrobatics","floor":20.0},{"not_picked":["Flying Knee","Dodge and Roll"],"picked":"Deflect","floor":21.0},{"not_picked":["Slice","PiercingWail"],"picked":"Prepared","floor":23.0},{"not_picked":["Bane","Outmaneuver","Sucker Punch"],"picked":"SKIP","floor":24.0},{"not_picked":["Outmaneuver+1","Skewer"],"picked":"Reflex","floor":25.0},{"not_picked":["Caltrops","Die Die Die"],"picked":"Expertise","floor":29.0},{"not_picked":["PiercingWail+1","Sucker Punch"],"picked":"Dagger Spray+1","floor":31.0},{"not_picked":["Glass Knife","Doppelganger"],"picked":"Phantasmal Killer","floor":33.0},{"not_picked":[],"picked":"Underhanded Strike+1","floor":35.0},{"not_picked":["PiercingWail"],"picked":"SKIP","floor":38.0},{"not_picked":["Quick Slash"],"picked":"SKIP","floor":41.0},{"not_picked":[],"picked":"Underhanded Strike","floor":44.0},{"not_picked":["Dagger Spray"],"picked":"SKIP","floor":45.0}],"player_experience":168138,"relics_obtained":[{"floor":11.0,"key":"StoneCalendar"},{"floor":13.0,"key":"Mummified Hand"},{"floor":23.0,"key":"Ancient Tea Set"},{"floor":23.0,"key":"Oddly Smooth Stone"},{"floor":26.0,"key":"Tiny Chest"},{"floor":29.0,"key":"Paper Crane"},{"floor":29.0,"key":"Bronze Scales"},{"floor":41.0,"key":"Shuriken"},{"floor":41.0,"key":"War Paint"},{"floor":43.0,"key":"Boot"},{"floor":46.0,"key":"Darkstone Periapt"},{"floor":48.0,"key":"Turnip"}],"event_choices":[{"damage_healed":0.0,"max_hp_gain":0.0,"max_hp_loss":0.0,"gold_gain":0.0,"event_name":"FaceTrader","player_choice":"Trade","floor":8.0,"gold_loss":0.0,"damage_taken":0.0,"relics_obtained":["NlothsMask"]},{"damage_healed":0.0,"max_hp_gain":0.0,"max_hp_loss":0.0,"gold_gain":0.0,"event_name":"Lab","player_choice":"Got Potions","floor":22.0,"gold_loss":0.0,"damage_taken":0.0},{"damage_healed":0.0,"max_hp_gain":0.0,"max_hp_loss":0.0,"gold_gain":0.0,"event_name":"Winding Halls","player_choice":"Embrace Madness","floor":39.0,"gold_loss":0.0,"damage_taken":8.0,"cards_obtained":["Madness","Madness"]},{"damage_healed":0.0,"max_hp_gain":0.0,"max_hp_loss":0.0,"gold_gain":0.0,"event_name":"MindBloom","player_choice":"Fight","floor":48.0,"gold_loss":0.0,"damage_taken":0.0}],"is_beta":false,"boss_relics":[{"not_picked":["Astrolabe","Cursed Key"],"picked":"Black Star"},{"not_picked":["Snecko Eye","Ring of the Serpent"],"picked":"Busted Crown"}],"items_purged_floors":[4,28],"is_endless":false,"potions_floor_spawned":[1,7,11,16,19,21,23,29,31,35,44,48],"killed_by":"Time Eater","ascension_level":1}}