{"host":"c2vrdknshfutmcsq","time":1610874531,"event":{"mods":["BaseMod","Minty Spire (QoL Compilation)"],"gold_per_floor":[116,132,282,282,357,390,405,439,439,364,380,51,51,70,70,146,146,164,179,179,199,209,209,209,209],"floor_reached":24,"language":"ENG","playtime":1400,"items_purged":[],"score":431,"play_id":"07baedde-fbf7-48be-8238-59ba01f9303a","local_time":"20210117100851","is_ascension_mode":true,"campfire_choices":[{"floor":13.0,"key":"REST"},{"data":"Zap","floor":15.0,"key":"SMITH"},{"floor":23,"key":"REST"}],"circlet_count":0,"master_deck":["AscendersBane","Strike_B","Strike_B","Strike_B+1","Strike_B+1","Defend_B","Defend_B","Defend_B","Defend_B","Zap+1","Dualcast+1","Reinforced Body","Ball Lightning","Barrage","Auto Shields","Auto Shields","Streamline","Machine Learning","Core Surge","Sweeping Beam","Defragment","Compile Driver+1"],"relics":["Cracked Core","NeowsBlessing","Nunchaku","HornCleat","DataDisk","Whetstone","Fusion Hammer","Nloth\u0027s Gift"],"acts_visited":["Exordium","TheCity"],"potions_floor_usage":[21,22,24],"damage_taken":[{"damage":0.0,"enemies":"Small Slimes","floor":1.0,"turns":1.0},{"damage":0.0,"enemies":"2 Louse","floor":2.0,"turns":1.0},{"damage":0.0,"enemies":"Lagavulin","floor":6.0,"turns":1.0},{"damage":7.0,"enemies":"Jaw Worm","floor":7.0,"turns":3.0},{"damage":13.0,"enemies":"Gremlin Nob","floor":8.0,"turns":3.0},{"damage":6.0,"enemies":"Lots of Slimes","floor":11.0,"turns":5.0},{"damage":0.0,"enemies":"3 Louse","floor":14.0,"turns":3.0},{"damage":8.0,"enemies":"Slime Boss","floor":16.0,"turns":8.0},{"damage":0.0,"enemies":"Chosen","floor":18.0,"turns":3.0},{"damage":0.0,"enemies":"Spheric Guardian","floor":19.0,"turns":4.0},{"damage":20,"enemies":"Cultist and Chosen","floor":21,"turns":5},{"damage":42,"enemies":"Centurion and Healer","floor":22,"turns":10},{"damage":20,"enemies":"Slavers","floor":24,"turns":2}],"seed_played":"-6987577083845548306","potions_obtained":[{"floor":6.0,"key":"Strength Potion"},{"floor":7.0,"key":"SneckoOil"},{"floor":8.0,"key":"Ancient Potion"},{"floor":16.0,"key":"Swift Potion"},{"floor":21,"key":"Swift Potion"},{"floor":22,"key":"EssenceOfDarkness"}],"is_trial":false,"path_per_floor":["M","M","?","?","?","E","M","E","T","?","M","$","R","M","R","B",null,"M","M","?","M","M","R","E"],"character_chosen":"DEFECT","items_purchased":["DataDisk","Whetstone"],"campfire_rested":2,"item_purchase_floors":[12,12],"current_hp_per_floor":[64,64,64,64,53,53,46,33,33,33,27,27,48,48,48,40,63,63,63,63,43,1,22,2,2],"gold":209,"neow_bonus":"THREE_ENEMY_KILL","is_daily":false,"chose_seed":false,"campfire_upgraded":1,"win_rate":0.0,"timestamp":1610874531,"path_taken":["M","M","?","?","?","E","M","E","T","?","M","?","R","M","R","BOSS","M","M","?","?","M","R","E"],"items_purchased_type":["Relic","Relic"],"build_version":"2020-12-22","purchased_purges":0,"victory":false,"max_hp_per_floor":[71,71,71,71,71,71,71,71,71,71,71,71,71,71,71,71,71,71,71,71,71,71,71,71,71],"card_choices":[{"not_picked":["Barrage","Sweeping Beam"],"picked":"Reinforced Body","floor":1.0},{"not_picked":["Rebound","Steam"],"picked":"Ball Lightning","floor":2.0},{"not_picked":["Redo","Hologram"],"picked":"Barrage","floor":6.0},{"not_picked":["Streamline","Barrage"],"picked":"Auto Shields","floor":7.0},{"not_picked":["Conserve Battery","Hologram"],"picked":"Auto Shields","floor":8.0},{"not_picked":["Barrage","Force Field"],"picked":"Streamline","floor":11.0},{"not_picked":["Gash","Storm"],"picked":"Machine Learning","floor":14.0},{"not_picked":["Echo Form","Biased Cognition"],"picked":"Core Surge","floor":16.0},{"not_picked":["Coolheaded+1","Cold Snap","Steam Power"],"picked":"SKIP","floor":18.0},{"not_picked":["Self Repair","Chill"],"picked":"Sweeping Beam","floor":19.0},{"not_picked":["Compile Driver","Ball Lightning"],"picked":"Defragment","floor":21},{"not_picked":["Cold Snap","Hologram+1"],"picked":"Compile Driver+1","floor":22}],"player_experience":1276645,"relics_obtained":[{"floor":6.0,"key":"Nunchaku"},{"floor":8.0,"key":"Calipers"},{"floor":9.0,"key":"HornCleat"}],"event_choices":[{"damage_healed":0.0,"max_hp_gain":0.0,"max_hp_loss":0.0,"gold_gain":150.0,"event_name":"Liars Game","player_choice":"AGREE","floor":3.0,"gold_loss":0.0,"damage_taken":0.0,"cards_obtained":["Doubt"]},{"damage_healed":0.0,"max_hp_gain":0.0,"max_hp_loss":0.0,"gold_gain":0.0,"event_name":"Living Wall","player_choice":"Grow","floor":4.0,"gold_loss":0.0,"damage_taken":0.0,"cards_upgraded":["Dualcast"]},{"damage_healed":0.0,"max_hp_gain":0.0,"max_hp_loss":0.0,"gold_gain":75.0,"event_name":"World of Goop","player_choice":"Gather Gold","floor":5.0,"gold_loss":0.0,"damage_taken":11.0},{"cards_removed":["Doubt"],"damage_healed":0.0,"max_hp_gain":0.0,"max_hp_loss":0.0,"gold_gain":0.0,"event_name":"The Cleric","player_choice":"Card Removal","floor":10.0,"gold_loss":75.0,"damage_taken":0.0},{"damage_healed":0.0,"max_hp_gain":0.0,"max_hp_loss":0.0,"gold_gain":0.0,"event_name":"N\u0027loth","player_choice":"Traded Relic","floor":20.0,"relics_lost":["Calipers"],"gold_loss":0.0,"damage_taken":0.0,"relics_obtained":["Nloth\u0027s Gift"]}],"is_beta":false,"boss_relics":[{"not_picked":["Pandora\u0027s Box","Calling Bell"],"picked":"Fusion Hammer"}],"items_purged_floors":[],"is_endless":false,"potions_floor_spawned":[6,7,8,16,21,22],"killed_by":"Slavers","ascension_level":17}}