{"host":"g01l53quoe6lrer0","time":1610895760,"event":{"mods":["2.2 Compatiblity","AchievementEnabler","BaseMod","Colored Map","Highlight Path","Keyboard Shortcuts","Minty Spire (QoL Compilation)","Permanent Neow","StSLib","SuperFastMode","everything is the same but u backflip on backflip"],"gold_per_floor":[110,127,137,155,166,166,166,166,166,166,185,211,211,237,237,312,312,332,346,261,261,6,6,6],"floor_reached":23,"language":"KOR","playtime":446,"items_purged":["Strike_B"],"score":372,"play_id":"ac70d092-bf96-4352-bf16-27ba1029837b","local_time":"20210118000240","is_ascension_mode":true,"campfire_choices":[{"data":"Zap","floor":6.0,"key":"SMITH"},{"data":"Sunder","floor":8.0,"key":"SMITH"},{"data":"Streamline","floor":10.0,"key":"SMITH"},{"data":"Hologram","floor":15.0,"key":"SMITH"}],"circlet_count":0,"master_deck":["AscendersBane","Strike_B","Defend_B","Defend_B","Defend_B","Zap+1","Dualcast","Streamline+1","Turbo","Sunder+1","Gash","Double Energy","Doom and Gloom","Hologram+1","Buffer","Electrodynamics+1","Glacier+1","All For One+1","Capacitor","Reinforced Body+1"],"relics":["Cracked Core","NeowsBlessing","Mercury Hourglass","The Courier","Blood Vial","Astrolabe","Toxic Egg 2","ClockworkSouvenir"],"acts_visited":["Exordium","TheCity"],"potions_floor_usage":[],"damage_taken":[{"damage":0.0,"enemies":"Small Slimes","floor":1.0,"turns":1.0},{"damage":0.0,"enemies":"2 Louse","floor":2.0,"turns":1.0},{"damage":0.0,"enemies":"Jaw Worm","floor":3.0,"turns":1.0},{"damage":12.0,"enemies":"Large Slime","floor":4.0,"turns":6.0},{"damage":9.0,"enemies":"3 Louse","floor":5.0,"turns":2.0},{"damage":4.0,"enemies":"2 Fungi Beasts","floor":11.0,"turns":2.0},{"damage":5.0,"enemies":"3 Sentries","floor":12.0,"turns":3.0},{"damage":35.0,"enemies":"Slime Boss","floor":16.0,"turns":8.0},{"damage":8.0,"enemies":"Chosen","floor":18.0,"turns":4.0},{"damage":8.0,"enemies":"Spheric Guardian","floor":19.0,"turns":4.0},{"damage":52,"enemies":"Book of Stabbing","floor":23,"turns":4}],"seed_played":"6624061572281574287","potions_obtained":[{"floor":2.0,"key":"Strength Potion"},{"floor":11.0,"key":"FocusPotion"},{"floor":12.0,"key":"Dexterity Potion"},{"floor":16.0,"key":"SmokeBomb"},{"floor":19.0,"key":"Dexterity Potion"}],"is_trial":false,"path_per_floor":["M","M","M","M","M","R","?","R","T","R","M","E","?","T","R","B",null,"M","M","?","?","$","E"],"character_chosen":"DEFECT","items_purchased":["ClockworkSouvenir","Reinforced Body+1"],"campfire_rested":0,"item_purchase_floors":[22,22],"current_hp_per_floor":[64,64,64,52,43,43,66,66,66,66,62,57,57,57,57,24,59,53,47,47,47,47,0,0],"gold":6,"neow_bonus":"THREE_ENEMY_KILL","is_daily":false,"chose_seed":false,"campfire_upgraded":4,"win_rate":0.0,"timestamp":1610895760,"path_taken":["M","M","M","M","M","R","?","R","T","R","M","E","?","?","R","BOSS","M","M","?","?","$","E"],"items_purchased_type":["Relic","Card"],"build_version":"2020-12-22","purchased_purges":1,"victory":false,"max_hp_per_floor":[71,71,71,71,71,71,71,71,71,71,71,71,71,71,71,71,71,71,71,71,71,71,71,71],"card_choices":[{"not_picked":["Doom and Gloom","Go for the Eyes"],"picked":"Streamline","floor":1.0},{"not_picked":["Streamline","Hello World"],"picked":"Turbo","floor":2.0},{"not_picked":["Barrage","Static Discharge"],"picked":"Sunder","floor":3.0},{"not_picked":["Recycle","Stack"],"picked":"Gash","floor":4.0},{"not_picked":["Coolheaded","Storm"],"picked":"Double Energy","floor":5.0},{"not_picked":["Conserve Battery","Redo"],"picked":"Doom and Gloom","floor":11.0},{"not_picked":["Streamline","Auto Shields"],"picked":"Hologram","floor":12.0},{"not_picked":["Multi-Cast","Biased Cognition"],"picked":"Buffer","floor":16.0},{"not_picked":["Lockon","Gash","Barrage+1"],"picked":"SKIP","floor":18.0},{"not_picked":["Chill","Rip and Tear"],"picked":"Capacitor","floor":19.0}],"player_experience":216362,"relics_obtained":[{"floor":9.0,"key":"Mercury Hourglass"},{"floor":12.0,"key":"The Courier"},{"floor":14.0,"key":"Blood Vial"}],"event_choices":[{"damage_healed":23.0,"max_hp_gain":0.0,"max_hp_loss":0.0,"gold_gain":0.0,"event_name":"Big Fish","player_choice":"Banana","floor":7.0,"gold_loss":0.0,"damage_taken":0.0},{"damage_healed":0.0,"max_hp_gain":0.0,"max_hp_loss":0.0,"gold_gain":0.0,"event_name":"Liars Game","player_choice":"Ignored","floor":13.0,"gold_loss":0.0,"damage_taken":0.0},{"damage_healed":0.0,"max_hp_gain":0.0,"max_hp_loss":0.0,"gold_gain":0.0,"event_name":"Addict","player_choice":"Obtained Relic","floor":20.0,"gold_loss":85.0,"damage_taken":0.0,"relics_obtained":["Toxic Egg 2"]},{"damage_healed":0.0,"max_hp_gain":0.0,"max_hp_loss":0.0,"gold_gain":0.0,"event_name":"Cursed Tome","player_choice":"Ignored","floor":21.0,"gold_loss":0.0,"damage_taken":0.0}],"is_beta":false,"boss_relics":[{"not_picked":["Coffee Dripper","Ectoplasm"],"picked":"Astrolabe"}],"items_purged_floors":[22],"is_endless":false,"potions_floor_spawned":[2,11,12,16,18,19],"killed_by":"Book of Stabbing","ascension_level":19}}