{"host":"kdt6w7ix8lwe69i9","time":1610879494,"event":{"mods":["100% Spire Juice","Bartender","BaseMod","ChefMod","Downfall","Fiend Mod","Jorbs\u0027s Wanderer Trilogy","Minty Spire (QoL Compilation)","Reimu（博丽灵梦）","Robot Space Explorer","Shade Mod","StSLib","The Caster","The Cursed","The Disciple","The Dragon Tamer","The Druid","The Fake Hero","The Forsaken","The Gatherer","The Marked","TheBandit","TheSwordswoman"],"gold_per_floor":[512,526,543,543,543,563,579,579,633,647,170,186,37,37,37],"floor_reached":14,"language":"ENG","playtime":925,"items_purged":["Pain"],"score":84,"play_id":"14091046-7b2c-4518-9e9c-d6ce0791078f","local_time":"20210117053134","is_ascension_mode":false,"campfire_choices":[{"floor":8,"key":"RECALL"}],"circlet_count":0,"master_deck":["luka_mod:StrikeLukaOne","luka_mod:StrikeLukaTwo","luka_mod:StrikeLukaThree","luka_mod:StrikeLukaFour","luka_mod:StrikeLukaFive","luka_mod:StrikeLukaSix","luka_mod:Salt","luka_mod:Guard","luka_mod:Wait","luka_mod:Edging","luka_mod:FlailWildly","luka_mod:Meditation","luka_mod:Surrender","Injury","luka_mod:SpoilerForm","luka_mod:Sylph","luka_mod:VaporizingRebellionSword","luka_mod:StrikeLuka","Injury","luka_mod:Sara","luka_mod:SmallBody","luka_mod:StressRelief","luka_mod:Gnome","luka_mod:GuardedStrike","luka_mod:PeacePreach","luka_mod:Undine","luka_mod:Determination","luka_mod:EarthSlash","luka_mod:CriticalHit"],"relics":["luka_mod:KeepsakeRing","Golden Idol","WarpedTongs","Potion Belt","Strange Spoon","Orrery"],"acts_visited":["Exordium"],"potions_floor_usage":[3,12,14,14],"damage_taken":[{"damage":4,"enemies":"Cultist","floor":1,"turns":4},{"damage":15,"enemies":"Jaw Worm","floor":2,"turns":4},{"damage":3,"enemies":"2 Louse","floor":3,"turns":4},{"damage":19,"enemies":"Lots of Slimes","floor":6,"turns":5},{"damage":3,"enemies":"Large Slime","floor":7,"turns":5},{"damage":51,"enemies":"Exordium Thugs","floor":10,"turns":5},{"damage":9,"enemies":"Blue Slaver","floor":12,"turns":2},{"damage":5,"enemies":"3 Sentries","floor":14,"turns":2}],"seed_played":"1818999671720080742","potions_obtained":[{"floor":1,"key":"SkillPotion"},{"floor":7,"key":"Dexterity Potion"},{"floor":12,"key":"SpeedPotion"}],"is_trial":false,"path_per_floor":["M","M","M","?","?","M","M","R","T","M","$","M","$","E"],"character_chosen":"LUKA_CLASS","items_purchased":["Strange Spoon","Fruit Juice","DistilledChaos","luka_mod:Gnome","Orrery"],"campfire_rested":0,"item_purchase_floors":[11,11,11,11,13],"current_hp_per_floor":[36,21,18,18,18,19,36,36,36,5,5,1,1,0,0],"gold":37,"neow_bonus":"THREE_RARE_CARDS","is_daily":false,"chose_seed":false,"campfire_upgraded":0,"win_rate":0.0,"timestamp":1610879494,"path_taken":["M","M","?","?","?","?","M","R","T","M","$","M","$","E"],"items_purchased_type":["Relic","Potion","Potion","Card","Relic"],"build_version":"2020-12-22","purchased_purges":1,"victory":false,"max_hp_per_floor":[40,40,40,40,40,40,40,40,40,40,40,45,45,45,45],"card_choices":[{"not_picked":["luka_mod:Granberia","luka_mod:Daystar"],"picked":"luka_mod:SpoilerForm","floor":0},{"not_picked":["luka_mod:HeroicStrike","luka_mod:DemonSkullBeheading"],"picked":"luka_mod:Sylph","floor":1},{"not_picked":["luka_mod:Struggle","luka_mod:Intense"],"picked":"luka_mod:VaporizingRebellionSword","floor":2},{"not_picked":["luka_mod:Feel","luka_mod:FireSlash"],"picked":"luka_mod:StrikeLuka","floor":3},{"not_picked":["luka_mod:SpoilerForm","luka_mod:RestrictedStrike"],"picked":"luka_mod:Sara","floor":6},{"not_picked":["luka_mod:BladeOfSolidEarth","luka_mod:StrikeLuka"],"picked":"luka_mod:SmallBody","floor":7},{"not_picked":["luka_mod:Overexert","luka_mod:Request"],"picked":"luka_mod:StressRelief","floor":10},{"not_picked":["luka_mod:StressRelief","luka_mod:NeverSurrender"],"picked":"luka_mod:GuardedStrike","floor":12},{"not_picked":["luka_mod:NotVerySharp","luka_mod:IliasesJudgement"],"picked":"luka_mod:PeacePreach","floor":13},{"not_picked":["luka_mod:PrayToIlias","luka_mod:SmallBody"],"picked":"luka_mod:Undine","floor":13},{"not_picked":["luka_mod:BladeOfHowlingWind","luka_mod:NeverSurrender"],"picked":"luka_mod:Determination","floor":13},{"not_picked":["luka_mod:ThunderThrust","luka_mod:DemonSkullBeheading"],"picked":"luka_mod:EarthSlash","floor":13},{"not_picked":["luka_mod:SereneDemonSword","luka_mod:SpoilerDance"],"picked":"luka_mod:CriticalHit","floor":13}],"player_experience":1841106,"relics_obtained":[{"floor":9,"key":"Potion Belt"}],"event_choices":[{"damage_healed":0,"gold_gain":0,"player_choice":"Take Wound","damage_taken":0,"relics_obtained":["Golden Idol"],"max_hp_gain":0,"max_hp_loss":0,"event_name":"Golden Idol","floor":4,"gold_loss":0,"cards_obtained":["Injury"]},{"damage_healed":0,"gold_gain":0,"player_choice":"Rummage","damage_taken":0,"relics_obtained":["WarpedTongs"],"max_hp_gain":0,"max_hp_loss":0,"event_name":"Accursed Blacksmith","floor":5,"gold_loss":0,"cards_obtained":["Pain"]}],"is_beta":false,"boss_relics":[],"items_purged_floors":[11],"is_endless":false,"potions_floor_spawned":[1,7,12],"killed_by":"3 Sentries","ascension_level":0}}