{"host":"9l1knhxfturzliqa","time":1610848429,"event":{"mods":["BaseMod","Colored Map","Colored Powertips","DeckTracker","Highlight Path","Keyboard Shortcuts","Minty Spire (QoL Compilation)","Random Character Button"],"gold_per_floor":[112,123,123,138,138,138,26,26,26,26,66,91,91,107,107,107,107],"floor_reached":16,"language":"KOR","playtime":566,"items_purged":["Strike_G"],"score":190,"play_id":"e2da8b54-23fe-4cb7-83bb-abb3154a9b45","local_time":"20210117105349","is_ascension_mode":true,"campfire_choices":[{"data":"Neutralize","floor":6.0,"key":"SMITH"},{"data":"Burst","floor":13.0,"key":"SMITH"},{"floor":15.0,"key":"REST"}],"circlet_count":0,"master_deck":["AscendersBane","Strike_G","Strike_G","Strike_G","Defend_G","Defend_G","Defend_G","Survivor","Neutralize+1","Dagger Spray","Deflect","Infinite Blades","Burst+1","PiercingWail","Accuracy"],"relics":["Ring of the Snake","Golden Idol","Tingsha","Bag of Preparation"],"acts_visited":["Exordium"],"potions_floor_usage":[16],"damage_taken":[{"damage":7.0,"enemies":"Cultist","floor":1.0,"turns":4.0},{"damage":2.0,"enemies":"Jaw Worm","floor":2.0,"turns":5.0},{"damage":4.0,"enemies":"Small Slimes","floor":4.0,"turns":3.0},{"damage":25.0,"enemies":"Gremlin Nob","floor":11.0,"turns":6.0},{"damage":0.0,"enemies":"Gremlin Gang","floor":12.0,"turns":1.0},{"damage":4.0,"enemies":"Large Slime","floor":14.0,"turns":7.0},{"damage":41,"enemies":"Slime Boss","floor":16,"turns":10}],"seed_played":"-6220552666574971492","potions_obtained":[{"floor":2.0,"key":"SpeedPotion"},{"floor":4.0,"key":"EntropicBrew"},{"floor":11.0,"key":"DuplicationPotion"},{"floor":14.0,"key":"Block Potion"}],"is_trial":false,"path_per_floor":["M","M","?","M","?","R","$","?","T","?","E","M","R","M","R","B"],"character_chosen":"THE_SILENT","items_purchased":["Infinite Blades"],"campfire_rested":1,"item_purchase_floors":[7],"current_hp_per_floor":[58,56,56,52,52,52,52,45,45,45,20,20,20,16,35,0,0],"gold":107,"neow_bonus":"TEN_PERCENT_HP_BONUS","is_daily":false,"chose_seed":false,"campfire_upgraded":2,"win_rate":0.0,"timestamp":1610848429,"path_taken":["M","M","?","M","?","R","$","?","T","?","E","?","R","M","R","BOSS"],"items_purchased_type":["Card"],"build_version":"2020-12-22","purchased_purges":1,"victory":false,"max_hp_per_floor":[72,72,65,65,65,65,65,65,65,65,65,65,65,65,65,65,65],"card_choices":[{"not_picked":["Poisoned Stab","Bane"],"picked":"Dagger Spray","floor":1.0},{"not_picked":["Eviscerate","Predator","Riddle With Holes"],"picked":"SKIP","floor":2.0},{"not_picked":["Outmaneuver","Endless Agony"],"picked":"Deflect","floor":4.0},{"not_picked":["Wraith Form v2","Dagger Spray"],"picked":"Burst","floor":11.0},{"not_picked":["Blade Dance","Poisoned Stab"],"picked":"PiercingWail","floor":12.0},{"not_picked":["Dagger Throw","Eviscerate"],"picked":"Accuracy","floor":14.0}],"player_experience":475430,"relics_obtained":[{"floor":9.0,"key":"Tingsha"},{"floor":11.0,"key":"Bag of Preparation"}],"event_choices":[{"damage_healed":0.0,"max_hp_gain":0.0,"max_hp_loss":7.0,"gold_gain":0.0,"event_name":"Golden Idol","player_choice":"Lose Max HP","floor":3.0,"gold_loss":0.0,"damage_taken":0.0,"relics_obtained":["Golden Idol"]},{"cards_removed":["Strike_G"],"damage_healed":0.0,"max_hp_gain":0.0,"max_hp_loss":0.0,"gold_gain":0.0,"event_name":"Living Wall","player_choice":"Forget","floor":5.0,"gold_loss":0.0,"damage_taken":0.0},{"cards_removed":["Defend_G"],"damage_healed":0.0,"max_hp_gain":0.0,"max_hp_loss":0.0,"gold_gain":0.0,"event_name":"Golden Wing","player_choice":"Card Removal","floor":8.0,"gold_loss":0.0,"damage_taken":7.0},{"cards_removed":["Defend_G"],"damage_healed":0.0,"max_hp_gain":0.0,"max_hp_loss":0.0,"gold_gain":0.0,"event_name":"Bonfire Elementals","player_choice":"Offered Basic","floor":10.0,"gold_loss":0.0,"damage_taken":0.0}],"is_beta":false,"boss_relics":[],"items_purged_floors":[7],"is_endless":false,"potions_floor_spawned":[2,4,11,14],"killed_by":"Slime Boss","ascension_level":18}}