{"host":"08t08ld674si40tv","time":1610851568,"event":{"mods":["AchievementEnabler","BaseMod","Colored Map","Minty Spire (QoL Compilation)","StSLib","SuperFastMode"],"gold_per_floor":[109,126,146,146,163,163,163,192,192,209,209,10,30,48,48,48,48],"floor_reached":16,"language":"KOR","playtime":383,"items_purged":["Strike_G"],"score":208,"play_id":"867621a6-976a-403f-8ac8-5dba0494dee3","local_time":"20210117114608","is_ascension_mode":true,"campfire_choices":[{"data":"Noxious Fumes","floor":6,"key":"SMITH"},{"data":"Footwork","floor":11,"key":"SMITH"},{"data":"Neutralize","floor":15,"key":"SMITH"}],"circlet_count":0,"master_deck":["AscendersBane","Strike_G","Strike_G","Strike_G","Strike_G","Defend_G","Defend_G","Defend_G","Defend_G","Defend_G","Survivor","Neutralize+1","Corpse Explosion","Noxious Fumes+1","PiercingWail","Footwork+1"],"relics":["Ring of the Snake","Letter Opener","Eternal Feather","Membership Card"],"acts_visited":["Exordium"],"potions_floor_usage":[8,14,14],"damage_taken":[{"damage":1,"enemies":"Cultist","floor":1,"turns":4},{"damage":11,"enemies":"Jaw Worm","floor":2,"turns":6},{"damage":0,"enemies":"2 Louse","floor":3,"turns":3},{"damage":6,"enemies":"Exordium Wildlife","floor":5,"turns":3},{"damage":19,"enemies":"3 Sentries","floor":8,"turns":4},{"damage":5,"enemies":"Blue Slaver","floor":10,"turns":5},{"damage":2,"enemies":"3 Louse","floor":13,"turns":2},{"damage":15,"enemies":"Exordium Thugs","floor":14,"turns":3},{"damage":23,"enemies":"Hexaghost","floor":16,"turns":11}],"seed_played":"2948751350566240443","potions_obtained":[{"floor":3,"key":"ColorlessPotion"},{"floor":8,"key":"Strength Potion"},{"floor":13,"key":"CunningPotion"}],"is_trial":false,"path_per_floor":["M","M","M","?","M","R","?","E","T","M","R","$","M","M","R","B"],"character_chosen":"THE_SILENT","items_purchased":["Membership Card"],"campfire_rested":0,"item_purchase_floors":[12],"current_hp_per_floor":[58,47,47,52,46,46,46,27,27,22,31,31,29,14,23,0,0],"gold":48,"neow_bonus":"THREE_RARE_CARDS","is_daily":false,"chose_seed":false,"campfire_upgraded":3,"win_rate":0.0,"timestamp":1610851568,"path_taken":["M","M","?","?","M","R","?","E","T","M","R","$","M","M","R","BOSS"],"items_purchased_type":["Relic"],"build_version":"2020-12-22","purchased_purges":1,"victory":false,"max_hp_per_floor":[60,60,60,65,65,65,65,65,65,65,65,65,65,65,65,65,65],"card_choices":[{"not_picked":["Tools of the Trade","Wraith Form v2"],"picked":"Corpse Explosion","floor":0},{"not_picked":["Acrobatics","Skewer"],"picked":"Noxious Fumes","floor":1},{"not_picked":["Acrobatics","Underhanded Strike"],"picked":"PiercingWail","floor":2},{"not_picked":["Dagger Spray","Blade Dance","Poisoned Stab"],"picked":"SKIP","floor":3},{"not_picked":["Crippling Poison","Accuracy","Deflect"],"picked":"SKIP","floor":5},{"not_picked":["Storm of Steel","Deadly Poison","Dodge and Roll"],"picked":"SKIP","floor":8},{"not_picked":["Choke","Finisher"],"picked":"Footwork","floor":10},{"not_picked":["Backstab","Cloak And Dagger","Poisoned Stab"],"picked":"SKIP","floor":13},{"not_picked":["Distraction","Outmaneuver","Endless Agony"],"picked":"SKIP","floor":14}],"player_experience":233227,"relics_obtained":[{"floor":8,"key":"Letter Opener"},{"floor":9,"key":"Eternal Feather"}],"event_choices":[{"damage_healed":0,"gold_gain":0,"player_choice":"Donut","damage_taken":0,"max_hp_gain":5,"max_hp_loss":0,"event_name":"Big Fish","floor":4,"gold_loss":0},{"damage_healed":0,"gold_gain":0,"player_choice":"Ignored","damage_taken":0,"max_hp_gain":0,"max_hp_loss":0,"event_name":"Golden Idol","floor":7,"gold_loss":0}],"is_beta":false,"boss_relics":[],"items_purged_floors":[12],"is_endless":false,"potions_floor_spawned":[3,8,13],"killed_by":"Hexaghost","ascension_level":20}}