{"host":"o5jvvi5yapo90aia","time":1610888438,"event":{"mods":["BaseMod","CapriCore","Minty Spire (QoL Compilation)","MostiFishMod","Prisma Mod","Spicy Shops","StSLib","TestMod","The Immortal","Yakumo Yukari mod","【人物mod】游戏王New YuGiOh mod","【功能Mod】Neow奖励"],"gold_per_floor":[118,141,161,436,460,500,82,122,122,122,147,179,202,223,223,310,310,338,368,396,396,396,431,456,501,501,545,569,609,609,633,633,722,722,754,413,445,485,519,563,563,610,610,654,687,687,737,760,760,775,790,790,790,66,112,127],"floor_reached":57,"language":"ZHS","playtime":1006,"items_purged":["Regret"],"score":4223,"play_id":"ee86c91f-a27f-4184-a9da-2e14c67da0b8","local_time":"20210117210038","is_ascension_mode":true,"campfire_choices":[{"data":"Strike_R","floor":10.0,"key":"PURGE"},{"data":"Strike_R","floor":15.0,"key":"PURGE"},{"data":"Strike_R","floor":30.0,"key":"PURGE"},{"data":"Strike_R","floor":32.0,"key":"PURGE"},{"data":"Anger","floor":41.0,"key":"PURGE"},{"floor":49.0,"key":"RECALL"},{"data":"Clothesline","floor":53.0,"key":"PURGE"}],"circlet_count":0,"master_deck":["AscendersBane","Bash+1","Rampage+1","Searing Blow+30","Impervious+1","Offering+1","MostiFishMod:RainCloud+1","MostiFishMod:ChineseTea+1","Reaper+1","Feel No Pain","Ghostly Armor","Rage","Burning Pact","testmod-RabbitOfFibonacci+3"],"relics":["DaveBox","testmod-TestBox","GreenFoldingFan","ExusiaiGun","testmod-BloodSacrificeSpiritualization","SynthV:TestCard","Lantern","BrkXgEgg","Civilization","testmod-Antiphasic","Gremlin Horn","Shuriken","ChiXiaoBlade","testmod-IntensifyImprint","Tiny Chest","Potion Belt","Pandora\u0027s Box","BionicSphere","DaCapo","Regal Pillow","testmod-InfectionSource","HornCleat","MealTicket","Molten Egg 2","testmod-AssaultLearning","Letter Opener","Medical Kit","testmod-IndustrialRevolution","Bag of Marbles","Mercury Hourglass"],"acts_visited":["Exordium","TheCity","TheBeyond","TheEnding"],"potions_floor_usage":[56,56,56,56],"damage_taken":[{"damage":9.0,"enemies":"Cultist","floor":1.0,"turns":1.0},{"damage":9.0,"enemies":"2 Louse","floor":2.0,"turns":1.0},{"damage":9.0,"enemies":"Jaw Worm","floor":3.0,"turns":1.0},{"damage":9.0,"enemies":"Exordium Wildlife","floor":5.0,"turns":1.0},{"damage":9.0,"enemies":"Lagavulin","floor":6.0,"turns":1.0},{"damage":9.0,"enemies":"3 Sentries","floor":8.0,"turns":1.0},{"damage":9.0,"enemies":"Lots of Slimes","floor":11.0,"turns":1.0},{"damage":10.0,"enemies":"Lagavulin","floor":12.0,"turns":1.0},{"damage":10.0,"enemies":"Large Slime","floor":13.0,"turns":1.0},{"damage":11.0,"enemies":"3 Louse","floor":14.0,"turns":1.0},{"damage":11.0,"enemies":"The Guardian","floor":16.0,"turns":1.0},{"damage":12.0,"enemies":"Spheric Guardian","floor":18.0,"turns":1.0},{"damage":12.0,"enemies":"Chosen","floor":19.0,"turns":1.0},{"damage":13.0,"enemies":"3 Cultists","floor":20.0,"turns":1.0},{"damage":14.0,"enemies":"Gremlin Leader","floor":23.0,"turns":1.0},{"damage":14.0,"enemies":"Snake Plant","floor":24.0,"turns":1.0},{"damage":21.0,"enemies":"Slavers","floor":25.0,"turns":1.0},{"damage":23.0,"enemies":"Gremlin Leader","floor":27.0,"turns":2.0},{"damage":18.0,"enemies":"Centurion and Healer","floor":28.0,"turns":2.0},{"damage":16.0,"enemies":"Slavers","floor":29.0,"turns":1.0},{"damage":17.0,"enemies":"Shelled Parasite and Fungi","floor":31.0,"turns":1.0},{"damage":17.0,"enemies":"Champ","floor":33.0,"turns":1.0},{"damage":31.0,"enemies":"3 Shapes","floor":35.0,"turns":1.0},{"damage":18.0,"enemies":"3 Darklings","floor":37.0,"turns":1.0},{"damage":19.0,"enemies":"Mind Bloom Boss Battle","floor":38.0,"turns":1.0},{"damage":17.0,"enemies":"Maw","floor":39.0,"turns":1.0},{"damage":18.0,"enemies":"Nemesis","floor":40.0,"turns":1.0},{"damage":18.0,"enemies":"Giant Head","floor":42.0,"turns":1.0},{"damage":19.0,"enemies":"Nemesis","floor":44.0,"turns":1.0},{"damage":19.0,"enemies":"Sphere and 2 Shapes","floor":45.0,"turns":1.0},{"damage":20.0,"enemies":"Reptomancer","floor":47.0,"turns":1.0},{"damage":20.0,"enemies":"Donu and Deca","floor":50.0,"turns":1.0},{"damage":21.0,"enemies":"Time Eater","floor":51.0,"turns":1.0},{"damage":21,"enemies":"Shield and Spear","floor":55,"turns":1},{"damage":22,"enemies":"The Heart","floor":56,"turns":5}],"seed_played":"-5589381249982227560","potions_obtained":[{"floor":5.0,"key":"testmod-TimePotion"},{"floor":6.0,"key":"SteroidPotion"},{"floor":19.0,"key":"LiquidMemories"},{"floor":22.0,"key":"Fruit Juice"},{"floor":24.0,"key":"Weak Potion"},{"floor":29.0,"key":"FearPotion"},{"floor":31.0,"key":"Ancient Potion"},{"floor":38.0,"key":"Block Potion"}],"is_trial":false,"path_per_floor":["M","M","M","?","M","E","$","E","T","R","M","E","M","M","R","B",null,"M","M","M","?","?","E","M","E","T","E","M","E","R","M","R","B",null,"M","$","M","?","M","E","R","E","T","E","M","?","E","T","R","B","B",null,"R","$","E","B",null],"character_chosen":"IRONCLAD","items_purchased":["BrkXgEgg","Civilization","BionicSphere","Letter Opener","Medical Kit","testmod-IndustrialRevolution","testmod-RabbitOfFibonacci+1","Bag of Marbles"],"campfire_rested":0,"item_purchase_floors":[7,7,36,54,54,54,54,54],"current_hp_per_floor":[71,74,75,75,75,75,75,78,78,78,83,88,93,98,98,103,103,108,113,117,117,117,125,128,124,124,118,131,146,146,146,146,148,159,168,168,173,173,175,176,176,177,177,198,203,193,208,208,208,213,218,218,218,218,223,228],"gold":127,"neow_bonus":"BOSS_RELIC","is_daily":false,"chose_seed":false,"campfire_upgraded":0,"win_rate":0.0,"timestamp":1610888438,"path_taken":["M","?","?","?","M","E","$","E","T","R","?","E","M","M","R","BOSS","M","M","M","?","?","E","M","E","T","E","?","E","R","M","R","BOSS","M","$","M","?","M","E","R","E","T","E","M","?","E","?","R","BOSS","BOSS","R","$","E","BOSS"],"items_purchased_type":["Relic","Relic","Relic","Relic","Relic","Relic","Card","Relic"],"build_version":"2020-12-22","purchased_purges":1,"victory":true,"max_hp_per_floor":[75,75,75,75,75,75,75,78,78,78,83,88,93,98,98,103,103,108,113,118,118,118,128,133,138,138,143,148,153,153,158,158,163,163,168,168,173,178,183,188,188,193,193,198,203,203,208,208,208,213,218,218,218,218,223,228],"card_choices":[{"not_picked":["Iron Wave","Wild Strike","Twin Strike"],"picked":"SKIP","floor":1.0},{"not_picked":["Iron Wave","Cleave","Body Slam","Warcry"],"picked":"Rampage","floor":2.0},{"not_picked":["Anger","Body Slam","Iron Wave","Spot Weakness"],"picked":"Searing Blow","floor":3.0},{"not_picked":["Wild Strike","Clothesline","Searing Blow","Sword Boomerang","Flame Barrier"],"picked":"SKIP","floor":5.0},{"not_picked":["True Grit","Rampage","Pommel Strike","Seeing Red","Combust"],"picked":"SKIP","floor":6.0},{"not_picked":["True Grit","MostiFishMod:Mania+1","Pommel Strike","Armaments","Perfected Strike"],"picked":"SKIP","floor":8.0},{"not_picked":["Cleave","Clash","Rampage","MostiFishMod:BrandingRite","Heavy Blade"],"picked":"SKIP","floor":11.0},{"not_picked":["Reaper+1","Whirlwind","Carnage","Flex","Twin Strike"],"picked":"SKIP","floor":12.0},{"not_picked":["Thunderclap","Flex","Clothesline","Headbutt","Rupture"],"picked":"SKIP","floor":13.0},{"not_picked":["Perfected Strike","Havoc","True Grit","Flex"],"picked":"Impervious+1","floor":14.0},{"not_picked":["Impervious+1","MostiFishMod:NewArrival+1","MostiFishMod:404NotFound+1","MostiFishMod:FlyOverUtopia+1"],"picked":"Offering+1","floor":16.0},{"not_picked":["Inflame","Heavy Blade","Havoc+1","Clothesline+1","True Grit"],"picked":"SKIP","floor":18.0},{"not_picked":["Pommel Strike","Sword Boomerang","Pummel","Cleave"],"picked":"MostiFishMod:RainCloud+1","floor":19.0},{"not_picked":["Spot Weakness","Cleave","Blood for Blood","Heavy Blade","Sword Boomerang"],"picked":"SKIP","floor":20.0},{"not_picked":["Inflame","Clash","Rupture","True Grit","Pummel"],"picked":"SKIP","floor":23.0},{"not_picked":["Shrug It Off","Inflame","Intimidate","Seeing Red","Body Slam"],"picked":"SKIP","floor":24.0},{"not_picked":["Battle Trance","Dual Wield","Seeing Red","Combust"],"picked":"MostiFishMod:ChineseTea+1","floor":25.0},{"not_picked":["Shrug It Off","Heavy Blade","Fire Breathing","Headbutt","Berserk+1"],"picked":"SKIP","floor":27.0},{"not_picked":["Heavy Blade","Pummel","Twin Strike+1","Perfected Strike","True Grit"],"picked":"SKIP","floor":28.0},{"not_picked":["Thunderclap","MostiFishMod:#F4004","Warcry","Flex","Reckless Charge"],"picked":"SKIP","floor":29.0},{"not_picked":["Rupture","Iron Wave","Cleave","Power Through","Clash+1"],"picked":"SKIP","floor":31.0},{"not_picked":["Offering+1","MostiFishMod:UltimateDefense+1","Exhume+1","MostiFishMod:KnuckleDown+1"],"picked":"Reaper+1","floor":33.0},{"not_picked":["Sword Boomerang","Thunderclap","Wild Strike+1","Intimidate+1"],"picked":"Burning Pact","floor":35.0},{"not_picked":["Body Slam","Battle Trance","Hemokinesis","Heavy Blade","Inflame"],"picked":"SKIP","floor":37.0},{"not_picked":["Sword Boomerang","MostiFishMod:BrandingRite","Armaments","Thunderclap","Clash"],"picked":"SKIP","floor":39.0},{"not_picked":["Thunderclap","MostiFishMod:BrandingRite","Second Wind","Twin Strike","MostiFishMod:OrdinaryWorld+1"],"picked":"SKIP","floor":40.0},{"not_picked":["Corruption+1","Clothesline","Pummel","Carnage","Havoc"],"picked":"SKIP","floor":42.0},{"not_picked":["Perfected Strike","Shockwave","Body Slam+1","Searing Blow","Armaments"],"picked":"SKIP","floor":44.0},{"not_picked":["Armaments+1","Havoc+1","Iron Wave","Body Slam+1","Shockwave"],"picked":"SKIP","floor":45.0},{"not_picked":["Sword Boomerang+1","Clothesline+1","Flame Barrier","Metallicize","Flex"],"picked":"SKIP","floor":47.0},{"not_picked":["Rage+1","Flex","Perfected Strike+1","Sentinel+1","Clothesline+1"],"picked":"SKIP","floor":55}],"player_experience":1457881,"relics_obtained":[{"floor":1.0,"key":"SynthV:TestCard"},{"floor":6.0,"key":"Lantern"},{"floor":8.0,"key":"testmod-Antiphasic"},{"floor":9.0,"key":"Gremlin Horn"},{"floor":12.0,"key":"Shuriken"},{"floor":23.0,"key":"testmod-IntensifyImprint"},{"floor":25.0,"key":"Tiny Chest"},{"floor":29.0,"key":"Potion Belt"},{"floor":38.0,"key":"DaCapo"},{"floor":40.0,"key":"Regal Pillow"},{"floor":42.0,"key":"testmod-InfectionSource"},{"floor":43.0,"key":"HornCleat"},{"floor":44.0,"key":"MealTicket"},{"floor":47.0,"key":"Molten Egg 2"},{"floor":48.0,"key":"testmod-AssaultLearning"},{"floor":55,"key":"Mercury Hourglass"}],"event_choices":[{"damage_healed":0.0,"max_hp_gain":0.0,"max_hp_loss":0.0,"gold_gain":275.0,"event_name":"Golden Shrine","player_choice":"Desecrate","floor":4.0,"gold_loss":0.0,"damage_taken":0.0,"cards_obtained":["Regret"]},{"damage_healed":0.0,"max_hp_gain":0.0,"max_hp_loss":0.0,"gold_gain":0.0,"event_name":"Vampires","player_choice":"Ignored","floor":21.0,"gold_loss":0.0,"damage_taken":0.0},{"damage_healed":0.0,"max_hp_gain":0.0,"max_hp_loss":0.0,"gold_gain":0.0,"event_name":"Lab","player_choice":"Got Potions","floor":22.0,"gold_loss":0.0,"damage_taken":0.0},{"damage_healed":0.0,"max_hp_gain":0.0,"max_hp_loss":0.0,"gold_gain":0.0,"event_name":"MindBloom","player_choice":"Fight","floor":38.0,"gold_loss":0.0,"damage_taken":0.0},{"damage_healed":0.0,"max_hp_gain":0.0,"max_hp_loss":0.0,"gold_gain":0.0,"event_name":"SensoryStone","player_choice":"Memory 3","floor":46.0,"gold_loss":0.0,"damage_taken":10.0}],"is_beta":false,"boss_relics":[{"not_picked":["Philosopher\u0027s Stone","testmod-HarvestTotem"],"picked":"ChiXiaoBlade"},{"not_picked":["SlaversCollar","HaiYi:Twilight"],"picked":"Pandora\u0027s Box"}],"items_purged_floors":[7],"is_endless":false,"potions_floor_spawned":[5,6,8,12,14,19,24,27,29,31,37,38,45,47],"ascension_level":20}}