{"host":"Krakhan","time":1610925298,"event":{"mods":["AchievementEnabler","BaseMod","Colored Map","Colored Powertips","Faster Ascension Climbing","Highlight Path","Minty Spire (QoL Compilation)","Rare Cards Sparkle","Relic Stats","StSLib"],"gold_per_floor":[363,37,55,68,68,97,97,130,181,196,3,3,35,47,47,147,147,157,177,30,30,30,30,43,43,113,142,171,183,227,259,271,381,393,424,436,319,1318,1109,1137,1137,1237,1288,1322,1336,950,614,634,634,634,634,634,152,179,179],"floor_reached":56,"language":"ENG","playtime":3032,"items_purged":["Pain","Iron Wave","Normality","Clumsy","Bite"],"score":1434,"play_id":"8420a522-c1d0-4400-b567-688b2879ada1","local_time":"20210117181458","is_ascension_mode":true,"campfire_choices":[{"data":"Inflame","floor":7.0,"key":"SMITH"},{"data":"Demon Form","floor":15.0,"key":"SMITH"},{"data":"Shockwave","floor":23.0,"key":"SMITH"},{"data":"Feel No Pain","floor":25.0,"key":"SMITH"},{"data":"Power Through","floor":32.0,"key":"SMITH"},{"floor":41,"key":"RECALL"},{"data":"Impervious","floor":49,"key":"SMITH"},{"data":"Feel No Pain","floor":52,"key":"SMITH"}],"circlet_count":0,"master_deck":["Defend_R+1","Defend_R+1","Defend_R+1","Defend_R+1","Bash","Clothesline","Cleave","Inflame+1","Shrug It Off","Twin Strike","Battle Trance","Uppercut","Demon Form+1","Shockwave+1","Reaper","Entrench","Feel No Pain+1","Power Through+1","Bite","Bite","Bite","Bite","Offering","Feed","Dual Wield+1","HandOfGreed","Secret Technique","Flame Barrier","Heavy Blade","Metallicize","Impervious+1","Metallicize+1","Evolve","Feel No Pain+1","Shockwave+1","Apotheosis+1","Purity+1","True Grit+1"],"relics":["Burning Blood","Orichalcum","WarpedTongs","HornCleat","Omamori","Toy Ornithopter","White Beast Statue","Cursed Key","Membership Card","Matryoshka","MawBank","InkBottle","Snecko Eye","Orrery","Juzu Bracelet","Nunchaku","Potion Belt","Strawberry","Toxic Egg 2","TheAbacus","Pen Nib","Medical Kit","Meat on the Bone","Shuriken","Frozen Eye","Blue Candle","Gremlin Horn"],"acts_visited":["Exordium","TheCity","TheBeyond","TheEnding"],"potions_floor_usage":[54,55],"damage_taken":[{"damage":5.0,"enemies":"Cultist","floor":1.0,"turns":4.0},{"damage":5.0,"enemies":"Jaw Worm","floor":3.0,"turns":3.0},{"damage":0.0,"enemies":"Small Slimes","floor":4.0,"turns":3.0},{"damage":5.0,"enemies":"Gremlin Nob","floor":6.0,"turns":4.0},{"damage":9.0,"enemies":"3 Sentries","floor":8.0,"turns":5.0},{"damage":7.0,"enemies":"3 Louse","floor":10.0,"turns":3.0},{"damage":15.0,"enemies":"Lagavulin","floor":13.0,"turns":5.0},{"damage":0.0,"enemies":"Exordium Thugs","floor":14.0,"turns":4.0},{"damage":24.0,"enemies":"The Guardian","floor":16.0,"turns":10.0},{"damage":8.0,"enemies":"2 Thieves","floor":18.0,"turns":3.0},{"damage":4.0,"enemies":"Chosen","floor":19.0,"turns":4.0},{"damage":4.0,"enemies":"Snecko","floor":24.0,"turns":5.0},{"damage":17.0,"enemies":"Gremlin Leader","floor":27.0,"turns":5.0},{"damage":9.0,"enemies":"Cultist and Chosen","floor":28.0,"turns":7.0},{"damage":22.0,"enemies":"Book of Stabbing","floor":30.0,"turns":6.0},{"damage":19.0,"enemies":"Shelled Parasite and Fungi","floor":31.0,"turns":5.0},{"damage":19.0,"enemies":"Automaton","floor":33.0,"turns":8.0},{"damage":0.0,"enemies":"3 Shapes","floor":35.0,"turns":3.0},{"damage":19,"enemies":"Nemesis","floor":40,"turns":7},{"damage":17,"enemies":"Reptomancer","floor":44,"turns":8},{"damage":10,"enemies":"Orb Walker","floor":45,"turns":4},{"damage":7,"enemies":"Writhing Mass","floor":48,"turns":6},{"damage":28,"enemies":"Donu and Deca","floor":50,"turns":11},{"damage":21,"enemies":"Shield and Spear","floor":54,"turns":9},{"damage":41,"enemies":"The Heart","floor":55,"turns":9}],"seed_played":"3761351651547630961","potions_obtained":[{"floor":3.0,"key":"LiquidMemories"},{"floor":6.0,"key":"Block Potion"},{"floor":30.0,"key":"Ancient Potion"},{"floor":33.0,"key":"FearPotion"},{"floor":44,"key":"Swift Potion"},{"floor":45,"key":"Swift Potion"},{"floor":54,"key":"DuplicationPotion"}],"is_trial":false,"path_per_floor":["M","$","M","M","?","E","R","E","T","M","$","?","E","M","R","B",null,"M","M","$","?","?","R","M","R","T","E","M","?","E","M","R","B",null,"M","?","$","?","$","E","R","?","T","E","M","$","$","M","R","B",null,"R","$","E","B",null],"character_chosen":"IRONCLAD","items_purchased":["Cleave","Inflame","Orichalcum","PowerPotion","Uppercut","Inflame","Membership Card","Orrery","Juzu Bracelet","Metallicize","SneckoOil","Toxic Egg 2","TheAbacus","Evolve","Pen Nib","Medical Kit","Feel No Pain","Meat on the Bone","Shockwave+1","Apotheosis+1","Shuriken","Frozen Eye","Blue Candle","Purity+1","True Grit+1"],"campfire_rested":0,"item_purchase_floors":[2,2,2,2,11,11,20,37,39,39,39,46,46,46,46,47,47,47,47,47,53,53,53,53,53],"current_hp_per_floor":[72,72,72,72,72,72,72,69,69,68,68,68,59,65,65,47,72,72,72,72,72,72,72,72,72,72,61,70,50,38,50,50,50,50,50,40,40,40,40,50,50,50,50,60,59,59,59,63,63,67,67,67,67,71,71],"gold":179,"neow_bonus":"TWO_FIFTY_GOLD","is_daily":false,"chose_seed":false,"campfire_upgraded":7,"win_rate":0.0,"timestamp":1610925298,"path_taken":["M","$","M","M","?","E","R","E","T","?","$","?","E","M","R","BOSS","M","?","$","?","?","R","M","R","T","E","?","?","E","M","R","BOSS","M","?","$","?","?","E","R","?","T","E","M","?","$","M","R","BOSS","R","$","E","BOSS"],"items_purchased_type":["Card","Card","Relic","Potion","Card","Card","Relic","Relic","Relic","Card","Potion","Relic","Relic","Card","Relic","Relic","Card","Relic","Card","Card","Relic","Relic","Relic","Card","Card"],"build_version":"2020-12-18","purchased_purges":5,"victory":true,"max_hp_per_floor":[72,72,72,72,72,72,72,72,72,72,72,72,72,72,72,72,72,72,72,72,72,72,72,72,72,72,72,72,50,50,50,50,50,50,50,50,50,50,50,50,50,50,50,60,63,63,63,63,63,67,67,67,67,71,71],"relic_stats":{"Gremlin Horn":[0,0],"counters":[25,141],"Blue Candle":[0],"Pen Nib":[5],"Juzu Bracelet":1,"Orichalcum":[240],"Cursed Key":2,"MawBank":120,"Medical Kit":[13],"Burning Blood":83,"WarpedTongs":[100],"Nunchaku":[7],"TheAbacus":[48],"Shuriken":[4],"Snecko Eye":[102,120,124,102],"obtain_stats":[{"Gremlin Horn":54,"Juzu Bracelet":39,"Cursed Key":17,"Burning Blood":0,"Frozen Eye":53,"Nunchaku":40,"HornCleat":6,"Matryoshka":26,"TheAbacus":46,"Strawberry":44,"Toxic Egg 2":46,"InkBottle":30,"Potion Belt":43,"Blue Candle":53,"Pen Nib":46,"Omamori":8,"Orichalcum":2,"MawBank":27,"Medical Kit":47,"White Beast Statue":13,"WarpedTongs":5,"Shuriken":53,"Snecko Eye":34,"Orrery":37,"Membership Card":20,"Toy Ornithopter":9,"Meat on the Bone":47},{"Gremlin Horn":24,"Juzu Bracelet":18,"Cursed Key":9,"Burning Blood":0,"Frozen Eye":23,"Nunchaku":19,"HornCleat":4,"Matryoshka":12,"TheAbacus":21,"Strawberry":20,"Toxic Egg 2":21,"InkBottle":15,"Potion Belt":19,"Blue Candle":23,"Pen Nib":21,"Omamori":5,"Orichalcum":1,"MawBank":13,"Medical Kit":21,"White Beast Statue":7,"WarpedTongs":3,"Shuriken":23,"Snecko Eye":17,"Orrery":18,"Membership Card":11,"Toy Ornithopter":5,"Meat on the Bone":21},{"Gremlin Horn":132,"Juzu Bracelet":87,"Cursed Key":41,"Burning Blood":0,"Frozen Eye":123,"Nunchaku":94,"HornCleat":14,"Matryoshka":53,"TheAbacus":106,"Strawberry":102,"Toxic Egg 2":106,"InkBottle":71,"Potion Belt":94,"Blue Candle":123,"Pen Nib":106,"Omamori":19,"Orichalcum":4,"MawBank":58,"Medical Kit":106,"White Beast Statue":27,"WarpedTongs":10,"Shuriken":123,"Snecko Eye":84,"Orrery":87,"Membership Card":48,"Toy Ornithopter":19,"Meat on the Bone":106}],"Toy Ornithopter":5,"InkBottle":[23],"Meat on the Bone":0},"card_choices":[{"not_picked":["Wild Strike","Perfected Strike"],"picked":"Clothesline","floor":1.0},{"not_picked":["Seeing Red","Flex"],"picked":"Shrug It Off","floor":3.0},{"not_picked":["Intimidate","Armaments","Rupture"],"picked":"SKIP","floor":4.0},{"not_picked":["Havoc","Sentinel"],"picked":"Twin Strike","floor":6.0},{"not_picked":["Dual Wield","Thunderclap"],"picked":"Battle Trance","floor":8.0},{"not_picked":["Havoc","Heavy Blade"],"picked":"Iron Wave","floor":10.0},{"not_picked":["Second Wind","Iron Wave"],"picked":"Demon Form","floor":13.0},{"not_picked":["Anger","Headbutt"],"picked":"Shockwave","floor":14.0},{"not_picked":["Feed","Berserk"],"picked":"Reaper","floor":16.0},{"not_picked":["Pommel Strike+1","Armaments"],"picked":"Entrench","floor":18.0},{"not_picked":["Flex","Cleave"],"picked":"Feel No Pain","floor":19.0},{"not_picked":["Second Wind+1","Hemokinesis"],"picked":"Power Through","floor":24.0},{"not_picked":["Carnage","Clothesline","Power Through"],"picked":"SKIP","floor":27.0},{"not_picked":["Sever Soul","Flex","Armaments+1"],"picked":"SKIP","floor":28.0},{"not_picked":["Fiend Fire","Thunderclap+1"],"picked":"Offering","floor":30.0},{"not_picked":["Sever Soul+1","Intimidate","Havoc+1"],"picked":"SKIP","floor":31.0},{"not_picked":["Exhume","Fiend Fire"],"picked":"Feed","floor":33.0},{"not_picked":["Warcry","Shrug It Off+1"],"picked":"Dual Wield+1","floor":35.0},{"not_picked":["Jack Of All Trades","Mind Blast"],"picked":"HandOfGreed","floor":36.0},{"not_picked":["Impatience","Enlightenment"],"picked":"Secret Technique","floor":36.0},{"not_picked":["Flex+1","Heavy Blade"],"picked":"Flame Barrier","floor":37.0},{"not_picked":["Infernal Blade+1","Cleave+1"],"picked":"Heavy Blade","floor":37.0},{"not_picked":["Sever Soul","Fire Breathing"],"picked":"Impervious","floor":40},{"not_picked":["Sentinel","Shrug It Off+1","Brutality"],"picked":"SKIP","floor":44},{"not_picked":["Hemokinesis","Anger+1"],"picked":"Metallicize+1","floor":45},{"not_picked":["Havoc+1","Fire Breathing","True Grit+1"],"picked":"SKIP","floor":48},{"not_picked":["Flex+1","Rage+1","Sword Boomerang"],"picked":"SKIP","floor":54}],"player_experience":1344676,"relics_obtained":[{"floor":6.0,"key":"HornCleat"},{"floor":8.0,"key":"Omamori"},{"floor":9.0,"key":"Toy Ornithopter"},{"floor":13.0,"key":"White Beast Statue"},{"floor":26.0,"key":"Matryoshka"},{"floor":27.0,"key":"MawBank"},{"floor":30.0,"key":"InkBottle"},{"floor":40,"key":"Nunchaku"},{"floor":43,"key":"Potion Belt"},{"floor":44,"key":"Strawberry"},{"floor":54,"key":"Gremlin Horn"}],"event_choices":[{"damage_healed":0.0,"max_hp_gain":0.0,"max_hp_loss":0.0,"gold_gain":0.0,"event_name":"Accursed Blacksmith","player_choice":"Rummage","floor":5.0,"gold_loss":0.0,"damage_taken":0.0,"relics_obtained":["WarpedTongs"],"cards_obtained":["Pain"]},{"damage_healed":0.0,"max_hp_gain":0.0,"max_hp_loss":0.0,"gold_gain":0.0,"event_name":"Lab","player_choice":"Got Potions","floor":12.0,"gold_loss":0.0,"damage_taken":0.0},{"damage_healed":0.0,"max_hp_gain":0.0,"max_hp_loss":0.0,"gold_gain":0.0,"event_name":"Back to Basics","player_choice":"Simplicity","floor":21.0,"gold_loss":0.0,"damage_taken":0.0,"cards_upgraded":["Strike_R","Strike_R","Strike_R","Strike_R","Strike_R","Defend_R","Defend_R","Defend_R","Defend_R"]},{"cards_removed":["Inflame"],"damage_healed":0.0,"max_hp_gain":0.0,"max_hp_loss":0.0,"gold_gain":0.0,"event_name":"Purifier","player_choice":"Purged","floor":22.0,"gold_loss":0.0,"damage_taken":0.0},{"damage_healed":0.0,"max_hp_gain":0.0,"max_hp_loss":22.0,"gold_gain":0.0,"event_name":"Vampires","player_choice":"Became a vampire","floor":29.0,"gold_loss":0.0,"damage_taken":0.0,"cards_obtained":["Bite","Bite","Bite","Bite","Bite"]},{"damage_healed":0.0,"max_hp_gain":0.0,"max_hp_loss":0.0,"gold_gain":0.0,"event_name":"SensoryStone","player_choice":"Memory 3","floor":36.0,"gold_loss":0.0,"damage_taken":10.0},{"damage_healed":0,"gold_gain":999,"player_choice":"Gold","damage_taken":0,"max_hp_gain":0,"max_hp_loss":0,"event_name":"MindBloom","floor":38,"gold_loss":0,"cards_obtained":["Normality","Normality"]},{"damage_healed":0,"gold_gain":100,"player_choice":"Pray","damage_taken":0,"max_hp_gain":0,"max_hp_loss":0,"event_name":"Golden Shrine","floor":42,"gold_loss":0}],"is_beta":true,"boss_relics":[{"not_picked":["Fusion Hammer","SacredBark"],"picked":"Cursed Key"},{"not_picked":["Philosopher\u0027s Stone","Runic Cube"],"picked":"Snecko Eye"}],"items_purged_floors":[11,37,39,46,53],"is_endless":false,"potions_floor_spawned":[3,6,10,14,16,18,19,24,27,28,30,31,33,35,40,44,45,48,54],"ascension_level":1}}