{"host":"vyjryxuuuxkt43k4","time":1610879710,"event":{"mods":["AchievementEnabler","BaseMod","Colored Map","DeckTracker","Keyboard Shortcuts","Minty Spire (QoL Compilation)","Permanent Neow","Quick Restart","StSLib","SuperFastMode","everything is the same but u backflip on backflip"],"gold_per_floor":[110,185,198,198,198,198,198,73,145,166,116,160,80,96,96,225,225,238,238,103,122,139,139,54,87,87,116,116,66,101,111,111,209,209,228,228,34,84,104,139,139,169,169,169,201,212,228,259,259,259,259,259,36,70,70,70],"floor_reached":55,"language":"KOR","playtime":4030,"items_purged":["Strike_R","Strike_R","Strike_R","Strike_R"],"score":1217,"play_id":"8b9ac1e3-e531-436a-90ff-f47f335d485e","local_time":"20210117193510","is_ascension_mode":true,"campfire_choices":[{"floor":6.0,"key":"REST"},{"floor":15.0,"key":"REST"},{"data":"Apotheosis","floor":23.0,"key":"SMITH"},{"data":"Searing Blow","floor":28.0,"key":"SMITH"},{"data":"Searing Blow+1","floor":32.0,"key":"SMITH"},{"data":"Defend_R","floor":41.0,"key":"PURGE"},{"floor":44.0,"key":"REST"},{"floor":49.0,"key":"RECALL"},{"data":"Defend_R","floor":52.0,"key":"PURGE"}],"circlet_count":0,"master_deck":["Defend_R+1","Defend_R","Bash","Apotheosis+1","Searing Blow+2","Feel No Pain+1","Shrug It Off","Shockwave","Inflame","Bludgeon+1","Wild Strike+1","Corruption","Battle Trance","Body Slam+1","Warcry","Fire Breathing+1","Body Slam+1","Flame Barrier","Offering","Flex+1","Feel No Pain+1","Power Through+1","Feel No Pain","Ghostly Armor+1","Impervious","Entrench+1","Dark Embrace"],"relics":["Burning Blood","Bloody Idol","Molten Egg 2","Bag of Marbles","Velvet Choker","Vajra","Smiling Mask","Lantern","StrikeDummy","Juzu Bracelet","Mark of Pain","Bag of Preparation","Peace Pipe","PreservedInsect","TungstenRod","Orichalcum","HornCleat","Strange Spoon","Red Skull"],"acts_visited":["Exordium","TheCity","TheBeyond","TheEnding"],"potions_floor_usage":[],"damage_taken":[{"damage":10.0,"enemies":"Cultist","floor":1.0,"turns":4.0},{"damage":2.0,"enemies":"Jaw Worm","floor":3.0,"turns":5.0},{"damage":4.0,"enemies":"Small Slimes","floor":10.0,"turns":4.0},{"damage":24.0,"enemies":"Gremlin Nob","floor":12.0,"turns":5.0},{"damage":5.0,"enemies":"3 Louse","floor":14.0,"turns":3.0},{"damage":22.0,"enemies":"The Guardian","floor":16.0,"turns":12.0},{"damage":14.0,"enemies":"Shell Parasite","floor":18.0,"turns":4.0},{"damage":13.0,"enemies":"3 Byrds","floor":21.0,"turns":6.0},{"damage":12.0,"enemies":"Shelled Parasite and Fungi","floor":22.0,"turns":4.0},{"damage":19.0,"enemies":"Gremlin Leader","floor":25.0,"turns":7.0},{"damage":3.0,"enemies":"Book of Stabbing","floor":27.0,"turns":4.0},{"damage":5.0,"enemies":"Slavers","floor":30.0,"turns":4.0},{"damage":0.0,"enemies":"3 Cultists","floor":31.0,"turns":4.0},{"damage":20.0,"enemies":"Collector","floor":33.0,"turns":6.0},{"damage":6.0,"enemies":"3 Shapes","floor":35.0,"turns":4.0},{"damage":16.0,"enemies":"Mind Bloom Boss Battle","floor":38.0,"turns":5.0},{"damage":16.0,"enemies":"3 Darklings","floor":39.0,"turns":4.0},{"damage":30.0,"enemies":"Giant Head","floor":40.0,"turns":8.0},{"damage":29.0,"enemies":"Reptomancer","floor":42.0,"turns":5.0},{"damage":5.0,"enemies":"Giant Head","floor":45.0,"turns":6.0},{"damage":5.0,"enemies":"4 Shapes","floor":46.0,"turns":7.0},{"damage":5.0,"enemies":"Transient","floor":47.0,"turns":5.0},{"damage":61.0,"enemies":"Reptomancer","floor":48.0,"turns":7.0},{"damage":34.0,"enemies":"Donu and Deca","floor":50.0,"turns":12.0},{"damage":40.0,"enemies":"Shield and Spear","floor":54.0,"turns":5.0},{"damage":40,"enemies":"The Heart","floor":55,"turns":3}],"seed_played":"-8703588900017620571","potions_obtained":[{"floor":1.0,"key":"DistilledChaos"},{"floor":3.0,"key":"Weak Potion"},{"floor":12.0,"key":"Fire Potion"},{"floor":14.0,"key":"SteroidPotion"},{"floor":21.0,"key":"Block Potion"},{"floor":22.0,"key":"Fire Potion"},{"floor":25.0,"key":"BloodPotion"},{"floor":27.0,"key":"Energy Potion"},{"floor":35.0,"key":"FairyPotion"},{"floor":42.0,"key":"DuplicationPotion"},{"floor":46.0,"key":"Energy Potion"}],"is_trial":false,"path_per_floor":["M","?","M","$","?","R","?","$","T","M","?","E","$","M","R","B",null,"M","?","$","M","M","R","?","E","T","E","R","$","E","M","R","B",null,"M","?","$","?","M","E","R","E","T","R","E","M","M","E","R","B",null,"R","$","E","B"],"character_chosen":"IRONCLAD","items_purchased":["Shrug It Off","Bludgeon+1","Battle Trance","Bag of Preparation","Strange Spoon","Dark Embrace"],"campfire_rested":3,"item_purchase_floors":[8,13,20,37,53,53],"current_hp_per_floor":[47,36,40,40,20,44,28,28,28,30,30,12,12,13,37,21,65,57,57,57,55,54,54,54,46,46,54,54,54,76,80,80,71,78,80,80,80,75,70,51,51,33,33,57,63,69,75,25,25,30,68,68,68,39,0,0],"gold":70,"neow_bonus":"RANDOM_COLORLESS_2","is_daily":false,"chose_seed":false,"campfire_upgraded":3,"win_rate":0.0,"timestamp":1610879710,"path_taken":["M","?","M","$","?","R","?","$","T","M","?","E","$","?","R","BOSS","M","?","$","M","M","R","?","E","T","E","R","$","E","M","R","BOSS","M","?","$","?","M","E","R","E","T","R","E","M","M","E","R","BOSS","R","$","E","BOSS"],"items_purchased_type":["Card","Card","Card","Relic","Relic","Card"],"build_version":"2020-12-22","purchased_purges":4,"victory":false,"max_hp_per_floor":[80,80,80,80,80,80,80,80,80,80,80,80,80,80,80,80,80,80,80,80,80,80,80,80,80,80,80,80,80,80,80,80,80,80,80,80,80,80,80,80,80,80,80,80,80,80,80,80,80,80,80,80,80,80,80,80],"card_choices":[{"not_picked":["Mayhem","Chrysalis"],"picked":"Apotheosis","floor":0.0},{"not_picked":["Armaments","Pummel"],"picked":"Searing Blow","floor":1.0},{"not_picked":["Rage","Entrench"],"picked":"Feel No Pain","floor":3.0},{"not_picked":["Warcry","Perfected Strike+1"],"picked":"Shockwave","floor":10.0},{"not_picked":["Clothesline+1","Clash+1"],"picked":"Inflame","floor":12.0},{"not_picked":["Warcry","Power Through"],"picked":"Wild Strike+1","floor":14.0},{"not_picked":["Double Tap","Limit Break"],"picked":"Corruption","floor":16.0},{"not_picked":["Inflame","Shrug It Off","Dropkick+1"],"picked":"SKIP","floor":18.0},{"not_picked":["True Grit","Havoc"],"picked":"Body Slam+1","floor":21.0},{"not_picked":["Clothesline+1","Wild Strike+1","Thunderclap+1"],"picked":"SKIP","floor":22.0},{"not_picked":["Clash+1","Sever Soul+1"],"picked":"Warcry","floor":25.0},{"not_picked":["Exhume","Blood for Blood+1"],"picked":"Fire Breathing+1","floor":27.0},{"not_picked":["Pommel Strike+1","Anger+1"],"picked":"Body Slam+1","floor":30.0},{"not_picked":["Sword Boomerang+1","Clothesline+1"],"picked":"Flame Barrier","floor":31.0},{"not_picked":["Bludgeon+1","Berserk"],"picked":"Offering","floor":33.0},{"not_picked":["Clash+1","Sword Boomerang+1"],"picked":"Flex+1","floor":35.0},{"not_picked":["Dropkick+1","Shockwave"],"picked":"Power Through+1","floor":38.0},{"not_picked":["True Grit+1","Whirlwind+1"],"picked":"Feel No Pain","floor":39.0},{"not_picked":["Hemokinesis+1","Clothesline+1"],"picked":"Ghostly Armor+1","floor":40.0},{"not_picked":["Pommel Strike+1","Whirlwind+1","Clash+1"],"picked":"SKIP","floor":42.0},{"not_picked":["Cleave+1","Dual Wield+1"],"picked":"Impervious","floor":45.0},{"not_picked":["Headbutt+1","Spot Weakness","Infernal Blade"],"picked":"SKIP","floor":46.0},{"not_picked":["Sentinel","Pommel Strike+1"],"picked":"Entrench+1","floor":47.0},{"not_picked":["Entrench","Heavy Blade+1","Hemokinesis+1"],"picked":"SKIP","floor":48.0},{"not_picked":["Sword Boomerang+1","Iron Wave+1","Clothesline+1"],"picked":"SKIP","floor":54.0}],"player_experience":403699,"relics_obtained":[{"floor":9.0,"key":"Molten Egg 2"},{"floor":12.0,"key":"Bag of Marbles"},{"floor":25.0,"key":"Smiling Mask"},{"floor":26.0,"key":"Lantern"},{"floor":27.0,"key":"StrikeDummy"},{"floor":30.0,"key":"Juzu Bracelet"},{"floor":38.0,"key":"Peace Pipe"},{"floor":40.0,"key":"PreservedInsect"},{"floor":42.0,"key":"TungstenRod"},{"floor":45.0,"key":"Orichalcum"},{"floor":48.0,"key":"HornCleat"},{"floor":54.0,"key":"Red Skull"}],"event_choices":[{"damage_healed":0.0,"max_hp_gain":0.0,"max_hp_loss":0.0,"gold_gain":75.0,"event_name":"World of Goop","player_choice":"Gather Gold","floor":2.0,"gold_loss":0.0,"damage_taken":11.0},{"damage_healed":0.0,"max_hp_gain":0.0,"max_hp_loss":0.0,"gold_gain":0.0,"event_name":"Golden Idol","player_choice":"Take Damage","floor":5.0,"gold_loss":0.0,"damage_taken":20.0,"relics_obtained":["Golden Idol"]},{"damage_healed":0.0,"max_hp_gain":0.0,"max_hp_loss":0.0,"gold_gain":0.0,"event_name":"Shining Light","player_choice":"Entered Light","floor":7.0,"gold_loss":0.0,"damage_taken":16.0,"cards_upgraded":["Feel No Pain","Defend_R"]},{"cards_removed":["Strike_R"],"damage_healed":0.0,"max_hp_gain":0.0,"max_hp_loss":0.0,"gold_gain":0.0,"event_name":"The Cleric","player_choice":"Card Removal","floor":11.0,"gold_loss":50.0,"damage_taken":0.0},{"damage_healed":0.0,"max_hp_gain":0.0,"max_hp_loss":0.0,"gold_gain":0.0,"event_name":"Forgotten Altar","player_choice":"Gave Idol","floor":19.0,"relics_lost":["Golden Idol"],"gold_loss":0.0,"damage_taken":0.0,"relics_obtained":["Bloody Idol"]},{"damage_healed":0.0,"max_hp_gain":0.0,"max_hp_loss":0.0,"gold_gain":0.0,"event_name":"Addict","player_choice":"Obtained Relic","floor":24.0,"gold_loss":85.0,"damage_taken":0.0,"relics_obtained":["Vajra"]},{"damage_healed":0.0,"max_hp_gain":0.0,"max_hp_loss":0.0,"gold_gain":0.0,"event_name":"Duplicator","player_choice":"Copied","floor":36.0,"gold_loss":0.0,"damage_taken":0.0,"cards_obtained":["Feel No Pain"]},{"damage_healed":0.0,"max_hp_gain":0.0,"max_hp_loss":0.0,"gold_gain":0.0,"event_name":"MindBloom","player_choice":"Fight","floor":38.0,"gold_loss":0.0,"damage_taken":0.0}],"is_beta":false,"boss_relics":[{"not_picked":["Runic Cube","Busted Crown"],"picked":"Velvet Choker"},{"not_picked":["SlaversCollar","Coffee Dripper"],"picked":"Mark of Pain"}],"items_purged_floors":[8,20,29,37],"is_endless":false,"potions_floor_spawned":[1,3,12,14,21,22,25,27,35,42,46,48],"killed_by":"The Heart","ascension_level":9}}