{"host":"1c6nool597j71r7u","time":1610848553,"event":{"mods":["BaseMod","Colored Powertips","Downfall","Minty Spire (QoL Compilation)","StSLib"],"gold_per_floor":[114,124,124,144,156,156,188,206,254,26,58,58,93,56,56,154,154,172,15,34,34,54,79,79,107,107,107,138,151,71,71,71],"floor_reached":31,"language":"ENG","playtime":1370,"items_purged":["Clumsy"],"score":391,"play_id":"83fbdb1f-d51a-414c-90eb-cd441db4ca73","local_time":"20210116235553","is_ascension_mode":true,"campfire_choices":[{"data":"Defragment","floor":6.0,"key":"SMITH"},{"floor":12.0,"key":"REST"},{"data":"Loop","floor":15.0,"key":"SMITH"},{"data":"Creative AI","floor":24.0,"key":"SMITH"},{"data":"Conserve Battery","floor":27.0,"key":"SMITH"}],"circlet_count":0,"master_deck":["Strike_B","Defend_B","Defend_B","Defend_B","Defend_B","Zap+1","Dualcast","Core Surge","Cold Snap","Ball Lightning","Defragment+1","Conserve Battery+1","Self Repair","Genetic Algorithm","Loop+1","Amplify","Coolheaded+1","Core Surge+1","Sunder+1","Creative AI+1","Ball Lightning+1","Glacier"],"relics":["Cracked Core","Cables","Nunchaku","Happy Flower","Mummified Hand","Toy Ornithopter","Astrolabe","Letter Opener","Pantograph","Ornamental Fan","Potion Belt"],"acts_visited":["Exordium","TheCity"],"potions_floor_usage":[],"damage_taken":[{"damage":4.0,"enemies":"Jaw Worm","floor":1.0,"turns":4.0},{"damage":0.0,"enemies":"Cultist","floor":2.0,"turns":2.0},{"damage":0.0,"enemies":"2 Louse","floor":4.0,"turns":2.0},{"damage":0.0,"enemies":"Exordium Wildlife","floor":5.0,"turns":2.0},{"damage":17.0,"enemies":"3 Sentries","floor":7.0,"turns":6.0},{"damage":6.0,"enemies":"Looter","floor":8.0,"turns":3.0},{"damage":10.0,"enemies":"Gremlin Nob","floor":11.0,"turns":3.0},{"damage":16.0,"enemies":"3 Sentries","floor":13.0,"turns":9.0},{"damage":8.0,"enemies":"The Guardian","floor":16.0,"turns":9.0},{"damage":3.0,"enemies":"Shell Parasite","floor":18.0,"turns":7.0},{"damage":5.0,"enemies":"Chosen","floor":20.0,"turns":4.0},{"damage":13.0,"enemies":"Shelled Parasite and Fungi","floor":22.0,"turns":5.0},{"damage":20.0,"enemies":"Book of Stabbing","floor":23.0,"turns":5.0},{"damage":40.0,"enemies":"Slavers","floor":25.0,"turns":4.0},{"damage":6.0,"enemies":"Gremlin Leader","floor":28.0,"turns":5.0},{"damage":4.0,"enemies":"3 Cultists","floor":29.0,"turns":5.0},{"damage":0,"enemies":"Sentry and Sphere","floor":31,"turns":1}],"seed_played":"-6996938406827741170","potions_obtained":[{"floor":1.0,"key":"Dexterity Potion"},{"floor":8.0,"key":"Swift Potion"},{"floor":11.0,"key":"SkillPotion"},{"floor":16.0,"key":"Regen Potion"},{"floor":22.0,"key":"Strength Potion"},{"floor":25.0,"key":"Weak Potion"}],"is_trial":false,"path_per_floor":["M","M","?","M","M","R","E","M","T","$","E","R","E","$","R","B",null,"M","$","M","$","M","E","R","E","T","R","E","M","$","M"],"character_chosen":"DEFECT","items_purchased":["Happy Flower","Loop","Creative AI","Glacier"],"campfire_rested":1,"item_purchase_floors":[10,14,19,30],"current_hp_per_floor":[71,71,71,71,71,71,54,48,48,48,38,60,51,51,51,50,69,73,73,75,75,69,61,61,42,42,42,48,51,51,51,51],"gold":71,"neow_bonus":"THREE_RARE_CARDS","is_daily":false,"chose_seed":false,"campfire_upgraded":4,"win_rate":0.0,"timestamp":1610848553,"path_taken":["M","M","?","M","?","R","E","M","T","?","E","R","E","$","R","BOSS","M","$","M","?","M","E","R","E","T","R","E","M","?","M"],"items_purchased_type":["Relic","Card","Card","Card"],"build_version":"2020-12-22","purchased_purges":1,"victory":false,"max_hp_per_floor":[75,75,75,75,75,75,75,75,75,75,75,75,75,75,75,75,75,75,75,75,75,75,75,75,75,75,75,75,75,75,75,75],"card_choices":[{"not_picked":["Echo Form","Rainbow"],"picked":"Core Surge","floor":0.0},{"not_picked":["Go for the Eyes","Beam Cell"],"picked":"Cold Snap","floor":1.0},{"not_picked":["Rebound","Hologram"],"picked":"Ball Lightning","floor":2.0},{"not_picked":["Chaos","Darkness"],"picked":"Defragment","floor":4.0},{"not_picked":["Rebound","Go for the Eyes","Streamline"],"picked":"SKIP","floor":5.0},{"not_picked":["Go for the Eyes","Coolheaded"],"picked":"Conserve Battery","floor":7.0},{"not_picked":["Tempest","Redo","Barrage"],"picked":"SKIP","floor":8.0},{"not_picked":["Scrape","Conserve Battery"],"picked":"Self Repair","floor":11.0},{"not_picked":["Multi-Cast","Conserve Battery"],"picked":"Genetic Algorithm","floor":13.0},{"not_picked":["Creative AI","Fission"],"picked":"Amplify","floor":16.0},{"not_picked":["Turbo","Cold Snap","Rip and Tear"],"picked":"SKIP","floor":18.0},{"not_picked":["Cold Snap+1","Scrape"],"picked":"Ball Lightning+1","floor":20.0},{"not_picked":["Defragment","Steam Power","Beam Cell"],"picked":"SKIP","floor":22.0},{"not_picked":["Melter","Sweeping Beam+1","Darkness"],"picked":"SKIP","floor":23.0},{"not_picked":["Leap","Hologram","Meteor Strike"],"picked":"SKIP","floor":25.0},{"not_picked":["Barrage+1","Skim","Sweeping Beam"],"picked":"SKIP","floor":28.0},{"not_picked":["Redo","Consume","Fusion+1"],"picked":"SKIP","floor":29.0}],"player_experience":168241,"relics_obtained":[{"floor":7.0,"key":"Cables"},{"floor":9.0,"key":"Nunchaku"},{"floor":11.0,"key":"Mummified Hand"},{"floor":13.0,"key":"Toy Ornithopter"},{"floor":23.0,"key":"Letter Opener"},{"floor":25.0,"key":"Pantograph"},{"floor":26.0,"key":"Ornamental Fan"},{"floor":28.0,"key":"Potion Belt"}],"event_choices":[{"damage_healed":0.0,"max_hp_gain":0.0,"max_hp_loss":0.0,"gold_gain":0.0,"event_name":"Upgrade Shrine","player_choice":"Upgraded","floor":3.0,"gold_loss":0.0,"damage_taken":0.0,"cards_upgraded":["Zap"]}],"is_beta":false,"boss_relics":[{"not_picked":["Fusion Hammer","Busted Crown"],"picked":"Astrolabe"}],"items_purged_floors":[10],"is_endless":false,"potions_floor_spawned":[1,8,11,16,22,25],"killed_by":"Sentry and Sphere","ascension_level":5}}