{"host":"2tgyrzvaa7l04o2e","time":1610845781,"event":{"mods":["BaseMod","Highlight Path","Minty Spire (QoL Compilation)","Permanent Neow","Relic Stats"],"gold_per_floor":[116,66,78,93,193,193,222,222,222,247,422,433,445,445,445,445,445],"floor_reached":16,"language":"ENG","playtime":698,"items_purged":[],"score":182,"play_id":"a9cda7b7-3a60-402f-9909-e7015def184f","local_time":"20210117020941","is_ascension_mode":true,"campfire_choices":[{"data":"Zap","floor":6,"key":"SMITH"},{"data":"Coolheaded","floor":8,"key":"SMITH"},{"floor":15,"key":"REST"}],"circlet_count":0,"master_deck":["AscendersBane","Strike_B","Strike_B","Strike_B","Defend_B","Defend_B","Defend_B","Defend_B","Zap+1","Dualcast","Compile Driver","Chill","Cold Snap","Coolheaded+1","Glacier","Hologram","Conserve Battery"],"relics":["SacredBark","Omamori","Juzu Bracelet","Letter Opener"],"acts_visited":["Exordium"],"potions_floor_usage":[10],"damage_taken":[{"damage":3.0,"enemies":"2 Louse","floor":1.0,"turns":3.0},{"damage":7.0,"enemies":"Jaw Worm","floor":3.0,"turns":3.0},{"damage":0.0,"enemies":"Cultist","floor":4.0,"turns":4.0},{"damage":12,"enemies":"3 Sentries","floor":7,"turns":11},{"damage":31,"enemies":"Gremlin Nob","floor":10,"turns":4},{"damage":0,"enemies":"2 Fungi Beasts","floor":12,"turns":5},{"damage":1,"enemies":"Red Slaver","floor":13,"turns":5},{"damage":40,"enemies":"The Guardian","floor":16,"turns":14}],"seed_played":"7066411265170957549","potions_obtained":[{"floor":4.0,"key":"GamblersBrew"},{"floor":7,"key":"SteroidPotion"},{"floor":10,"key":"Dexterity Potion"},{"floor":12,"key":"FearPotion"}],"is_trial":false,"path_per_floor":["M","?","M","M","?","R","E","R","T","E","?","M","M","?","R","B"],"character_chosen":"DEFECT","items_purchased":[],"campfire_rested":1,"item_purchase_floors":[],"current_hp_per_floor":[65,65,58,58,58,58,46,46,46,15,15,15,14,14,36,0,0],"gold":445,"neow_bonus":"BOSS_RELIC","is_daily":false,"chose_seed":false,"campfire_upgraded":2,"win_rate":0.0,"timestamp":1610845781,"path_taken":["M","?","M","M","?","R","E","R","T","E","?","M","M","?","R","BOSS"],"items_purchased_type":[],"build_version":"2020-12-22","purchased_purges":0,"victory":false,"max_hp_per_floor":[75,75,75,75,75,75,75,75,75,75,75,75,75,75,75,75,75],"relic_stats":{"counters":[8,49],"Juzu Bracelet":1,"Letter Opener":[25],"obtain_stats":[{"SacredBark":0,"Omamori":7,"Juzu Bracelet":10,"Letter Opener":14,"Cracked Core":0},{"SacredBark":0,"Omamori":4,"Juzu Bracelet":5,"Letter Opener":7,"Cracked Core":0},{"SacredBark":0,"Omamori":21,"Juzu Bracelet":25,"Letter Opener":35,"Cracked Core":0}]},"card_choices":[{"not_picked":["Scrape","Barrage"],"picked":"Compile Driver","floor":1.0},{"not_picked":["Capacitor","Turbo"],"picked":"Chill","floor":3.0},{"not_picked":["Heatsinks","Fusion"],"picked":"Cold Snap","floor":4.0},{"not_picked":["Hologram","Reinforced Body"],"picked":"Coolheaded","floor":7},{"not_picked":["Thunder Strike","Skim"],"picked":"Glacier","floor":10},{"not_picked":["Cold Snap","Storm"],"picked":"Hologram","floor":12},{"not_picked":["Streamline","Turbo"],"picked":"Conserve Battery","floor":13}],"player_experience":634561,"relics_obtained":[{"floor":7,"key":"Omamori"},{"floor":10,"key":"Juzu Bracelet"}],"event_choices":[{"cards_removed":["Strike_B"],"damage_healed":0.0,"max_hp_gain":0.0,"max_hp_loss":0.0,"gold_gain":0.0,"event_name":"The Cleric","player_choice":"Card Removal","floor":2.0,"gold_loss":50.0,"damage_taken":0.0},{"damage_healed":0.0,"max_hp_gain":0.0,"max_hp_loss":0.0,"gold_gain":100.0,"event_name":"Wheel of Change","player_choice":"Gold","floor":5.0,"gold_loss":0.0,"damage_taken":0.0},{"damage_healed":0,"gold_gain":175,"player_choice":"AGREE","damage_taken":0,"max_hp_gain":0,"max_hp_loss":0,"event_name":"Liars Game","floor":11,"gold_loss":0,"cards_obtained":["Doubt"]},{"damage_healed":0,"gold_gain":0,"player_choice":"Gave Potion","damage_taken":0,"relics_obtained":["Letter Opener"],"max_hp_gain":0,"max_hp_loss":0,"event_name":"WeMeetAgain","floor":14,"gold_loss":0}],"is_beta":false,"boss_relics":[],"items_purged_floors":[],"is_endless":false,"potions_floor_spawned":[4,7,10,12],"killed_by":"The Guardian","ascension_level":13}}