{"host":"9h1qbmp5h1ch7u4r","time":1610906635,"event":{"mods":["BaseMod","Lobotomy","Minty Spire (QoL Compilation)","StSLib"],"gold_per_floor":[117,132,132,151,161,176,176,186,236,84,84,97,97,97],"floor_reached":13,"language":"ENG","playtime":649,"items_purged":[],"score":87,"play_id":"a6758086-7f98-43e1-8129-7f662b39029a","local_time":"20210117130355","is_ascension_mode":false,"campfire_choices":[{"data":"Disarm","floor":7,"key":"SMITH"},{"data":"Disarm","floor":11,"key":"SMITH"}],"circlet_count":0,"master_deck":["Strike_R","Strike_R","Strike_R","Defend_R","Defend_R","Defend_R","Defend_R","Bash","UniverseFragment","Freischutz","HappyTeddy","Corruption","Funeral","Power Through","Murderer","OSAHOGD","Shrug It Off"],"relics":["Burning Blood","CogitoBucket","HornCleat","SkinProphecy","Happy Flower"],"acts_visited":["Exordium"],"potions_floor_usage":[6,8],"damage_taken":[{"damage":0.0,"enemies":"2 Louse","floor":1.0,"turns":3.0},{"damage":0.0,"enemies":"Small Slimes","floor":2.0,"turns":4.0},{"damage":5.0,"enemies":"Jaw Worm","floor":4.0,"turns":6.0},{"damage":7.0,"enemies":"Blue Slaver","floor":5.0,"turns":5.0},{"damage":36,"enemies":"Gremlin Nob","floor":6,"turns":6},{"damage":19,"enemies":"Exordium Thugs","floor":8,"turns":5},{"damage":0,"enemies":"Exordium Wildlife","floor":12,"turns":3},{"damage":15,"enemies":"Lagavulin","floor":13,"turns":2}],"seed_played":"6162238860801487855","potions_obtained":[{"floor":1.0,"key":"Swift Potion"},{"floor":6,"key":"Fire Potion"}],"is_trial":false,"path_per_floor":["M","M","?","M","M","E","R","M","T","$","R","M","E"],"character_chosen":"IRONCLAD","items_purchased":["Happy Flower"],"campfire_rested":0,"item_purchase_floors":[10],"current_hp_per_floor":[80,80,85,85,84,57,57,46,46,46,46,49,31,31],"gold":97,"neow_bonus":"","is_daily":false,"chose_seed":false,"campfire_upgraded":2,"win_rate":0.0,"timestamp":1610906635,"path_taken":["M","M","?","M","M","E","R","M","T","?","R","M","E"],"items_purchased_type":["Relic"],"build_version":"2020-12-22","purchased_purges":0,"victory":false,"max_hp_per_floor":[80,80,85,85,85,85,85,85,85,85,85,87,89,89],"card_choices":[{"not_picked":["WallGazer","LittlePrince"],"picked":"UniverseFragment","floor":1.0},{"not_picked":["Shrug It Off","Burning Pact","Reckless Charge"],"picked":"SKIP","floor":1.0},{"not_picked":["RedShoes","SpiderBud"],"picked":"Freischutz","floor":2.0},{"not_picked":["Wild Strike","Rupture"],"picked":"Disarm","floor":2.0},{"not_picked":["PunishingBird","OldLady"],"picked":"HappyTeddy","floor":4.0},{"not_picked":["Warcry","Perfected Strike"],"picked":"Corruption","floor":4.0},{"not_picked":["PunishingBird","ShyLook"],"picked":"Funeral","floor":5.0},{"not_picked":["Cleave","Pommel Strike"],"picked":"Power Through","floor":5.0},{"not_picked":["OSAHOGD","LittleHelper"],"picked":"Murderer","floor":6},{"not_picked":["Twin Strike","Reckless Charge"],"picked":"Disarm","floor":6},{"not_picked":["Wellcheers","Bloodbath"],"picked":"Scorched","floor":8},{"not_picked":["Clothesline","Searing Blow","Clash"],"picked":"SKIP","floor":8},{"not_picked":["BeautyBeast","Variant"],"picked":"OSAHOGD","floor":12},{"not_picked":["Carnage","Rage"],"picked":"Shrug It Off","floor":12}],"player_experience":884500,"relics_obtained":[{"floor":6,"key":"HornCleat"}],"event_choices":[{"damage_healed":0.0,"max_hp_gain":5.0,"max_hp_loss":0.0,"gold_gain":0.0,"event_name":"Big Fish","player_choice":"Donut","floor":3.0,"gold_loss":0.0,"damage_taken":0.0}],"is_beta":false,"boss_relics":[],"items_purged_floors":[],"is_endless":false,"potions_floor_spawned":[1,6],"killed_by":"Lagavulin","ascension_level":0}}