{"host":"paldcvh53cshz2ra","time":1610887900,"event":{"mods":["BaseMod","Downfall","Marisa????????","Minty Spire (QoL Compilation)","Quick Restart","Robot Space Explorer","StSLib","The Cursed","The Forsaken","The Servant 0.9.4","The Wild Card"],"gold_per_floor":[99,116,129,143,163,9,9,9,29,40,40,0,0,14,25,25,25,25],"floor_reached":16,"language":"ENG","playtime":1778,"items_purged":[],"score":96,"play_id":"481ce946-89e2-42ff-9cf8-a0202d1463ce","local_time":"20210117135140","is_ascension_mode":false,"campfire_choices":[{"data":"Guardian:CurlUp","floor":1.0,"key":"SMITH"},{"data":"Guardian:TwinSlam","floor":8.0,"key":"SMITH"},{"data":"Guardian:SentryBeam","floor":11.0,"key":"SMITH"}],"circlet_count":0,"master_deck":["Guardian:Strike_Guardian","Guardian:Strike_Guardian","Guardian:Strike_Guardian","Guardian:Strike_Guardian","Guardian:Defend_Guardian","Guardian:Defend_Guardian","Guardian:Defend_Guardian","Guardian:Defend_Guardian","Guardian:CurlUp+1","Guardian:TwinSlam+1","Guardian:Harden","Guardian:BronzeOrb","Guardian:FloatingOrbs","Guardian:ArmoredProtocol","Guardian:SentryBeam+1","Guardian:Reroute","Guardian:RollAttack","Guardian:CrystalBeam","Guardian:EvasiveProtocol","Guardian:PolyBeam"],"relics":["Guardian:ModeShifter","Gremlin Horn","downfall:BrokenWingStatue"],"acts_visited":["Exordium"],"potions_floor_usage":[16,16,16],"damage_taken":[{"damage":6.0,"enemies":"Cultist","floor":2.0,"turns":4.0},{"damage":10.0,"enemies":"Small Slimes","floor":3.0,"turns":4.0},{"damage":15.0,"enemies":"Jaw Worm","floor":4.0,"turns":5.0},{"damage":7.0,"enemies":"Blue Slaver","floor":5.0,"turns":4.0},{"damage":0.0,"enemies":"downfall:FleeingMerchant","floor":6.0,"turns":4.0},{"damage":4.0,"enemies":"Exordium Thugs","floor":9.0,"turns":5.0},{"damage":10.0,"enemies":"3 Louse","floor":10.0,"turns":3.0},{"damage":5.0,"enemies":"downfall:FleeingMerchant","floor":12.0,"turns":4.0},{"damage":0.0,"enemies":"Gremlin Gang","floor":14.0,"turns":2.0},{"damage":2.0,"enemies":"Blue Slaver","floor":15.0,"turns":4.0},{"damage":29,"enemies":"SI_SHIV_ARCHETYPE","floor":16,"turns":8}],"seed_played":"-7651034308760945284","potions_obtained":[{"floor":4.0,"key":"Dexterity Potion"},{"floor":9.0,"key":"LiquidMemories"},{"floor":10.0,"key":"SteroidPotion"}],"is_trial":false,"path_per_floor":["R","M","M","M","M","$","T","R","M","M","R","$","?","M","M","B"],"character_chosen":"GUARDIAN","items_purchased":["Guardian:ArmoredProtocol","Guardian:Gem_Yellow","Guardian:CrystalBeam"],"campfire_rested":0,"item_purchase_floors":[6,6,12],"current_hp_per_floor":[88,82,72,57,50,50,50,50,46,36,36,31,31,31,29,0,0,0],"gold":25,"neow_bonus":"TEN_PERCENT_HP_BONUS","is_daily":false,"chose_seed":false,"campfire_upgraded":3,"win_rate":0.0,"timestamp":1610887900,"path_taken":["R","M","M","?","M","$","T","R","?","?","R","?","?","M","M","BOSS"],"items_purchased_type":["Card","Card","Card"],"build_version":"2020-12-22","purchased_purges":0,"victory":false,"max_hp_per_floor":[88,88,88,88,88,88,88,88,88,88,88,88,88,88,88,88,88,88],"card_choices":[{"not_picked":["Guardian:Recover","Guardian:Gem_Yellow"],"picked":"Guardian:Gem_Cyan","floor":2.0},{"not_picked":["Guardian:PrismaticBarrier","Guardian:Clone"],"picked":"Guardian:Harden","floor":3.0},{"not_picked":["Guardian:Emergency","Guardian:TemporalShield"],"picked":"Guardian:BronzeOrb","floor":4.0},{"not_picked":["Guardian:Recover","Guardian:Harden"],"picked":"Guardian:Gem_Crimson","floor":5.0},{"not_picked":["Guardian:Suspension","Guardian:WalkerClaw"],"picked":"Guardian:FloatingOrbs","floor":6.0},{"not_picked":["Guardian:Harden","Guardian:Recover"],"picked":"Guardian:SentryBeam","floor":9.0},{"not_picked":["Guardian:VentSteam","Guardian:BodySlam"],"picked":"Guardian:Reroute","floor":10.0},{"not_picked":["Guardian:Gem_Fragmented","Guardian:ChargeCore"],"picked":"Guardian:RollAttack","floor":12.0},{"not_picked":["Guardian:Gem_Yellow","Guardian:HyperBeam_Guardian"],"picked":"Guardian:EvasiveProtocol","floor":14.0},{"not_picked":["Guardian:Repulse","Guardian:Suspension"],"picked":"Guardian:PolyBeam","floor":15.0}],"player_experience":2057037,"relics_obtained":[{"floor":7.0,"key":"Gremlin Horn"}],"event_choices":[],"is_beta":false,"boss_relics":[],"items_purged_floors":[],"is_endless":false,"potions_floor_spawned":[4,9,10,15],"killed_by":"SI_SHIV_ARCHETYPE","ascension_level":0}}