{"host":"fkig9nrckec4xsh0","time":1610917782,"event":{"mods":["BaseMod","Colored Map","Minty Spire (QoL Compilation)","Quick Restart","Replay The Spire","StSLib"],"gold_per_floor":[112,187,265,280,280,280,314,314,341,370,382,1,1,1,1,78,78,97,22,22,38,58,93,115,154,217,229,254,266,305,317,329,415,427,452,483,543,555,577,614,639,680,692,704,729,771,783,813,825,837,837],"floor_reached":50,"language":"ENG","playtime":2128,"items_purged":["Defend_R"],"score":1441,"play_id":"2b5d1e05-d951-4fd4-bd55-20744549a291","local_time":"20210117160942","is_ascension_mode":true,"campfire_choices":[{"data":"Perfected Strike","floor":6.0,"key":"SMITH"},{"data":"Pommel Strike","floor":8.0,"key":"SMITH"},{"data":"Metallicize","floor":13.0,"key":"SMITH"},{"data":"Metallicize","floor":15.0,"key":"SMITH"},{"floor":27,"key":"REST"},{"floor":29,"key":"REST"},{"data":"Perfected Strike","floor":32,"key":"SMITH"},{"data":"Limit Break","floor":47,"key":"SMITH"},{"data":"Immolate","floor":47,"key":"SMITH"},{"data":"Impervious","floor":49,"key":"SMITH"},{"data":"Metallicize","floor":49,"key":"SMITH"}],"circlet_count":0,"master_deck":["AscendersBane","Strike_R","Strike_R+1","Strike_R","Strike_R","Strike_R","Defend_R","Defend_R","Bash","Flex","Perfected Strike+1","Pommel Strike+1","Cleave","Cleave","Metallicize+1","Metallicize+1","Wild Strike+1","Immolate+1","ReplayTheSpireMod:LeadingStrike+1","Replay:Undeath\u0027s Touch","Pommel Strike+1","Metallicize+1","Pommel Strike","Twin Strike+1","Perfected Strike+1","Limit Break+1","Wild Strike+1","ReplayTheSpireMod:Stacked","Impervious+1","Flame Barrier","Pommel Strike"],"relics":["Burning Blood","ReplayTheSpireMod:Lightbulb","Iron Hammer","Shuriken","Replay:Mystery Machine","Blood Vial","Onion Ring","Velvet Choker","MawBank","Snack Pack","Gremlin Food","Divine Protection","Philosopher\u0027s Stone","Replay:Arrowhead","Golden Egg","Counterbalance","BranchBurnRelic"],"acts_visited":["Exordium","TheCity","TheBeyond"],"potions_floor_usage":[23,25,33,36,37,46,50,50],"damage_taken":[{"damage":1.0,"enemies":"Cultist","floor":1.0,"turns":4.0},{"damage":4.0,"enemies":"Jaw Worm","floor":4.0,"turns":2.0},{"damage":35.0,"enemies":"Lagavulin","floor":7.0,"turns":4.0},{"damage":18.0,"enemies":"Gremlin Nob","floor":10.0,"turns":3.0},{"damage":0.0,"enemies":"Small Slimes","floor":11.0,"turns":2.0},{"damage":18.0,"enemies":"Hexaghost","floor":16.0,"turns":9.0},{"damage":12.0,"enemies":"2 Thieves","floor":18.0,"turns":3.0},{"damage":10.0,"enemies":"3 Byrds","floor":21.0,"turns":4.0},{"damage":31,"enemies":"Centurion and Healer","floor":22,"turns":4},{"damage":28,"enemies":"Slavers","floor":23,"turns":4},{"damage":0,"enemies":"3 Cultists","floor":24,"turns":2},{"damage":29,"enemies":"Book of Stabbing","floor":25,"turns":4},{"damage":6,"enemies":"Shelled Parasite and Fungi","floor":28,"turns":3},{"damage":27,"enemies":"Slavers","floor":30,"turns":3},{"damage":55,"enemies":"Pondfish","floor":33,"turns":10},{"damage":0,"enemies":"Orb Walker","floor":35,"turns":1},{"damage":4,"enemies":"3 Shapes","floor":36,"turns":1},{"damage":23,"enemies":"2 Orb Walkers","floor":37,"turns":4},{"damage":26,"enemies":"Sphere and 2 Shapes","floor":39,"turns":3},{"damage":7,"enemies":"R_Hoarder","floor":40,"turns":7},{"damage":12,"enemies":"Maw","floor":41,"turns":5},{"damage":0,"enemies":"Reptomancer","floor":42,"turns":3},{"damage":0,"enemies":"3 Darklings","floor":45,"turns":2},{"damage":25,"enemies":"R_Hoarder","floor":46,"turns":7},{"damage":7,"enemies":"Writhing Mass","floor":48,"turns":4},{"damage":98,"enemies":"Awakened One","floor":50,"turns":5}],"seed_played":"-5606985182722221028","potions_obtained":[{"floor":7.0,"key":"Reflective Coating"},{"floor":10.0,"key":"LiquidBronze"},{"floor":14.0,"key":"FairyPotion"},{"floor":14.0,"key":"LiquidMemories"},{"floor":16.0,"key":"ColorlessPotion"},{"floor":21,"key":"PowerPotion"},{"floor":23,"key":"SkillPotion"},{"floor":25,"key":"SkillPotion"},{"floor":30,"key":"Strength Potion"},{"floor":35,"key":"Swift Potion"},{"floor":37,"key":"PowerPotion"},{"floor":41,"key":"Swift Potion"},{"floor":45,"key":"DuplicationPotion"}],"is_trial":false,"path_per_floor":["M","?","T","M","?","R","E","R","T","E","M","$","R","?","R","B",null,"M","$","$","M","M","E","M","E","T","R","M","R","E","?","R","B",null,"M","M","?","?","M","E","M","E","T","?","M","E","R","M","R","B"],"character_chosen":"IRONCLAD","items_purchased":["Onion Ring","Metallicize","Wild Strike"],"campfire_rested":2,"item_purchase_floors":[12,12,12],"current_hp_per_floor":[73,62,62,64,64,64,35,35,35,23,31,31,31,31,31,21,62,58,58,58,56,33,13,21,28,28,50,54,75,58,58,58,23,62,72,75,58,58,44,53,53,65,65,65,75,58,58,71,71,0,0],"gold":837,"neow_bonus":"RANDOM_COMMON_RELIC","is_daily":false,"chose_seed":false,"campfire_upgraded":9,"win_rate":0.0,"timestamp":1610917782,"path_taken":["M","?","?","M","?","R","E","R","T","E","M","$","R","?","R","BOSS","M","?","$","M","M","E","M","E","T","R","M","R","E","?","R","BOSS","M","M","?","?","M","E","M","E","T","?","M","E","R","?","R","BOSS"],"items_purchased_type":["Relic","Card","Card"],"build_version":"2020-12-22","purchased_purges":1,"victory":false,"max_hp_per_floor":[75,75,75,75,75,75,75,75,75,75,75,75,75,75,75,75,75,75,75,75,75,75,75,75,75,75,75,75,75,75,75,75,75,75,75,75,75,75,75,75,75,75,75,75,75,75,75,75,75,75,75],"card_choices":[{"not_picked":["Feel No Pain","Heavy Blade"],"picked":"Flex","floor":1.0},{"not_picked":["Warcry","Anger"],"picked":"Perfected Strike","floor":4.0},{"not_picked":["Hemogenesis","Shrug It Off"],"picked":"Pommel Strike","floor":7.0},{"not_picked":["Clash","Burning Pact"],"picked":"Cleave","floor":10.0},{"not_picked":["Havoc","Run Through"],"picked":"Cleave","floor":11.0},{"not_picked":["Exhume","Impervious"],"picked":"Immolate","floor":16.0},{"not_picked":["Pommel Strike","Intimidate"],"picked":"ReplayTheSpireMod:LeadingStrike+1","floor":18.0},{"not_picked":["Clash","Defy Death"],"picked":"Replay:Undeath\u0027s Touch","floor":21},{"not_picked":["Armaments","Cleave","Defy Death"],"picked":"SKIP","floor":22},{"not_picked":["Exhume","Warcry"],"picked":"Pommel Strike","floor":23},{"not_picked":["Cleave","Heavy Blade"],"picked":"Metallicize","floor":24},{"not_picked":["Armaments+1","Sword Boomerang"],"picked":"Pommel Strike","floor":25},{"not_picked":["Flex","True Grit"],"picked":"Twin Strike+1","floor":28},{"not_picked":["Body Slam","Infernal Blade","True Grit"],"picked":"SKIP","floor":30},{"not_picked":["Barricade","Exhume"],"picked":"Limit Break","floor":33},{"not_picked":["Thunderclap+1","Carnage"],"picked":"Wild Strike+1","floor":35},{"not_picked":["Thunderclap","Havoc","Entrench"],"picked":"SKIP","floor":36},{"not_picked":["Pummel+1","Replay:Undeath\u0027s Touch+1"],"picked":"ReplayTheSpireMod:Stacked","floor":37},{"not_picked":["Sever Soul","Iron Wave","Flex"],"picked":"SKIP","floor":39},{"not_picked":["Warcry","Seeing Red"],"picked":"Impervious","floor":40},{"not_picked":["Flex","True Grit","Run Through"],"picked":"SKIP","floor":41},{"not_picked":["Exhume","Havoc+1"],"picked":"Flame Barrier","floor":42},{"not_picked":["Blood for Blood","Body Slam","Thunderclap"],"picked":"SKIP","floor":45},{"not_picked":["Bludgeon","Clothesline"],"picked":"Pommel Strike","floor":46},{"not_picked":["Rupture","Evolve","Sentinel"],"picked":"SKIP","floor":48}],"player_experience":333823,"relics_obtained":[{"floor":3.0,"key":"Iron Hammer"},{"floor":7.0,"key":"Shuriken"},{"floor":9.0,"key":"Replay:Mystery Machine"},{"floor":10.0,"key":"Blood Vial"},{"floor":23,"key":"MawBank"},{"floor":25,"key":"Snack Pack"},{"floor":26,"key":"Gremlin Food"},{"floor":30,"key":"Divine Protection"},{"floor":37,"key":"Replay:Arrowhead"},{"floor":40,"key":"Dead Branch"},{"floor":42,"key":"Golden Egg"},{"floor":46,"key":"Counterbalance"}],"event_choices":[{"damage_healed":0.0,"max_hp_gain":0.0,"max_hp_loss":0.0,"gold_gain":75.0,"event_name":"World of Goop","player_choice":"Gather Gold","floor":2.0,"gold_loss":0.0,"damage_taken":11.0},{"damage_healed":0.0,"max_hp_gain":0.0,"max_hp_loss":0.0,"gold_gain":0.0,"event_name":"Lab","player_choice":"Got Potions","floor":14.0,"gold_loss":0.0,"damage_taken":0.0},{"damage_healed":0,"gold_gain":0,"player_choice":"Read","damage_taken":0,"max_hp_gain":0,"max_hp_loss":0,"event_name":"The Library","floor":31,"gold_loss":0,"cards_obtained":["Perfected Strike"]},{"damage_healed":0,"gold_gain":0,"player_choice":"Fight","damage_taken":0,"max_hp_gain":0,"max_hp_loss":0,"event_name":"Mysterious Sphere","floor":37,"gold_loss":0},{"damage_healed":0,"gold_gain":0,"player_choice":"Ignored","damage_taken":0,"max_hp_gain":0,"max_hp_loss":0,"event_name":"Tomb of Lord Red Mask","floor":38,"gold_loss":0},{"cards_removed":["Defend_R"],"damage_healed":0,"gold_gain":0,"player_choice":"Purged","damage_taken":0,"max_hp_gain":0,"max_hp_loss":0,"event_name":"Purifier","floor":44,"gold_loss":0}],"is_beta":false,"boss_relics":[{"not_picked":["Sozu","Runic Pyramid"],"picked":"Velvet Choker"},{"not_picked":["Electric Blood","Runic Dome"],"picked":"Philosopher\u0027s Stone"}],"items_purged_floors":[19],"is_endless":false,"potions_floor_spawned":[7,10,16,21,23,24,25,30,35,37,41,45],"killed_by":"Awakened One","ascension_level":16}}