{"host":"1a3cjta80tad0aqj","time":1610905883,"event":{"mods":["2.2 Compatiblity","AchievementEnabler","BaseMod","Colored Map","DeckTracker","KOR Keyword Fix","Keyboard Shortcuts","Minty Spire (QoL Compilation)","Permanent Neow","Quick Restart","Random Character Button","StSLib","SuperFastMode","everything is the same but u backflip on backflip"],"gold_per_floor":[110,31,31,31,49,49,74,74,98,116,116,146,146,164,164,236,286,300,310,325,250,261,287,287,287,287],"floor_reached":25,"language":"KOR","playtime":975,"items_purged":[],"score":393,"play_id":"f9fc2ea7-e0fb-44f0-a6d9-d41972045f7f","local_time":"20210118025123","is_ascension_mode":true,"campfire_choices":[{"data":"Eruption","floor":6,"key":"SMITH"},{"floor":8,"key":"REST"},{"floor":11,"key":"REST"},{"floor":13,"key":"REST"},{"data":"EmptyFist","floor":15,"key":"SMITH"},{"floor":24,"key":"REST"}],"circlet_count":0,"master_deck":["AscendersBane","Strike_P","Strike_P","Strike_P+1","Defend_P+1","Defend_P","Defend_P","Defend_P+1","Eruption+1","Vigilance","Halt","MentalFortress","EmptyFist+1","FollowUp","SashWhip","EmptyBody","DeusExMachina","FlurryOfBlows","Tantrum","FearNoEvil","BowlingBash"],"relics":["PureWater","Vajra","Singing Bowl","Oddly Smooth Stone","Question Card","Tiny House","Juzu Bracelet"],"acts_visited":["Exordium","TheCity"],"potions_floor_usage":[23,25],"damage_taken":[{"damage":0,"enemies":"2 Louse","floor":1,"turns":3},{"damage":2,"enemies":"Jaw Worm","floor":5,"turns":5},{"damage":26,"enemies":"Lagavulin","floor":7,"turns":5},{"damage":0,"enemies":"Cultist","floor":10,"turns":3},{"damage":25,"enemies":"3 Sentries","floor":12,"turns":11},{"damage":0,"enemies":"Large Slime","floor":14,"turns":2},{"damage":8,"enemies":"Slime Boss","floor":16,"turns":14},{"damage":0,"enemies":"Chosen","floor":18,"turns":3},{"damage":7,"enemies":"Spheric Guardian","floor":19,"turns":3},{"damage":10,"enemies":"Centurion and Healer","floor":20,"turns":4},{"damage":10,"enemies":"Cultist and Chosen","floor":22,"turns":6},{"damage":66,"enemies":"Gremlin Leader","floor":23,"turns":5},{"damage":39,"enemies":"Slavers","floor":25,"turns":2}],"seed_played":"8600814555349155069","potions_obtained":[{"floor":4,"key":"StancePotion"},{"floor":4,"key":"Block Potion"},{"floor":20,"key":"FairyPotion"},{"floor":23,"key":"GamblersBrew"}],"is_trial":false,"path_per_floor":["M","$","?","?","M","R","E","R","T","M","R","E","R","M","R","B",null,"M","M","M","?","M","E","R","E"],"character_chosen":"WATCHER","items_purchased":["MentalFortress"],"campfire_rested":4,"item_purchase_floors":[2],"current_hp_per_floor":[61,61,47,47,45,45,21,42,42,42,63,38,59,59,59,51,70,70,65,55,55,45,11,34,0,0],"gold":287,"neow_bonus":"RANDOM_COMMON_RELIC","is_daily":false,"chose_seed":false,"campfire_upgraded":2,"win_rate":0.0,"timestamp":1610905883,"path_taken":["M","$","?","?","M","R","E","R","T","M","R","E","R","M","R","BOSS","M","?","M","?","M","E","R","E"],"items_purchased_type":["Card"],"build_version":"2020-12-22","purchased_purges":0,"victory":false,"max_hp_per_floor":[68,68,68,68,68,68,70,70,70,70,70,70,70,70,70,70,75,75,77,77,77,77,79,79,79,79],"card_choices":[{"not_picked":["Consecrate","WaveOfTheHand"],"picked":"Halt","floor":1},{"not_picked":["JustLucky","FollowUp"],"picked":"EmptyFist","floor":5},{"not_picked":["WaveOfTheHand","ConjureBlade","DeceiveReality"],"picked":"Singing Bowl","floor":7},{"not_picked":["Indignation","JustLucky"],"picked":"FollowUp","floor":10},{"not_picked":["ClearTheMind","MentalFortress"],"picked":"SashWhip","floor":12},{"not_picked":["Crescendo","WindmillStrike","ClearTheMind"],"picked":"EmptyBody","floor":14},{"not_picked":["Establishment","Wish","Brilliance"],"picked":"DeusExMachina","floor":16},{"not_picked":["Halt","Consecrate","Sanctity"],"picked":"FlurryOfBlows","floor":17},{"not_picked":["ClearTheMind","Consecrate","BattleHymn"],"picked":"Tantrum","floor":18},{"not_picked":["Collect","Protect","Study","Weave+1"],"picked":"Singing Bowl","floor":19},{"not_picked":["BowlingBash","InnerPeace","Protect"],"picked":"FearNoEvil","floor":20},{"not_picked":["LikeWater","Swivel+1","FlurryOfBlows"],"picked":"BowlingBash","floor":22},{"not_picked":["BowlingBash","FollowUp+1","MentalFortress","ClearTheMind"],"picked":"Singing Bowl","floor":23}],"player_experience":723156,"relics_obtained":[{"floor":7,"key":"Singing Bowl"},{"floor":9,"key":"Oddly Smooth Stone"},{"floor":12,"key":"Question Card"},{"floor":23,"key":"Juzu Bracelet"}],"event_choices":[{"damage_healed":0,"gold_gain":0,"player_choice":"Entered Light","damage_taken":14,"max_hp_gain":0,"max_hp_loss":0,"event_name":"Shining Light","floor":3,"gold_loss":0,"cards_upgraded":["Defend_P","Defend_P"]},{"damage_healed":0,"gold_gain":0,"player_choice":"Got Potions","damage_taken":0,"max_hp_gain":0,"max_hp_loss":0,"event_name":"Lab","floor":4,"gold_loss":0},{"cards_removed":["Strike_P"],"damage_healed":0,"gold_gain":0,"player_choice":"Gave Gold","damage_taken":0,"max_hp_gain":0,"max_hp_loss":0,"event_name":"Beggar","floor":21,"gold_loss":75}],"is_beta":false,"boss_relics":[{"not_picked":["Runic Dome","Ectoplasm"],"picked":"Tiny House"}],"items_purged_floors":[],"is_endless":false,"potions_floor_spawned":[10,16,20,23],"killed_by":"Slavers","ascension_level":14}}