{"host":"49c2zf0lajbcs427","time":1610926337,"event":{"mods":["AchievementEnabler","BaseMod","Colored Map","Colored Powertips","Highlight Path","Key Reminder","Minty Spire (QoL Compilation)","Relic Stats","StSLib"],"gold_per_floor":[110,38,38,57,74,74,109,120,147,158,108,147,147,158,158,265,265,284,293,218,218,232,270,5,34,34,43,67,67,67],"floor_reached":29,"language":"ENG","playtime":1367,"items_purged":["Strike_B"],"score":255,"play_id":"172bd2fc-1550-45c3-a032-e69e47d42595","local_time":"20210118123217","is_ascension_mode":false,"campfire_choices":[{"data":"Streamline","floor":6,"key":"SMITH"},{"data":"Defragment","floor":13,"key":"SMITH"},{"data":"Genetic Algorithm","floor":15,"key":"SMITH"}],"circlet_count":0,"master_deck":["Defend_B","Defend_B","Defend_B","Zap","Dualcast","Compile Driver","Streamline+1","Beam Cell+1","Coolheaded","Genetic Algorithm+1","Defragment+1","Coolheaded","Creative AI","Biased Cognition","Redo","Decay","Go for the Eyes+1"],"relics":["Cracked Core","Blood Vial","DataDisk","CeramicFish","SlaversCollar","Eternal Feather","Happy Flower","Membership Card","Lantern","Pantograph"],"acts_visited":["Exordium","TheCity"],"potions_floor_usage":[12,16,22,22,23],"damage_taken":[{"damage":2,"enemies":"Jaw Worm","floor":1,"turns":4},{"damage":0,"enemies":"Cultist","floor":4,"turns":2},{"damage":0,"enemies":"2 Louse","floor":5,"turns":2},{"damage":11,"enemies":"Gremlin Nob","floor":7,"turns":3},{"damage":5,"enemies":"2 Fungi Beasts","floor":8,"turns":3},{"damage":0,"enemies":"Large Slime","floor":10,"turns":3},{"damage":14,"enemies":"Lagavulin","floor":12,"turns":4},{"damage":2,"enemies":"3 Louse","floor":14,"turns":3},{"damage":6,"enemies":"Slime Boss","floor":16,"turns":7},{"damage":20,"enemies":"2 Thieves","floor":18,"turns":3},{"damage":25,"enemies":"3 Byrds","floor":22,"turns":6},{"damage":11,"enemies":"Gremlin Leader","floor":23,"turns":7},{"damage":11,"enemies":"Snake Plant","floor":25,"turns":4},{"damage":8,"enemies":"Shelled Parasite and Fungi","floor":28,"turns":4},{"damage":9,"enemies":"Snecko","floor":29,"turns":5}],"seed_played":"-8040442976054587876","potions_obtained":[{"floor":1,"key":"Fire Potion"},{"floor":4,"key":"Energy Potion"},{"floor":8,"key":"SpeedPotion"},{"floor":14,"key":"SpeedPotion"},{"floor":16,"key":"SpeedPotion"},{"floor":18,"key":"SkillPotion"}],"is_trial":false,"path_per_floor":["M","$","?","M","M","R","E","M","T","M","?","E","R","M","R","B",null,"M","?","?","?","M","E","$","M","T","?","M","M"],"character_chosen":"DEFECT","items_purchased":["Streamline","Beam Cell","Membership Card","Lantern"],"campfire_rested":0,"item_purchase_floors":[2,2,24,24],"current_hp_per_floor":[66,66,66,66,66,66,55,52,52,54,54,42,42,42,42,38,68,48,48,48,48,25,16,16,7,7,7,1,0,0],"gold":67,"neow_bonus":"REMOVE_TWO","is_daily":false,"chose_seed":false,"campfire_upgraded":3,"win_rate":0.0,"timestamp":1610926337,"path_taken":["M","$","?","M","?","R","E","M","T","M","?","E","R","M","R","BOSS","M","?","?","?","?","E","$","M","T","?","M","M"],"items_purchased_type":["Card","Card","Relic","Relic"],"build_version":"2020-12-22","purchased_purges":1,"victory":false,"max_hp_per_floor":[68,68,68,68,68,68,68,68,68,68,68,68,68,68,68,68,68,68,68,68,68,68,68,68,68,68,68,68,68,68],"relic_stats":{"Blood Vial":20,"Happy Flower":[4],"counters":[15,60],"CeramicFish":63,"Pantograph":0,"Eternal Feather":0,"obtain_stats":[{"Blood Vial":7,"SlaversCollar":17,"DataDisk":9,"Lantern":24,"Happy Flower":23,"CeramicFish":12,"Pantograph":26,"Eternal Feather":19,"Membership Card":24,"Cracked Core":0},{"Blood Vial":4,"SlaversCollar":9,"DataDisk":5,"Lantern":12,"Happy Flower":12,"CeramicFish":7,"Pantograph":13,"Eternal Feather":10,"Membership Card":12,"Cracked Core":0},{"Blood Vial":11,"SlaversCollar":31,"DataDisk":14,"Lantern":47,"Happy Flower":47,"CeramicFish":21,"Pantograph":51,"Eternal Feather":34,"Membership Card":47,"Cracked Core":0}]},"card_choices":[{"not_picked":["Undo","Reinforced Body"],"picked":"Compile Driver","floor":1},{"not_picked":["Doom and Gloom","Force Field"],"picked":"Coolheaded","floor":4},{"not_picked":["Melter","Heatsinks","Consume"],"picked":"SKIP","floor":5},{"not_picked":["Compile Driver","Steam Power","Leap"],"picked":"SKIP","floor":7},{"not_picked":["Hologram","Heatsinks"],"picked":"Genetic Algorithm","floor":8},{"not_picked":["Fusion","Capacitor"],"picked":"Defragment","floor":10},{"not_picked":["Tempest","Turbo"],"picked":"Coolheaded","floor":12},{"not_picked":["Leap","Rebound","Sweeping Beam"],"picked":"SKIP","floor":14},{"not_picked":["Hyperbeam","Machine Learning"],"picked":"Creative AI","floor":16},{"not_picked":["Turbo+1","Tempest","Steam"],"picked":"SKIP","floor":18},{"not_picked":["Sweeping Beam","Rebound+1","Go for the Eyes"],"picked":"SKIP","floor":22},{"not_picked":["Recycle","Streamline+1"],"picked":"Biased Cognition","floor":23},{"not_picked":["Coolheaded","Gash"],"picked":"Redo","floor":25},{"not_picked":["Sweeping Beam","Steam+1"],"picked":"Go for the Eyes+1","floor":28}],"player_experience":2317624,"relics_obtained":[{"floor":7,"key":"Blood Vial"},{"floor":9,"key":"DataDisk"},{"floor":12,"key":"CeramicFish"},{"floor":23,"key":"Happy Flower"},{"floor":26,"key":"Pantograph"}],"event_choices":[{"damage_healed":0,"gold_gain":0,"player_choice":"Upgraded","damage_taken":0,"max_hp_gain":0,"max_hp_loss":0,"event_name":"Upgrade Shrine","floor":3,"gold_loss":0,"cards_upgraded":["Beam Cell"]},{"cards_removed":["Strike_B"],"damage_healed":0,"gold_gain":0,"player_choice":"Card Removal","damage_taken":0,"max_hp_gain":0,"max_hp_loss":0,"event_name":"The Cleric","floor":11,"gold_loss":50},{"damage_healed":0,"gold_gain":0,"player_choice":"Opened","damage_taken":0,"relics_obtained":["Eternal Feather"],"max_hp_gain":0,"max_hp_loss":0,"event_name":"The Mausoleum","floor":19,"gold_loss":0,"cards_obtained":["Writhe"]},{"cards_removed":["Writhe"],"damage_healed":0,"gold_gain":0,"player_choice":"Gave Gold","damage_taken":0,"max_hp_gain":0,"max_hp_loss":0,"event_name":"Beggar","floor":20,"gold_loss":75},{"cards_removed":["Strike_B"],"damage_healed":0,"gold_gain":0,"player_choice":"Purged","damage_taken":0,"max_hp_gain":0,"max_hp_loss":0,"event_name":"Purifier","floor":21,"gold_loss":0},{"damage_healed":0,"gold_gain":0,"player_choice":"Smashed Altar","damage_taken":0,"max_hp_gain":0,"max_hp_loss":0,"event_name":"Forgotten Altar","floor":27,"gold_loss":0,"cards_obtained":["Decay"]}],"is_beta":false,"boss_relics":[{"not_picked":["Calling Bell","Velvet Choker"],"picked":"SlaversCollar"}],"items_purged_floors":[24],"is_endless":false,"potions_floor_spawned":[1,4,8,14,16,18],"killed_by":"Snecko","ascension_level":0}}