{"host":"a4gjzfht57229mxe","time":1610847988,"event":{"mods":["ATMod(∞¢Ë™Mod)","Act Like it!","BaseMod","Friendly Minions","GifTheSpireLib","Lobotomy","LobotomyExtend","Minty Spire (QoL Compilation)","MostiFishMod","Remilia£®¿Ÿ√◊¿Ú—«£©","Replay The Spire","Shop Mod","Spicy Shops","StSLib","UnlockEverythingMod","Waifu the Spire","Youmu£®ªÍ∆«—˝√Œ£©","noobMod","°æπ¶ƒ‹Mod°øªÏ„Á÷Æª∑–ﬁ∏¥≤π∂°","°æ“≈ŒÔø®≈∆°øREMEMod"],"gold_per_floor":[112,131,151,151,0,33,33,61,86,86,112,146,157,157,157,260,260,273,273,291,303,303],"floor_reached":21,"language":"ZHS","playtime":1505,"items_purged":["FourBirthsSword"],"score":332,"play_id":"619b0fa5-e9e0-4fd3-ab70-84b5dcdf38ad","local_time":"20210117094628","daily_mods":["Draft","Heirloom","DeadlyEvents","Elite Swarm","Uncertain Future"],"is_ascension_mode":false,"campfire_choices":[{"data":"AT_ShrugMaster","floor":7,"key":"SMITH"},{"data":"HeavenSword","floor":10,"key":"SMITH"},{"data":"IrresoluteSoul","floor":15,"key":"SMITH"}],"circlet_count":0,"master_deck":["AT_ShrugMaster+1","HellRealmSword","PretaSword","CherryBlossomFlashing","SuddenPhantomFormationSlashOfKarmicWind","SpiritCuttingSword","ThreeKonsSevenHakus","GhostSword","CrescentMoonSlash","CherryBlossomFlashing","ObsessionWithThePresentWorld","ThoughtCuttingSword","SwordExtraction","ConstancyOfTheConventionalTruth+1","SpiritMediumsBind+1","HeavenSword+1","SuddenDivineSeveringOfKarmicWind","HeavenGodSword","IrresoluteSoul+1"],"relics":["HalfPhantom","DaveBox","ice","REME_ComplimentaryCards","AT_ATBox","Dodecahedron","MerchantsRug","Replay:Ringing Soul","AT_BellDemon","Wakizashi","Calipers","LetterFromLob"],"acts_visited":["Exordium","TheCity"],"potions_floor_usage":[],"damage_taken":[{"damage":0,"enemies":"2 Louse","floor":1,"turns":2},{"damage":0,"enemies":"Cultist","floor":2,"turns":4},{"damage":0,"enemies":"Small Slimes","floor":3,"turns":2},{"damage":0,"enemies":"Gremlin Nob","floor":6,"turns":4},{"damage":0,"enemies":"Lagavulin","floor":8,"turns":5},{"damage":1,"enemies":"Gremlin Nob","floor":11,"turns":4},{"damage":0,"enemies":"Lagavulin","floor":12,"turns":4},{"damage":0,"enemies":"Exordium Thugs","floor":13,"turns":4},{"damage":0,"enemies":"The Guardian","floor":16,"turns":8},{"damage":0,"enemies":"Spheric Guardian","floor":18,"turns":4},{"damage":0,"enemies":"3 Byrds","floor":20,"turns":3}],"seed_played":"403923604499484667","potions_obtained":[{"floor":16,"key":"SteroidPotion"}],"is_trial":true,"path_per_floor":["M","M","M","?","$","E","R","E","T","R","E","E","M","?","R","B",null,"M","?","M","$"],"character_chosen":"YOUMU","items_purchased":["MerchantsRug"],"campfire_rested":0,"item_purchase_floors":[5],"current_hp_per_floor":[75,75,75,75,75,78,78,81,81,81,83,86,86,86,86,86,87,87,87,87,87,87],"gold":303,"neow_bonus":"","is_daily":false,"chose_seed":false,"campfire_upgraded":3,"win_rate":0.0,"timestamp":1610847988,"path_taken":["M","M","M","?","$","E","R","E","T","R","E","?","M","?","R","BOSS","M","?","M","$"],"items_purchased_type":["Relic"],"build_version":"2020-12-22","purchased_purges":1,"victory":false,"max_hp_per_floor":[75,75,75,75,75,78,78,81,81,81,84,87,87,87,87,87,87,87,87,87,87,87],"card_choices":[{"not_picked":["SpiritCuttingSword","ThoughtCuttingSword"],"picked":"PretaSword","floor":0},{"not_picked":["ThoughtCuttingSword","SanzenSekai"],"picked":"CherryBlossomFlashing","floor":0},{"not_picked":["SanzenSekai","ThreeKonsSevenHakus"],"picked":"SuddenPhantomFormationSlashOfKarmicWind","floor":0},{"not_picked":["SlashOfAscensionToBuddhahood","ThoughtCuttingSword"],"picked":"SpiritCuttingSword","floor":0},{"not_picked":["SpiritCuttingSword","SwordOfBindingDesires"],"picked":"ThreeKonsSevenHakus","floor":0},{"not_picked":["SlashOfMeditation","EchoesOfTheInclemencyOfAllBeings"],"picked":"GhostSword","floor":0},{"not_picked":["TwoHundredYojanaInOneSlash","HesitationCuttingSword"],"picked":"CrescentMoonSlash","floor":0},{"not_picked":["CrescentMoonSlash","DispleasureOfTheSevenHakus"],"picked":"CherryBlossomFlashing","floor":0},{"not_picked":["LifeCuttingSword","TwoHundredYojanaInOneSlash"],"picked":"ObsessionWithThePresentWorld","floor":0},{"not_picked":["LifeCuttingSword","HumanKnowledgeSword"],"picked":"ThoughtCuttingSword","floor":0},{"not_picked":["ConstancyOfTheConventionalTruth","LowerRealmReflectionSlash"],"picked":"SwordExtraction","floor":0},{"not_picked":["TwoHundredYojanaInOneSlash","ThoughtCuttingSword"],"picked":"SlashOfMeditation","floor":0},{"not_picked":["HumanKnowledgeSword","LifeCuttingSword"],"picked":"ConstancyOfTheConventionalTruth","floor":0},{"not_picked":["HumanKnowledgeSword","BloodOfAsura"],"picked":"SpiritMediumsBind","floor":0},{"not_picked":["ThreeKonsSevenHakus","AsTheSilentNirvana"],"picked":"FourBirthsSword","floor":0},{"not_picked":["SwordOfBindingDesires","LifeCuttingSword","ThreeKonsSevenHakus"],"picked":"SKIP","floor":1},{"not_picked":["PhosphoricSlash","TwoHundredYojanaInOneSlash","FlashingScatteredFlowers"],"picked":"SKIP","floor":2},{"not_picked":["LifeCuttingSword","FlashingScatteredFlowers","TwoHundredYojanaInOneSlash"],"picked":"SKIP","floor":3},{"not_picked":["StrangeHalfBody","AsuraSword"],"picked":"HeavenSword","floor":6},{"not_picked":["DeadlyForm","CherryBlossomSword"],"picked":"SuddenDivineSeveringOfKarmicWind","floor":8},{"not_picked":["AsuraSword","SuddenDivineSeveringOfKarmicWind"],"picked":"HeavenGodSword","floor":11},{"not_picked":["CherryBlossomSword","HellRealmSword"],"picked":"IrresoluteSoul","floor":12},{"not_picked":["HumanKnowledgeSword","DispleasureOfTheSevenHakus","HeavenlyHaloSlash"],"picked":"SKIP","floor":13},{"not_picked":["ThreeKonsSevenHakus","SwordExtraction","SpiritCuttingSword"],"picked":"SKIP","floor":18},{"not_picked":["PreachingAvici+1","HumanKnowledgeSword","LifeCuttingSword"],"picked":"SKIP","floor":20}],"player_experience":27551,"relics_obtained":[{"floor":6,"key":"Replay:Ringing Soul"},{"floor":8,"key":"War Paint"},{"floor":9,"key":"AT_BellDemon"},{"floor":11,"key":"Wakizashi"},{"floor":12,"key":"Calipers"},{"floor":16,"key":"LetterFromLob"}],"event_choices":[{"cards_removed":["SlashOfMeditation"],"damage_healed":0,"gold_gain":0,"player_choice":"Purged","damage_taken":0,"max_hp_gain":0,"max_hp_loss":0,"event_name":"Purifier","floor":4,"gold_loss":0},{"damage_healed":0,"gold_gain":0,"player_choice":"Ignored","damage_taken":0,"max_hp_gain":0,"max_hp_loss":0,"event_name":"NoteForYourself","floor":14,"gold_loss":0}],"is_beta":false,"boss_relics":[{"not_picked":["Runic Dome","xbg","Velvet Choker"]}],"items_purged_floors":[21],"is_endless":true,"potions_floor_spawned":[3,8,16],"ascension_level":0}}