{"host":"d5i1qeb9dejicw1z","time":1610868903,"event":{"mods":["AchievementEnabler","BaseMod","Better Note","BetterRewards","Downfall","Gold Saver","Hermit","Minty Spire (QoL Compilation)","StSLib"],"gold_per_floor":[698,710,710,710,729,744,767,781,795,795,292,306,306,324,336,432,432,432,432,432],"floor_reached":19,"language":"ENG","playtime":1267,"items_purged":["sneckomod:TailWhip"],"score":161,"play_id":"be425e89-3365-44da-ac4f-5d1028ad5e9c","local_time":"20210116233503","is_ascension_mode":false,"campfire_choices":[],"circlet_count":0,"master_deck":["sneckomod:Strike","sneckomod:Strike","sneckomod:Strike","sneckomod:Defend","sneckomod:Defend","sneckomod:Defend","sneckomod:Unknown","Slimebound:SplitSpecialist+1","sneckomod:IronFang","sneckomod:WideSting","sneckomod:QuickBite+1","sneckomod:IronFang","sneckomod:ImprovisedGuard","sneckomod:UnknownUncommonPower","expansioncontent:StudyTheSpire","sneckomod:CheapStock","Flex","sneckomod:DefensiveFlair","sneckomod:Restock","Slimebound:GoopSpray"],"relics":["sneckomod:SneckoSoul","Omamori","sneckomod:LoadedDie","Runic Dome"],"acts_visited":["Exordium","TheCity"],"potions_floor_usage":[8,8,14,16],"damage_taken":[{"damage":0,"enemies":"Cultist","floor":2,"turns":4},{"damage":0,"enemies":"Small Slimes","floor":5,"turns":4},{"damage":0,"enemies":"2 Louse","floor":6,"turns":4},{"damage":5,"enemies":"Exordium Thugs","floor":8,"turns":3},{"damage":8,"enemies":"Lots of Slimes","floor":9,"turns":3},{"damage":0,"enemies":"downfall:FleeingMerchant","floor":11,"turns":4},{"damage":0,"enemies":"Blue Slaver","floor":12,"turns":4},{"damage":2,"enemies":"3 Louse","floor":14,"turns":5},{"damage":0,"enemies":"Blue Slaver","floor":15,"turns":4},{"damage":29,"enemies":"IC_STATUS_ARCHETYPE","floor":16,"turns":11},{"damage":21,"enemies":"3 Byrds","floor":19,"turns":5}],"seed_played":"-6253554389183926821","potions_obtained":[{"floor":5,"key":"sneckomod:MuddlingPotion"},{"floor":6,"key":"Explosive Potion"},{"floor":9,"key":"GamblersBrew"},{"floor":14,"key":"CultistPotion"}],"is_trial":false,"path_per_floor":["R","M","?","?","M","M","T","M","M","?","$","M","R","M","M","B",null,"R","M"],"character_chosen":"THE_SNECKO","items_purchased":["sneckomod:LoadedDie","sneckomod:UnknownUncommonPower","expansioncontent:StudyTheSpire"],"campfire_rested":0,"item_purchase_floors":[11,11,11],"current_hp_per_floor":[99,99,99,99,99,99,99,94,86,86,86,86,86,84,84,55,99,99,78,78],"gold":432,"neow_bonus":"TEN_PERCENT_HP_BONUS","is_daily":false,"chose_seed":false,"campfire_upgraded":0,"win_rate":0.0,"timestamp":1610868903,"path_taken":["R","M","?","?","M","M","T","M","?","?","?","M","R","M","M","BOSS","R","M"],"items_purchased_type":["Relic","Card","Card"],"build_version":"2020-12-22","purchased_purges":1,"victory":false,"max_hp_per_floor":[99,99,99,99,99,99,99,99,99,99,99,99,99,99,99,99,99,99,99,99],"card_choices":[{"not_picked":["sneckomod:UnknownStrike","sneckomod:SoulCleanse"],"picked":"sneckomod:UnknownCommonSkill","floor":2},{"not_picked":["sneckomod:QuickMove","sneckomod:UnknownWeak"],"picked":"sneckomod:IronFang","floor":5},{"not_picked":["sneckomod:Nope","sneckomod:UnknownX"],"picked":"sneckomod:WideSting","floor":6},{"not_picked":["sneckomod:WideSting","sneckomod:SnekBeam"],"picked":"sneckomod:QuickBite","floor":8},{"not_picked":["sneckomod:UnknownCommonSkill","sneckomod:UnknownUncommonAttack"],"picked":"sneckomod:IronFang","floor":9},{"not_picked":["sneckomod:DangerNoodle","sneckomod:UnknownDraw"],"picked":"sneckomod:ImprovisedGuard","floor":11},{"not_picked":["sneckomod:UnknownBlock","sneckomod:ImprovisedGuard"],"picked":"sneckomod:CheapStock","floor":12},{"not_picked":["sneckomod:UnknownCommonSkill","sneckomod:Unknown0Cost"],"picked":"sneckomod:UnknownBlock","floor":14},{"not_picked":["sneckomod:Unknown1Cost","sneckomod:QuickBite"],"picked":"sneckomod:DefensiveFlair","floor":15},{"not_picked":["sneckomod:Mudshield","sneckomod:Unknown3Cost"],"picked":"sneckomod:Restock","floor":16}],"player_experience":1216065,"relics_obtained":[{"floor":7,"key":"Omamori"}],"event_choices":[{"cards_removed":["sneckomod:SnekBite"],"damage_healed":0,"gold_gain":0,"player_choice":"Card Removal","damage_taken":0,"max_hp_gain":0,"max_hp_loss":0,"event_name":"The Cleric","floor":3,"gold_loss":0},{"damage_healed":0,"gold_gain":0,"player_choice":"Forge","damage_taken":0,"max_hp_gain":0,"max_hp_loss":0,"event_name":"Accursed Blacksmith","floor":10,"gold_loss":0,"cards_upgraded":["sneckomod:QuickBite"]}],"is_beta":false,"boss_relics":[{"not_picked":["Runic Pyramid","Calling Bell"],"picked":"Runic Dome"}],"items_purged_floors":[11],"is_endless":false,"potions_floor_spawned":[5,6,9,14],"killed_by":"3 Byrds","ascension_level":0}}