{"host":"ml2ro5l6hu6y0pll","time":1610924221,"event":{"mods":["AchievementEnabler","BaseMod","Colored Map","Colored Powertips","Custom Start","Googly Eyes","Minty Spire (QoL Compilation)","Quick Restart","Rare Cards Sparkle","Relic Stats","StSLib","everything is the same but u backflip on backflip"],"gold_per_floor":[110,125,144,160,171,204,229,256,283,283,116,151,151,177,177,248,248,262,275,275,294,134,159,191,216,243,243,243,0,25,57,57,131,131,150,168,186,186,34,69,101,131,156,189,214,54,54,86,86,86,86,86,86,42,68,68],"floor_reached":57,"language":"ENG","playtime":2619,"items_purged":[],"score":4224,"play_id":"171fc7ce-50cf-4460-86a3-573f58c69abc","local_time":"20210117225701","daily_mods":["Flight","Elite Swarm"],"is_ascension_mode":true,"campfire_choices":[{"data":"Consume","floor":10.0,"key":"SMITH"},{"data":"Fission","floor":13.0,"key":"SMITH"},{"data":"Buffer","floor":15.0,"key":"SMITH"},{"data":"Seek","floor":27.0,"key":"SMITH"},{"data":"Amplify","floor":28.0,"key":"SMITH"},{"data":"Biased Cognition","floor":32.0,"key":"SMITH"},{"floor":47,"key":"RECALL"},{"data":"Defragment","floor":49,"key":"SMITH"},{"data":"Buffer","floor":53,"key":"SMITH"}],"circlet_count":0,"master_deck":["Sweeping Beam+1","Barrage+1","Ball Lightning+1","Coolheaded+1","Leap+1","Coolheaded+1","Genetic Algorithm+1","Capacitor+1","Defragment+1","Electrodynamics+1","Consume+1","Barrage","Glacier+1","Seek+1","Reboot+1","Amplify+1","Fission+1","Buffer+1","Core Surge","Echo Form","Echo Form","Defragment+1","Biased Cognition+1","Buffer+1","Loop"],"relics":["Cracked Core","Ancient Tea Set","Singing Bowl","Incense Burner","Omamori","Mercury Hourglass","PreservedInsect","SlaversCollar","Happy Flower","Girya","Regal Pillow","Bird Faced Urn","Boot","OrangePellets","Shovel","Ice Cream","Busted Crown","Mummified Hand","Meat on the Bone","War Paint","Bronze Scales","Bag of Marbles","Membership Card","Letter Opener","Mango"],"acts_visited":["Exordium","TheCity","TheBeyond","TheEnding"],"potions_floor_usage":[51,56],"damage_taken":[{"damage":0.0,"enemies":"Small Slimes","floor":1.0,"turns":1.0},{"damage":0.0,"enemies":"Jaw Worm","floor":2.0,"turns":3.0},{"damage":0.0,"enemies":"2 Louse","floor":3.0,"turns":2.0},{"damage":8.0,"enemies":"Large Slime","floor":4.0,"turns":3.0},{"damage":1.0,"enemies":"Looter","floor":5.0,"turns":2.0},{"damage":0.0,"enemies":"3 Sentries","floor":6.0,"turns":4.0},{"damage":0.0,"enemies":"Lagavulin","floor":7.0,"turns":6.0},{"damage":8.0,"enemies":"Gremlin Nob","floor":8.0,"turns":3.0},{"damage":5.0,"enemies":"3 Sentries","floor":12.0,"turns":4.0},{"damage":0.0,"enemies":"Gremlin Nob","floor":14.0,"turns":2.0},{"damage":0.0,"enemies":"Slime Boss","floor":16.0,"turns":6.0},{"damage":0.0,"enemies":"Chosen","floor":18.0,"turns":4.0},{"damage":4.0,"enemies":"2 Thieves","floor":19.0,"turns":4.0},{"damage":0.0,"enemies":"Centurion and Healer","floor":21.0,"turns":3.0},{"damage":0.0,"enemies":"Gremlin Leader","floor":23.0,"turns":5.0},{"damage":20.0,"enemies":"Slavers","floor":24.0,"turns":4.0},{"damage":0.0,"enemies":"Gremlin Leader","floor":25.0,"turns":6.0},{"damage":14.0,"enemies":"Book of Stabbing","floor":30.0,"turns":3.0},{"damage":0.0,"enemies":"Slavers","floor":31.0,"turns":3.0},{"damage":2.0,"enemies":"Automaton","floor":33.0,"turns":8.0},{"damage":25.0,"enemies":"3 Darklings","floor":35.0,"turns":2.0},{"damage":0.0,"enemies":"3 Shapes","floor":36.0,"turns":4.0},{"damage":0.0,"enemies":"Jaw Worm Horde","floor":37.0,"turns":4.0},{"damage":9.0,"enemies":"Nemesis","floor":40.0,"turns":7.0},{"damage":0,"enemies":"Giant Head","floor":41,"turns":4},{"damage":0,"enemies":"Reptomancer","floor":42,"turns":4},{"damage":0,"enemies":"Nemesis","floor":44,"turns":3},{"damage":0,"enemies":"Reptomancer","floor":45,"turns":3},{"damage":0,"enemies":"Giant Head","floor":48,"turns":5},{"damage":0,"enemies":"Donu and Deca","floor":50,"turns":5},{"damage":0,"enemies":"Awakened One","floor":51,"turns":14},{"damage":0,"enemies":"Shield and Spear","floor":55,"turns":3},{"damage":34,"enemies":"The Heart","floor":56,"turns":7}],"seed_played":"7530718130251162334","potions_obtained":[{"floor":1.0,"key":"Explosive Potion"},{"floor":3.0,"key":"AttackPotion"},{"floor":6.0,"key":"FearPotion"},{"floor":7.0,"key":"PowerPotion"},{"floor":24.0,"key":"Strength Potion"},{"floor":35.0,"key":"Fire Potion"},{"floor":44,"key":"AttackPotion"}],"is_trial":true,"path_per_floor":["M","M","M","M","M","E","E","E","T","R","$","E","R","E","R","B",null,"M","M","?","M","$","E","E","E","T","R","R","$","E","E","R","B",null,"M","M","M","?","$","E","E","E","T","E","E","$","R","E","R","B","B",null,"R","$","E","B",null],"character_chosen":"DEFECT","items_purchased":["Amplify","Happy Flower","OrangePellets","Defragment","Buffer","Membership Card","Loop"],"campfire_rested":0,"item_purchase_floors":[11,22,29,29,39,46,54],"current_hp_per_floor":[64,64,64,56,55,55,57,49,49,49,49,44,44,44,44,44,66,68,66,66,68,68,68,48,50,50,50,50,50,50,62,62,85,85,62,78,91,93,93,95,97,99,99,101,103,103,103,105,105,105,105,105,105,105,121,113],"gold":68,"neow_bonus":"","is_daily":false,"chose_seed":false,"campfire_upgraded":8,"win_rate":0.0,"timestamp":1610924221,"path_taken":["M","M","M","M","M","E","E","E","T","R","$","E","R","E","R","BOSS","M","M","?","M","$","E","E","E","T","R","R","$","E","E","R","BOSS","M","M","M","?","$","E","E","E","T","E","E","$","R","E","R","BOSS","BOSS","R","$","E","BOSS"],"items_purchased_type":["Card","Relic","Relic","Card","Card","Relic","Card"],"build_version":"2020-12-22","purchased_purges":0,"victory":true,"max_hp_per_floor":[71,71,71,71,71,71,73,73,73,73,73,73,73,73,73,73,73,75,77,77,79,79,79,79,81,81,81,81,81,81,83,83,85,85,87,89,91,93,93,95,97,99,99,101,103,103,103,105,105,105,105,105,105,105,121,121],"relic_stats":{"Regal Pillow":0,"Singing Bowl":36,"Happy Flower":[31],"counters":[33,139],"PreservedInsect":784,"Letter Opener":[92],"War Paint":["Glacier","Reboot"],"Boot":[35],"Mercury Hourglass":[477],"OrangePellets":[16],"Shovel":0,"Busted Crown":22,"Mummified Hand":[116],"Bird Faced Urn":[107],"Bronze Scales":[195],"obtain_stats":[{"Ice Cream":31,"Regal Pillow":24,"Singing Bowl":7,"Mango":55,"Incense Burner":8,"Ancient Tea Set":6,"Boot":26,"Shovel":30,"Mummified Hand":40,"Cracked Core":0,"Girya":23,"Happy Flower":22,"PreservedInsect":14,"Omamori":9,"Letter Opener":48,"War Paint":42,"Mercury Hourglass":12,"SlaversCollar":17,"OrangePellets":29,"Busted Crown":34,"Bird Faced Urn":25,"Bronze Scales":44,"Bag of Marbles":45,"Membership Card":46,"Meat on the Bone":41},{"Ice Cream":19,"Regal Pillow":16,"Singing Bowl":7,"Mango":32,"Incense Burner":8,"Ancient Tea Set":6,"Boot":17,"Shovel":18,"Mummified Hand":24,"Cracked Core":0,"Girya":15,"Happy Flower":14,"PreservedInsect":10,"Omamori":8,"Letter Opener":29,"War Paint":26,"Mercury Hourglass":9,"SlaversCollar":11,"OrangePellets":17,"Busted Crown":20,"Bird Faced Urn":17,"Bronze Scales":27,"Bag of Marbles":28,"Membership Card":28,"Meat on the Bone":25},{"Ice Cream":66,"Regal Pillow":54,"Singing Bowl":21,"Mango":132,"Incense Burner":24,"Ancient Tea Set":15,"Boot":60,"Shovel":63,"Mummified Hand":91,"Cracked Core":0,"Girya":51,"Happy Flower":46,"PreservedInsect":30,"Omamori":24,"Letter Opener":110,"War Paint":99,"Mercury Hourglass":28,"SlaversCollar":36,"OrangePellets":60,"Busted Crown":74,"Bird Faced Urn":60,"Bronze Scales":102,"Bag of Marbles":105,"Membership Card":105,"Meat on the Bone":95}],"Meat on the Bone":0},"card_choices":[{"not_picked":["Leap","Gash"],"picked":"Consume","floor":1.0},{"not_picked":["Melter","Storm","Beam Cell"],"picked":"SKIP","floor":2.0},{"not_picked":["Rip and Tear","Coolheaded"],"picked":"Barrage","floor":3.0},{"not_picked":["Gash","Fusion"],"picked":"Glacier","floor":4.0},{"not_picked":["Hologram","Blizzard","Gash"],"picked":"SKIP","floor":5.0},{"not_picked":["Meteor Strike","All For One"],"picked":"Seek","floor":6.0},{"not_picked":["Hyperbeam","Creative AI","Thunder Strike"],"picked":"Singing Bowl","floor":7.0},{"not_picked":["Creative AI","Thunder Strike"],"picked":"Reboot","floor":8.0},{"not_picked":["Multi-Cast","Electrodynamics"],"picked":"Fission","floor":12.0},{"not_picked":["Meteor Strike","Amplify"],"picked":"Buffer","floor":14.0},{"not_picked":["Fission","Hyperbeam"],"picked":"Core Surge","floor":16.0},{"not_picked":["Consume","Redo","Conserve Battery"],"picked":"Singing Bowl","floor":18.0},{"not_picked":["Consume","Stack","Lockon"],"picked":"Singing Bowl","floor":19.0},{"not_picked":["Stack+1","Darkness","Rebound"],"picked":"Singing Bowl","floor":21.0},{"not_picked":["Thunder Strike","Core Surge"],"picked":"Echo Form","floor":23.0},{"not_picked":["Creative AI","Meteor Strike"],"picked":"Echo Form","floor":24.0},{"not_picked":["Hyperbeam","Creative AI","Thunder Strike"],"picked":"Singing Bowl","floor":25.0},{"not_picked":["Creative AI","Electrodynamics"],"picked":"Biased Cognition","floor":30.0},{"not_picked":["Core Surge","Buffer","Creative AI"],"picked":"Singing Bowl","floor":31.0},{"not_picked":["Amplify","Meteor Strike","Rainbow"],"picked":"Singing Bowl","floor":33.0},{"not_picked":["Beam Cell+1"],"picked":"Singing Bowl","floor":35.0},{"not_picked":["Melter"],"picked":"Singing Bowl","floor":36.0},{"not_picked":["Heatsinks"],"picked":"Singing Bowl","floor":37.0},{"not_picked":["Trip"],"picked":"Singing Bowl","floor":38.0},{"not_picked":["Core Surge"],"picked":"Singing Bowl","floor":40.0},{"not_picked":["Amplify"],"picked":"Singing Bowl","floor":41},{"not_picked":["Thunder Strike"],"picked":"Singing Bowl","floor":42},{"not_picked":["Creative AI"],"picked":"Singing Bowl","floor":44},{"not_picked":["Buffer"],"picked":"Singing Bowl","floor":45},{"not_picked":["Core Surge"],"picked":"Singing Bowl","floor":48},{"not_picked":["Core Surge"],"picked":"Singing Bowl","floor":55}],"player_experience":818050,"relics_obtained":[{"floor":6.0,"key":"Ancient Tea Set"},{"floor":7.0,"key":"Singing Bowl"},{"floor":8.0,"key":"Incense Burner"},{"floor":9.0,"key":"Omamori"},{"floor":12.0,"key":"Mercury Hourglass"},{"floor":14.0,"key":"PreservedInsect"},{"floor":23.0,"key":"Girya"},{"floor":24.0,"key":"Regal Pillow"},{"floor":25.0,"key":"Bird Faced Urn"},{"floor":26.0,"key":"Boot"},{"floor":30.0,"key":"Shovel"},{"floor":31.0,"key":"Ice Cream"},{"floor":40.0,"key":"Mummified Hand"},{"floor":41,"key":"Meat on the Bone"},{"floor":42,"key":"War Paint"},{"floor":44,"key":"Bronze Scales"},{"floor":45,"key":"Bag of Marbles"},{"floor":48,"key":"Letter Opener"},{"floor":55,"key":"Mango"}],"event_choices":[{"damage_healed":0.0,"max_hp_gain":0.0,"max_hp_loss":0.0,"gold_gain":0.0,"event_name":"Vampires","player_choice":"Ignored","floor":20.0,"gold_loss":0.0,"damage_taken":0.0},{"damage_healed":0.0,"max_hp_gain":0.0,"max_hp_loss":0.0,"gold_gain":0.0,"event_name":"SensoryStone","player_choice":"Memory 1","floor":38.0,"gold_loss":0.0,"damage_taken":0.0}],"is_beta":false,"boss_relics":[{"not_picked":["Empty Cage","SacredBark"],"picked":"SlaversCollar"},{"not_picked":["Inserter","Pandora\u0027s Box"],"picked":"Busted Crown"}],"items_purged_floors":[],"is_endless":false,"potions_floor_spawned":[1,3,6,7,24,25,31,33,35,37,44,45],"ascension_level":20}}