{"host":"qqgw5gp46oujbhdl","time":1610920444,"event":{"mods":["Aspiration","BaseMod","BetterRewards","Downfall","Hermit","Infinite Spire","Minty Spire (QoL Compilation)","StSLib","The Disciple","The Forsaken","The Hierophant","The Servant 0.9.4","The Spell Scribe","The Valiant","TheBandit","Wandering Minibosses"],"gold_per_floor":[99,119,119,129,143,161,161,71,89,89,89,121,21,56,66,166,166,66,81,181,281,292,321,321,321,349,349,349,389,389,411,432,538,538,538,565,586,614,614,614,614,636,636,654,654,112,140,180,204,204],"floor_reached":51,"language":"POL","playtime":5050,"items_purged":["Regret","Slimebound:Strike_Slimebound"],"score":816,"play_id":"4ac40911-2a30-4f8d-ab3a-fdb59d5c89d6","local_time":"20210117225404","is_ascension_mode":true,"campfire_choices":[{"data":"Slimebound:Split","floor":1,"key":"SMITH"},{"data":"Slimebound:SplitBruiser","floor":10,"key":"SMITH"},{"floor":13,"key":"RECALL"},{"data":"Slimebound:RallyTheTroops","floor":18,"key":"SMITH"},{"data":"Slimebound:Prepare","floor":25,"key":"SMITH"},{"data":"Slimebound:RejuvenatingLick","floor":27,"key":"SMITH"},{"floor":30,"key":"REST"},{"data":"Slimebound:SlimeBarrage","floor":35,"key":"SMITH"},{"data":"Slimebound:SamplingLick","floor":40,"key":"SMITH"},{"data":"Slimebound:TongueLash","floor":43,"key":"SMITH"},{"floor":45,"key":"REST"}],"circlet_count":0,"master_deck":["Slimebound:Strike_Slimebound","Slimebound:Defend_Slimebound","Slimebound:Defend_Slimebound","Slimebound:Defend_Slimebound","Slimebound:Split+1","Slimebound:CorrosiveSpit","Slimebound:Prepare+1","Slimebound:SplitBruiser+1","Slimebound:DisruptingSlam+1","Slimebound:PressTheAttack","Slimebound:DivideAndConquer","Slimebound:SamplingLick+1","Slimebound:LivingWall","Slimebound:TongueLash+1","Slimebound:RejuvenatingLick+1","Slimebound:RallyTheTroops+1","Slimebound:ServeAndProtect","Slimebound:SplitBruiser+1","Slimebound:ProtectTheBoss+1","Slimebound:SamplingLick+1","Slimebound:LevelUp+1","Slimebound:SplitBruiser","Slimebound:SlimeBarrage+1","Slimebound:RallyTheTroops","Slimebound:PressTheAttack+1","Slimebound:Schlurp+1","Slimebound:LeechEnergy+1","Slimebound:Dissolve","Slimebound:Repurpose+1","expansioncontent:DashGenerateEvil","Slimebound:SplitSpecialist+1","Slimebound:SplitBruiser","Slimebound:MegaLick"],"relics":["Slimebound:AbsorbEndCombat","aspiration:StickyExplosives_weak","downfall:HeartBlessingBlue","Lantern","Sozu","downfall:HeartBlessingRed","Bird Faced Urn","Frozen Egg 2","Darkstone Periapt","CeramicFish","HornCleat","Black Star","infinitespire:Satchel","infinitespire:Eraser","Calipers","Sling","aspiration:ChemicalBlood","theForsaken:ScaryMask","Akabeko"],"acts_visited":["Exordium","TheCity","TheBeyond"],"potions_floor_usage":[6,16,20,33],"damage_taken":[{"damage":8,"enemies":"Jaw Worm","floor":2,"turns":3},{"damage":7,"enemies":"Cultist","floor":4,"turns":4},{"damage":3,"enemies":"2 Louse","floor":5,"turns":2},{"damage":17,"enemies":"Exordium Thugs","floor":6,"turns":4},{"damage":5,"enemies":"downfall:FleeingMerchant","floor":8,"turns":4},{"damage":2,"enemies":"Large Slime","floor":9,"turns":5},{"damage":11,"enemies":"Lagavulin","floor":12,"turns":5},{"damage":11,"enemies":"Gremlin Nob","floor":14,"turns":4},{"damage":0,"enemies":"Lots of Slimes","floor":15,"turns":1},{"damage":21,"enemies":"IC_STATUS_ARCHETYPE","floor":16,"turns":5},{"damage":0,"enemies":"Chosen","floor":19,"turns":3},{"damage":1,"enemies":"WA_ARCHETYPE_RETAIN","floor":20,"turns":4},{"damage":1,"enemies":"3 Byrds","floor":22,"turns":3},{"damage":45,"enemies":"Slavers","floor":23,"turns":4},{"damage":0,"enemies":"Snecko","floor":26,"turns":4},{"damage":18,"enemies":"Gremlin Leader","floor":29,"turns":6},{"damage":10,"enemies":"Sentry and Sphere","floor":31,"turns":4},{"damage":0,"enemies":"Snake Plant","floor":32,"turns":3},{"damage":22,"enemies":"SI_MIRROR_ARCHETYPE","floor":33,"turns":8},{"damage":0,"enemies":"3 Shapes","floor":36,"turns":4},{"damage":17,"enemies":"3 Darklings","floor":37,"turns":3},{"damage":0,"enemies":"Spire Growth","floor":38,"turns":4},{"damage":16,"enemies":"Transient","floor":42,"turns":5},{"damage":14,"enemies":"Jaw Worm Horde","floor":44,"turns":4},{"damage":0,"enemies":"downfall:FleeingMerchant","floor":46,"turns":4},{"damage":26,"enemies":"3 Darklings","floor":47,"turns":3},{"damage":0,"enemies":"Nemesis","floor":48,"turns":5},{"damage":0,"enemies":"Sphere and 2 Shapes","floor":49,"turns":3},{"damage":70,"enemies":"DF_ARCHETYPE_ORBS","floor":50,"turns":8}],"seed_played":"8695543433189795413","potions_obtained":[{"floor":2,"key":"AttackPotion"},{"floor":5,"key":"Slimebound:SlimedPotion"},{"floor":6,"key":"SteroidPotion"},{"floor":12,"key":"GamblersBrew"},{"floor":16,"key":"BlessingOfTheForge"}],"is_trial":false,"path_per_floor":["R","M","?","M","M","M","T","$","M","R","?","E","R","E","M","B",null,"R","M","?","?","M","E","T","R","M","R","?","E","R","M","M","B",null,"R","M","M","M","?","R","T","M","R","M","R","$","M","E","M","B",null],"character_chosen":"SLIMEBOUND","items_purchased":["Calipers","Sling","aspiration:ChemicalBlood","expansioncontent:DashGenerateEvil"],"campfire_rested":2,"item_purchase_floors":[46,46,46,46],"current_hp_per_floor":[71,64,64,60,58,42,42,40,41,41,41,33,43,34,34,18,81,81,81,81,81,81,41,41,41,45,45,45,32,56,52,55,46,81,81,81,65,71,71,71,71,64,64,56,80,81,61,72,76,16],"gold":204,"neow_bonus":"TEN_PERCENT_HP_BONUS","is_daily":false,"chose_seed":false,"campfire_upgraded":8,"win_rate":0.0,"timestamp":1610920444,"path_taken":["R","M","?","M","M","M","T","$","?","R","?","E","R","E","M","BOSS","R","M","?","?","?","E","T","R","M","R","?","E","R","M","M","BOSS","R","M","M","M","?","R","T","M","R","M","R","$","M","E","M","BOSS"],"items_purchased_type":["Relic","Relic","Relic","Card"],"build_version":"2020-12-22","purchased_purges":2,"victory":true,"max_hp_per_floor":[71,71,71,71,71,71,71,71,71,71,71,71,81,81,81,81,81,81,81,81,81,81,81,81,81,81,81,81,81,81,81,81,81,81,81,81,81,81,81,81,81,81,81,81,81,81,81,81,81,81],"card_choices":[{"not_picked":["Slimebound:LivingWall","Slimebound:AcidTongue"],"picked":"Slimebound:Prepare","floor":2},{"not_picked":["Slimebound:Schlurp","Slimebound:RollThrough"],"picked":"Slimebound:SplitBruiser","floor":4},{"not_picked":["Slimebound:SplitBruiser","Slimebound:RollThrough"],"picked":"Slimebound:DisruptingSlam","floor":5},{"not_picked":["Slimebound:LeechEnergy","Slimebound:SlimeBarrage"],"picked":"Slimebound:PressTheAttack","floor":6},{"not_picked":["Slimebound:FirmFortitude","Slimebound:BestDefense"],"picked":"Slimebound:DivideAndConquer","floor":8},{"not_picked":["Slimebound:Replication","Slimebound:BestDefense"],"picked":"Slimebound:SamplingLick","floor":9},{"not_picked":["Slimebound:ComboTackle","Slimebound:SpikyOuterGoop"],"picked":"Slimebound:LivingWall","floor":12},{"not_picked":["Slimebound:FinishingTackle","Slimebound:SplitLeeching"],"picked":"Slimebound:TongueLash","floor":14},{"not_picked":["Slimebound:ForwardTackle","Slimebound:GoopTackle"],"picked":"Slimebound:RejuvenatingLick","floor":15},{"not_picked":["Slimebound:Darklings","Slimebound:MinionMaster"],"picked":"Slimebound:RallyTheTroops","floor":16},{"not_picked":["Slimebound:SlimeSpikes","Slimebound:GrowthPunch"],"picked":"Slimebound:ServeAndProtect","floor":19},{"not_picked":["Slimebound:LivingWall","Slimebound:LeechEnergy+1"],"picked":"Slimebound:SplitBruiser+1","floor":20},{"not_picked":["Slimebound:ViciousTackle","Slimebound:LeechEnergy"],"picked":"Slimebound:ProtectTheBoss+1","floor":22},{"not_picked":["Slimebound:FormOfPuddle","Slimebound:PressTheAttack","Slimebound:SlimeSpikes"],"picked":"SKIP","floor":23},{"not_picked":["Slimebound:Prepare+1","Slimebound:LivingWall"],"picked":"Slimebound:SamplingLick+1","floor":26},{"not_picked":["Slimebound:LivingWall","Slimebound:Dissolve"],"picked":"Slimebound:LevelUp+1","floor":29},{"not_picked":["Slimebound:LivingWall","Slimebound:SlimeSpikes"],"picked":"Slimebound:SplitBruiser","floor":31},{"not_picked":["Slimebound:LeechLife","Slimebound:Schlurp"],"picked":"Slimebound:SlimeBarrage","floor":32},{"not_picked":["Slimebound:PrepareCrush","Slimebound:OneTwoCombo"],"picked":"Slimebound:RallyTheTroops","floor":33},{"not_picked":["Slimebound:LeechEnergy","Slimebound:Prepare+1"],"picked":"Slimebound:PressTheAttack+1","floor":36},{"not_picked":["Slimebound:FinishingTackle+1","Slimebound:LeechEnergy"],"picked":"Slimebound:Schlurp+1","floor":37},{"not_picked":["Slimebound:Replication+1","Slimebound:GoopSpray+1"],"picked":"Slimebound:LeechEnergy+1","floor":38},{"not_picked":["Slimebound:GoopTackle+1","Slimebound:BestDefense+1"],"picked":"Slimebound:Dissolve","floor":42},{"not_picked":["Slimebound:Prepare","Slimebound:SamplingLick","Slimebound:BestDefense+1"],"picked":"SKIP","floor":44},{"not_picked":["Slimebound:Nibble","Slimebound:GoopSpray"],"picked":"Slimebound:Repurpose+1","floor":46},{"not_picked":["Slimebound:Prepare+1","Slimebound:Grow+1"],"picked":"Slimebound:SplitSpecialist+1","floor":47},{"not_picked":["Slimebound:PressTheAttack","Slimebound:DouseInSlime"],"picked":"Slimebound:SplitBruiser","floor":48},{"not_picked":["Slimebound:SamplingLick","Slimebound:SplitLeeching"],"picked":"Slimebound:MegaLick","floor":49}],"player_experience":376323,"relics_obtained":[{"floor":12,"key":"aspiration:StickyExplosives_weak"},{"floor":14,"key":"Lantern"},{"floor":20,"key":"Bird Faced Urn"},{"floor":20,"key":"Frozen Egg 2"},{"floor":23,"key":"Darkstone Periapt"},{"floor":24,"key":"CeramicFish"},{"floor":29,"key":"HornCleat"},{"floor":39,"key":"infinitespire:Satchel"},{"floor":41,"key":"infinitespire:Eraser"},{"floor":48,"key":"theForsaken:ScaryMask"},{"floor":48,"key":"Akabeko"}],"event_choices":[],"is_beta":false,"boss_relics":[{"not_picked":["Coffee Dripper","SlaversCollar"],"picked":"Sozu"},{"not_picked":["theForsaken:PaleLantern","Velvet Choker"],"picked":"Black Star"}],"items_purged_floors":[8,46],"is_endless":false,"potions_floor_spawned":[2,5,6,12,16,20,26,32,37,42,44,48,49],"ascension_level":1}}