{"host":"61xbmbtf5zrn7rzc","time":1610870743,"event":{"mods":["BaseMod","Challenge The Spire","Hubris","Infinite Spire","Minty Spire (QoL Compilation)","Replay The Spire","StSLib","SuperFastMode"],"gold_per_floor":[112,112,129,144,319,319,346,346,425,425,459,482,525,525,525,598,598,614,171,171,194,217,252,252,128,128,128,159,182,182,182],"floor_reached":30,"language":"ENG","playtime":1303,"items_purged":["Doubt","Strike_G"],"score":329,"play_id":"23c35862-a54f-4905-8665-1e862cecfd59","local_time":"20210117030543","is_ascension_mode":true,"campfire_choices":[{"data":"Blade Dance","floor":6,"key":"SMITH"},{"data":"Pot Of Greed","floor":10,"key":"SMITH"},{"data":"Neutralize","floor":15,"key":"SMITH"},{"floor":24,"key":"REST"}],"circlet_count":0,"master_deck":["Strike_G","Strike_G","Strike_G","Strike_G","Defend_G","Defend_G","Defend_G","Defend_G","Defend_G","Survivor","Neutralize+1","Blade Dance+1","Cloak And Dagger","Blade Dance+1","Pot Of Greed+1","Pot Of Greed","After Image","PiercingWail","Malaise","Infinite Blades","Escape Plan+1","Backflip","Cloak And Dagger+1","Choke","Pot Of Greed","hubris:NaturalOne","Fluid Movement"],"relics":["Ring of the Snake","NeowsBlessing","Grinning Jar","Golden Idol","Vajra","Letter Opener","hubris:Icosahedron","ReplayTheSpireMod:DimensionalGlitch","Medical Kit","Nunchaku","Blue Doll","ReplayTheSpireMod:Lightbulb","hubris:Towel","Incense Burner"],"acts_visited":["Exordium","TheCity"],"potions_floor_usage":[7,11],"damage_taken":[{"damage":0,"enemies":"2 Louse","floor":1,"turns":1},{"damage":0,"enemies":"Cultist","floor":3,"turns":1},{"damage":0,"enemies":"Jaw Worm","floor":4,"turns":1},{"damage":33,"enemies":"Gremlin Nob","floor":7,"turns":5},{"damage":3,"enemies":"Lagavulin","floor":11,"turns":7},{"damage":0,"enemies":"3 Louse","floor":12,"turns":3},{"damage":9,"enemies":"3 Sentries","floor":13,"turns":11},{"damage":7,"enemies":"Hexaghost","floor":16,"turns":11},{"damage":0,"enemies":"Spheric Guardian","floor":18,"turns":3},{"damage":4,"enemies":"2 Thieves","floor":21,"turns":5},{"damage":12,"enemies":"Snake Plant","floor":22,"turns":9},{"damage":25,"enemies":"Gremlin Leader","floor":23,"turns":9},{"damage":21,"enemies":"Slavers","floor":28,"turns":5},{"damage":0,"enemies":"Shelled Parasite and Fungi","floor":29,"turns":6},{"damage":23,"enemies":"Book of Stabbing","floor":30,"turns":3}],"seed_played":"-1065475964023043833","potions_obtained":[{"floor":1,"key":"EssenceOfSteel"},{"floor":7,"key":"Weak Potion"},{"floor":18,"key":"BlessingOfTheForge"},{"floor":22,"key":"Strength Potion"},{"floor":23,"key":"DuplicationPotion"}],"is_trial":false,"path_per_floor":["M","?","M","M","?","R","E","?","T","R","E","M","E","?","R","B",null,"M","$","?","M","M","E","R","$","T","?","E","M","E"],"character_chosen":"THE_SILENT","items_purchased":["Infinite Blades","Medical Kit","Nunchaku","Cloak And Dagger+1"],"campfire_rested":1,"item_purchase_floors":[19,19,19,25],"current_hp_per_floor":[70,70,70,70,70,70,37,37,37,37,34,34,25,25,25,18,65,65,65,65,61,49,24,43,43,43,43,22,22,0,0],"gold":182,"neow_bonus":"THREE_ENEMY_KILL","is_daily":false,"chose_seed":false,"campfire_upgraded":3,"win_rate":0.0,"timestamp":1610870743,"path_taken":["M","?","?","M","?","R","E","?","T","R","E","M","E","?","R","BOSS","M","$","?","M","M","E","R","$","T","?","E","M","E"],"items_purchased_type":["Card","Relic","Relic","Card"],"build_version":"2020-12-22","purchased_purges":2,"victory":false,"max_hp_per_floor":[70,70,70,70,70,70,70,65,65,65,65,65,65,65,65,65,65,65,65,65,65,65,65,65,65,65,65,65,65,65,65],"card_choices":[{"not_picked":["Prepared","Deflect"],"picked":"Blade Dance","floor":1},{"not_picked":["Deflect","Acrobatics"],"picked":"Cloak And Dagger","floor":3},{"not_picked":["ReplayTheSpireMod:Exploit Weakness","Cloak And Dagger"],"picked":"Blade Dance","floor":4},{"not_picked":["Flying Knee","Underhanded Strike"],"picked":"After Image","floor":7},{"not_picked":["Sucker Punch","Dodge and Roll","hubris:TrickCloak"],"picked":"SKIP","floor":11},{"not_picked":["Deadly Poison","ReplayTheSpireMod:Scrap Shanks"],"picked":"PiercingWail","floor":12},{"not_picked":["Hidden Blade","infinitespire:Neurotoxin","ReplayTheSpireMod:The Works"],"picked":"SKIP","floor":13},{"not_picked":["Atom Bomb","Storm of Steel"],"picked":"Malaise","floor":16},{"not_picked":["Poisoned Stab","Riddle With Holes+1","Finisher"],"picked":"SKIP","floor":18},{"not_picked":["ReplayTheSpireMod:Exploit Weakness","Sucker Punch"],"picked":"Escape Plan+1","floor":21},{"not_picked":["Toxin Wave","Concentrate","Dodge and Roll"],"picked":"SKIP","floor":22},{"not_picked":["Deflect","Dagger Throw"],"picked":"Backflip","floor":23},{"not_picked":["Prepared","Sneak Up"],"picked":"Choke","floor":28},{"not_picked":["Expertise","Outmaneuver"],"picked":"Fluid Movement","floor":29}],"player_experience":131027,"relics_obtained":[{"floor":7,"key":"Grinning Jar"},{"floor":11,"key":"Vajra"},{"floor":13,"key":"Letter Opener"},{"floor":23,"key":"Blue Doll"},{"floor":26,"key":"ReplayTheSpireMod:Lightbulb"},{"floor":28,"key":"Incense Burner"}],"event_choices":[{"damage_healed":0,"gold_gain":0,"player_choice":"Upgraded","damage_taken":0,"max_hp_gain":0,"max_hp_loss":0,"event_name":"Upgrade Shrine","floor":2,"gold_loss":0,"cards_upgraded":["Blade Dance"]},{"damage_healed":0,"gold_gain":175,"player_choice":"AGREE","damage_taken":0,"max_hp_gain":0,"max_hp_loss":0,"event_name":"Liars Game","floor":5,"gold_loss":0,"cards_obtained":["Doubt"]},{"damage_healed":0,"gold_gain":0,"player_choice":"Lose Max HP","damage_taken":0,"relics_obtained":["Golden Idol"],"max_hp_gain":0,"max_hp_loss":5,"event_name":"Golden Idol","floor":8,"gold_loss":0},{"damage_healed":0,"gold_gain":0,"player_choice":"Ignored","damage_taken":0,"max_hp_gain":0,"max_hp_loss":0,"event_name":"Ghosts","floor":20,"gold_loss":0}],"is_beta":false,"boss_relics":[{"not_picked":["hubris:HollowSoul","Honey Jar"],"picked":"ReplayTheSpireMod:DimensionalGlitch"}],"items_purged_floors":[19,25],"is_endless":false,"potions_floor_spawned":[1,7,18,22,23,29],"killed_by":"Book of Stabbing","ascension_level":3}}