{"host":"yl36o65drctrf4ph","time":1610903904,"event":{"mods":["AchievementEnabler","BaseMod","BetterRewards","Curses Come First","Good Game Mod","Infinite Spire","Minty Spire (QoL Compilation)","Poor People Problems","Practice Mode","Relic Stats","Remove Card Discount Mod","Shop Mod","StSLib","Thieving Mod","Treasure Hunter","noobMod"],"gold_per_floor":[109,165,183,198,210,242,242,272,297,312,312,312,341,341,341,420,420,433,433,333,333,333],"floor_reached":21,"language":"ENG","playtime":1169,"items_purged":[],"score":423,"play_id":"d6766353-3d22-4f80-91ae-8d62618d60c4","local_time":"20210118011824","is_ascension_mode":true,"campfire_choices":[{"data":"infinitespire:OneForAll","floor":7,"key":"SMITH"},{"data":"Inflame","floor":15,"key":"SMITH"}],"circlet_count":0,"master_deck":["AscendersBane","Strike_R","Strike_R","Strike_R","Strike_R+1","Strike_R","Defend_R","Defend_R","Defend_R","Defend_R","Bash","Inflame+1","Juggernaut","Searing Blow+1","Sword Boomerang+1","Barricade","Uppercut","infinitespire:OneForAll+1","TH:TreasureMap","Heavy Blade","TH:BikiniMail","Rampage","TH:DeckOfManyThings","TH:BikiniMail","TH:CopperCoins","TH:CursedSword","Feed","infinitespire:UltimateForm"],"relics":["PureWater","HandDrill","Incense Burner","Prayer Wheel","Runic Capacitor","Toolbox","Torii","InkBottle","The Courier","StoneCalendar","Toy Ornithopter","Odd Mushroom","GremlinMask","Ectoplasm","infinitespire:Chaos"],"acts_visited":["Exordium","TheCity"],"potions_floor_usage":[],"damage_taken":[{"damage":29,"enemies":"Jaw Worm","floor":1,"turns":4},{"damage":12,"enemies":"Small Slimes","floor":3,"turns":4},{"damage":38,"enemies":"2 Louse","floor":4,"turns":4},{"damage":18,"enemies":"Exordium Wildlife","floor":5,"turns":5},{"damage":23,"enemies":"3 Sentries","floor":6,"turns":6},{"damage":15,"enemies":"Lagavulin","floor":8,"turns":4},{"damage":28,"enemies":"3 Louse","floor":10,"turns":3},{"damage":29,"enemies":"3 Sentries","floor":13,"turns":4},{"damage":18,"enemies":"Hexaghost","floor":16,"turns":5},{"damage":14,"enemies":"Shell Parasite","floor":18,"turns":2},{"damage":52,"enemies":"2 Thieves","floor":20,"turns":4},{"damage":49,"enemies":"Shelled Parasite and Fungi","floor":21,"turns":4}],"seed_played":"-8487703471321506535","potions_obtained":[{"floor":1,"key":"DuplicationPotion"},{"floor":10,"key":"Energy Potion"},{"floor":13,"key":"LiquidBronze"},{"floor":16,"key":"Swift Potion"}],"is_trial":false,"path_per_floor":["M","?","M","M","M","E","R","E","T","M","T","?","E","?","R","B",null,"M","AVR","M","M"],"character_chosen":"IRONCLAD","items_purchased":["PreservedInsect","Pen Nib","Inflame","Lee\u0027s Waffle"],"campfire_rested":0,"item_purchase_floors":[0,0,0,0],"current_hp_per_floor":[59,59,53,21,82,65,65,56,56,34,34,34,11,11,11,95,101,93,93,44,0,0],"gold":333,"neow_bonus":"","is_daily":false,"chose_seed":false,"campfire_upgraded":2,"win_rate":0.0,"timestamp":1610903904,"path_taken":["M","?","M","M","M","E","R","E","T","M","?","?","E","?","R","BOSS","M","AVR","M","M"],"items_purchased_type":["Relic","Relic","Card","Relic"],"build_version":"2020-12-22","purchased_purges":0,"victory":false,"max_hp_per_floor":[82,82,82,82,82,87,87,88,88,92,92,92,95,95,95,103,103,104,104,107,107,107],"relic_stats":{"Torii":14,"counters":[12,49],"Prayer Wheel":1,"StoneCalendar":[0],"Ectoplasm":117,"HandDrill":[4],"obtain_stats":[{"Torii":0,"Vajra":6,"StoneCalendar":19,"GremlinMask":19,"ice":0,"Incense Burner":19,"Runic Capacitor":19,"Whetstone":9,"Ancient Tea Set":8,"Burning Blood":0,"Toolbox":19,"Prayer Wheel":19,"HandDrill":19,"infinitespire:Chaos":19,"InkBottle":19,"Potion Belt":13,"Lee\u0027s Waffle":0,"Happy Flower":12,"infinitespire:EmptyRelic":19,"PreservedInsect":0,"Pen Nib":0,"The Courier":19,"Odd Mushroom":19,"SlaversCollar":0,"REME:ComplimentaryCards":0,"Ectoplasm":19,"infinitespire:EmpoweringShard":11,"PureWater":19,"Toy Ornithopter":19},{"Torii":0,"Vajra":5,"StoneCalendar":10,"GremlinMask":10,"ice":0,"Incense Burner":10,"Runic Capacitor":10,"Whetstone":6,"Ancient Tea Set":6,"Burning Blood":0,"Toolbox":10,"Prayer Wheel":10,"HandDrill":10,"infinitespire:Chaos":10,"InkBottle":10,"Potion Belt":8,"Lee\u0027s Waffle":0,"Happy Flower":7,"infinitespire:EmptyRelic":10,"PreservedInsect":0,"Pen Nib":0,"The Courier":10,"Odd Mushroom":10,"SlaversCollar":0,"REME:ComplimentaryCards":0,"Ectoplasm":10,"infinitespire:EmpoweringShard":7,"PureWater":10,"Toy Ornithopter":10},{"Torii":0,"Vajra":23,"StoneCalendar":41,"GremlinMask":41,"ice":0,"Incense Burner":41,"Runic Capacitor":41,"Whetstone":27,"Ancient Tea Set":27,"Burning Blood":0,"Toolbox":41,"Prayer Wheel":41,"HandDrill":41,"infinitespire:Chaos":41,"InkBottle":41,"Potion Belt":34,"Lee\u0027s Waffle":0,"Happy Flower":30,"infinitespire:EmptyRelic":41,"PreservedInsect":0,"Pen Nib":0,"The Courier":41,"Odd Mushroom":41,"SlaversCollar":0,"REME:ComplimentaryCards":0,"Ectoplasm":41,"infinitespire:EmpoweringShard":30,"PureWater":41,"Toy Ornithopter":41}],"InkBottle":[2],"Toy Ornithopter":0},"card_choices":[{"not_picked":["Disarm","Twin Strike"],"picked":"Searing Blow","floor":1},{"not_picked":["Headbutt","Iron Wave"],"picked":"Sword Boomerang","floor":3},{"not_picked":["Disarm","Headbutt"],"picked":"Uppercut","floor":4},{"not_picked":["True Grit","Body Slam"],"picked":"infinitespire:OneForAll","floor":5},{"not_picked":["TH:ArmorSpikes"],"picked":"TH:TreasureMap","floor":6},{"not_picked":["Twin Strike","Hemokinesis"],"picked":"Heavy Blade","floor":6},{"not_picked":["TH:ArmorSpikes"],"picked":"TH:BikiniMail","floor":8},{"not_picked":["Burning Pact","Sentinel"],"picked":"Rampage","floor":8},{"not_picked":["TH:PixieDust"],"picked":"TH:DeckOfManyThings","floor":9},{"not_picked":["Headbutt","Perfected Strike","Reckless Charge"],"picked":"SKIP","floor":10},{"not_picked":["TH:CursedSword"],"picked":"TH:BikiniMail","floor":11},{"not_picked":["TH:Mimic"],"picked":"TH:CopperCoins","floor":13},{"not_picked":["Rampage","Evolve","Thunderclap"],"picked":"SKIP","floor":13},{"not_picked":["TH:Mimic"],"picked":"TH:CursedSword","floor":16},{"not_picked":["Brutality","Fiend Fire"],"picked":"Feed","floor":16},{"not_picked":["Sword Boomerang","Clothesline","Rampage"],"picked":"SKIP","floor":18},{"not_picked":["Body Slam","Clash+1","Iron Wave"],"picked":"SKIP","floor":20},{"not_picked":["Hemokinesis+1","Twin Strike","Power Through"],"picked":"SKIP","floor":20}],"player_experience":140644,"relics_obtained":[{"floor":6,"key":"Vajra"},{"floor":8,"key":"Ancient Tea Set"},{"floor":9,"key":"Whetstone"},{"floor":11,"key":"infinitespire:EmpoweringShard"},{"floor":12,"key":"Happy Flower"},{"floor":13,"key":"Potion Belt"}],"event_choices":[{"damage_healed":0,"gold_gain":56,"player_choice":"Gained Gold","damage_taken":0,"max_hp_gain":0,"max_hp_loss":0,"event_name":"Golden Wing","floor":2,"gold_loss":0},{"damage_healed":0,"gold_gain":0,"player_choice":"Grow","damage_taken":0,"max_hp_gain":0,"max_hp_loss":0,"event_name":"Living Wall","floor":14,"gold_loss":0,"cards_upgraded":["Sword Boomerang"]}],"is_beta":false,"boss_relics":[{"not_picked":["Tiny House","infinitespire:Cupcake"],"picked":"SlaversCollar"}],"items_purged_floors":[],"is_endless":false,"potions_floor_spawned":[1,10,13,16],"killed_by":"Shelled Parasite and Fungi","ascension_level":20}}