{"host":"z0tqw7lu1gwakzxm","time":1610918817,"event":{"mods":["BaseMod","DeckTracker","Lobotomy","Minty Spire (QoL Compilation)","StSLib","slay the spire mod where everything is the same but ironclad has a cowboy hat"],"gold_per_floor":[119,119,46,46,62,62,62,62,86,86,130,130,151,151,151,151,151],"floor_reached":16,"language":"ENG","playtime":360,"items_purged":[],"score":98,"play_id":"e76a0423-28d4-4488-84f9-9ce4767556eb","local_time":"20210117162657","is_ascension_mode":false,"campfire_choices":[{"data":"Zap","floor":6,"key":"SMITH"},{"data":"Streamline","floor":10,"key":"SMITH"},{"floor":15,"key":"REST"}],"circlet_count":0,"master_deck":["Strike_B+1","Strike_B","Strike_B","Defend_B","Defend_B","Defend_B","Defend_B","Zap+1","Dualcast+1","DespairKnight","Gash","Streamline+1","Loop","MeatLantern","Turbo","Regret","UniverseFragment","Defragment","HappyTeddy","Gash","Beam Cell"],"relics":["Cracked Core","CogitoBucket","Golden Idol","Shovel","Vajra","Ginger"],"acts_visited":["Exordium"],"potions_floor_usage":[11,11,16],"damage_taken":[{"damage":8,"enemies":"Small Slimes","floor":1,"turns":3},{"damage":6,"enemies":"Jaw Worm","floor":5,"turns":3},{"damage":5,"enemies":"Lagavulin","floor":11,"turns":5},{"damage":0,"enemies":"2 Louse","floor":13,"turns":2},{"damage":3,"enemies":"Large Slime","floor":14,"turns":4},{"damage":59,"enemies":"Hexaghost","floor":16,"turns":8}],"seed_played":"7465463690198456840","potions_obtained":[{"floor":1,"key":"Swift Potion"},{"floor":5,"key":"ColorlessPotion"},{"floor":11,"key":"SneckoOil"},{"floor":14,"key":"Explosive Potion"}],"is_trial":false,"path_per_floor":["M","?","$","?","M","R","?","$","T","R","E","?","M","M","R","B"],"character_chosen":"DEFECT","items_purchased":["Loop"],"campfire_rested":1,"item_purchase_floors":[3],"current_hp_per_floor":[67,67,67,67,61,61,61,61,61,61,56,42,42,39,59,0,0],"gold":151,"neow_bonus":"","is_daily":false,"chose_seed":false,"campfire_upgraded":2,"win_rate":0.0,"timestamp":1610918817,"path_taken":["M","?","$","?","M","R","?","$","T","R","E","?","M","?","R","BOSS"],"items_purchased_type":["Card"],"build_version":"2020-12-22","purchased_purges":0,"victory":false,"max_hp_per_floor":[75,75,75,69,69,69,69,69,69,69,69,69,69,69,69,69,69],"card_choices":[{"not_picked":["SpiderBud","QueenOfHatred"],"picked":"DespairKnight","floor":1},{"not_picked":["Auto Shields","Force Field"],"picked":"Gash","floor":1},{"not_picked":["BeautyBeast","Bloodbath"],"picked":"MeatLantern","floor":5},{"not_picked":["Steam Power","FTL"],"picked":"Turbo","floor":5},{"not_picked":["BeautyBeast","Bloodbath"],"picked":"UniverseFragment","floor":11},{"not_picked":["Barrage","Rebound"],"picked":"Defragment","floor":11},{"not_picked":["Murderer","WallGazer","Scorched"],"picked":"Singing Bowl","floor":13},{"not_picked":["FairyFestival","HeroicMonk"],"picked":"HappyTeddy","floor":13},{"not_picked":["Consume","Rebound"],"picked":"Gash","floor":13},{"not_picked":["Consume","Blizzard"],"picked":"Beam Cell","floor":14}],"player_experience":337355,"relics_obtained":[{"floor":9,"key":"Vajra"},{"floor":11,"key":"Ginger"}],"event_choices":[{"damage_healed":0,"gold_gain":0,"cards_transformed":["Strike_B"],"player_choice":"Change","damage_taken":0,"max_hp_gain":0,"max_hp_loss":0,"event_name":"Living Wall","floor":2,"gold_loss":0,"cards_obtained":["Streamline"]},{"damage_healed":0,"gold_gain":0,"player_choice":"Lose Max HP","damage_taken":0,"relics_obtained":["Golden Idol"],"max_hp_gain":0,"max_hp_loss":6,"event_name":"Golden Idol","floor":4,"gold_loss":0},{"damage_healed":0,"gold_gain":0,"player_choice":"Box","damage_taken":0,"relics_obtained":["Shovel"],"max_hp_gain":0,"max_hp_loss":0,"event_name":"Big Fish","floor":7,"gold_loss":0,"cards_obtained":["Regret"]},{"damage_healed":0,"gold_gain":0,"player_choice":"Entered Light","damage_taken":14,"max_hp_gain":0,"max_hp_loss":0,"event_name":"Shining Light","floor":12,"gold_loss":0,"cards_upgraded":["Strike_B","Dualcast"]}],"is_beta":false,"boss_relics":[],"items_purged_floors":[],"is_endless":false,"potions_floor_spawned":[1,5,11,14],"killed_by":"Hexaghost","ascension_level":0}}