{"host":"8lgo2trwv2o0qyml","time":1610905136,"event":{"mods":["BaseMod","Colored Map","Colored Powertips","DeckTracker","Highlight Path","Hubris","Infinite Spire","Minty Spire (QoL Compilation)","Quick Restart","Random Character Button","Relic Sorter","Replay The Spire","StSLib","SuperFastMode","Synergy Search"],"gold_per_floor":[111,111,111,189,204,204,222,255,279,298,313,339,339,364,364,463,463,476,476,476,500,520,549,549,560,610,610,12,43,57,67,67,67,67],"floor_reached":33,"playtime":2307,"items_purged":[],"score":357,"play_id":"7c61e221-1ae4-42c3-8dfd-65800352a58d","local_time":"20210117123856","is_ascension_mode":false,"campfire_choices":[{"data":"Riddle With Holes","floor":6,"key":"SMITH"},{"floor":15,"key":"REST"},{"floor":27,"key":"REST"},{"floor":32,"key":"REST"}],"circlet_count":0,"master_deck":["Strike_G+1","Strike_G","Strike_G","Strike_G","Strike_G","Defend_G","Defend_G","Defend_G","Defend_G","Defend_G","Survivor","Neutralize+1","Crippling Poison","Riddle With Holes+1","Quick Slash","Deflect","Footwork","Flying Knee","Replay:Poison Smokescreen","Deflect","Heel Hook","Replay:Bag of Tricks","Hidden Blade+1","hubris:InfiniteBlow","PiercingWail+1","ReplayTheSpireMod:Scrap Shanks","ReplayTheSpireMod:Brewmster","Dash","Endless Agony","hubris:SlightOfHand","Infinite Blades"],"relics":["Busted Crown","hubris:Icosahedron","Whetstone","hubris:TinFlute","hubris:AncientText","Tiny Chest","infinitespire:ShieldingShard","hubris:OldNail","Omamori","Regal Pillow","PreservedInsect","Chemical X","ReplayTheSpireMod:TigerMarble","StoneCalendar"],"acts_visited":["Exordium","TheCity"],"potions_floor_usage":[7,8,8,16,24,25,25,29,30,31,31,31,31,31,33,33,33,33,33,33,33,33],"damage_taken":[{"damage":2,"enemies":"2 Louse","floor":1,"turns":4},{"damage":1,"enemies":"Jaw Worm","floor":5,"turns":3},{"damage":0,"enemies":"Small Slimes","floor":7,"turns":3},{"damage":0,"enemies":"Gremlin Nob","floor":8,"turns":2},{"damage":0,"enemies":"Looter","floor":10,"turns":3},{"damage":0,"enemies":"Exordium Wildlife","floor":11,"turns":4},{"damage":3,"enemies":"3 Sentries","floor":12,"turns":8},{"damage":7,"enemies":"Gremlin Nob","floor":14,"turns":4},{"damage":11,"enemies":"The Guardian","floor":16,"turns":11},{"damage":0,"enemies":"Shell Parasite","floor":18,"turns":5},{"damage":0,"enemies":"3 Byrds","floor":22,"turns":5},{"damage":28,"enemies":"Book of Stabbing","floor":23,"turns":7},{"damage":0,"enemies":"Cultist and Chosen","floor":24,"turns":1},{"damage":16,"enemies":"Centurion and Healer","floor":25,"turns":10},{"damage":22,"enemies":"Gremlin Leader","floor":29,"turns":7},{"damage":8,"enemies":"Snake Plant","floor":30,"turns":5},{"damage":10,"enemies":"Sentry and Sphere","floor":31,"turns":6},{"damage":43,"enemies":"Champ","floor":33,"turns":9}],"seed_played":"-8004181589960143738","potions_obtained":[{"floor":4,"key":"SteroidPotion"},{"floor":4,"key":"Doom Potion"},{"floor":5,"key":"Swift Potion"},{"floor":7,"key":"Strength Potion"},{"floor":14,"key":"Regen Potion"},{"floor":16,"key":"SmokeBomb"},{"floor":22,"key":"CunningPotion"},{"floor":30,"key":"LiquidBronze"}],"is_trial":false,"path_per_floor":["M","?","$","?","M","R","M","E","T","M","M","E","T","E","R","B",null,"M","?","?","T","M","E","M","M","T","R","$","E","M","M","R","B"],"character_chosen":"THE_SILENT","items_purchased":["Chemical X","ReplayTheSpireMod:TigerMarble","ReplayTheSpireMod:Scrap Shanks","ReplayTheSpireMod:Brewmster","Dash"],"campfire_rested":3,"item_purchase_floors":[28,28,28,28,28],"current_hp_per_floor":[68,68,68,51,50,50,50,50,50,50,50,47,47,40,61,50,70,70,53,40,40,40,12,12,8,8,45,45,23,15,5,42,0,0],"gold":67,"neow_bonus":"BOSS_RELIC","is_daily":false,"chose_seed":false,"campfire_upgraded":1,"win_rate":0.0,"timestamp":1610905136,"path_taken":["M","?","?","?","M","R","M","E","T","M","M","E","?","E","R","BOSS","M","?","?","?","M","E","M","M","T","R","$","E","M","M","R","BOSS"],"items_purchased_type":["Relic","Relic","Card","Card","Card"],"build_version":"2020-12-22","purchased_purges":0,"victory":false,"max_hp_per_floor":[70,70,70,70,70,70,70,70,70,70,70,70,70,70,70,70,70,70,70,75,75,75,75,75,75,75,75,75,75,75,75,75,75,75],"card_choices":[{"not_picked":[],"picked":"Crippling Poison","floor":1},{"not_picked":[],"picked":"Riddle With Holes","floor":4},{"not_picked":[],"picked":"Quick Slash","floor":5},{"not_picked":[],"picked":"Deflect","floor":7},{"not_picked":[],"picked":"Footwork","floor":8},{"not_picked":[],"picked":"Flying Knee","floor":10},{"not_picked":[],"picked":"Replay:Poison Smokescreen","floor":11},{"not_picked":[],"picked":"Deflect","floor":12},{"not_picked":[],"picked":"Heel Hook","floor":14},{"not_picked":[],"picked":"Replay:Bag of Tricks","floor":16},{"not_picked":[],"picked":"Hidden Blade+1","floor":18},{"not_picked":["infinitespire:UltimateForm","infinitespire:NeuralNetwork"],"picked":"hubris:InfiniteBlow","floor":19},{"not_picked":[],"picked":"PiercingWail+1","floor":22},{"not_picked":["PiercingWail+1"],"picked":"SKIP","floor":23},{"not_picked":["Sucker Punch"],"picked":"SKIP","floor":25},{"not_picked":[],"picked":"Endless Agony","floor":29},{"not_picked":[],"picked":"hubris:SlightOfHand","floor":30},{"not_picked":[],"picked":"Infinite Blades","floor":31}],"player_experience":90591,"relics_obtained":[{"floor":4,"key":"Whetstone"},{"floor":8,"key":"hubris:TinFlute"},{"floor":9,"key":"hubris:AncientText"},{"floor":12,"key":"Tiny Chest"},{"floor":13,"key":"infinitespire:ShieldingShard"},{"floor":14,"key":"hubris:OldNail"},{"floor":21,"key":"Omamori"},{"floor":23,"key":"Regal Pillow"},{"floor":26,"key":"PreservedInsect"},{"floor":29,"key":"StoneCalendar"}],"event_choices":[{"damage_healed":0,"gold_gain":0,"player_choice":"Shed Blood","damage_taken":18,"max_hp_gain":5,"max_hp_loss":0,"event_name":"Forgotten Altar","floor":20,"gold_loss":0}],"is_beta":false,"boss_relics":[{"not_picked":["Runic Dome","hubris:CrackedHourglass","Kintsugi"]}],"items_purged_floors":[],"is_endless":false,"potions_floor_spawned":[5,7,14,16,22,23,30],"killed_by":"Champ","ascension_level":0}}