{"host":"jcx3r2rqknwp5xpf","time":1610856511,"event":{"mods":["2.2 Compatiblity","AchievementEnabler","Act Like it!","Bard","BaseMod","Elementarium","Fireblade Mod","Gremlin Mod","Hallownest","Hermit","Jorbs\u0027s Wanderer Trilogy","Menagerie","Minty Spire (QoL Compilation)","Pale of the Ancients","Somnambulant","StSLib","The Blackbeard","The Bug Knight","The Construct","The Cursed","The Disciple","The Druid","The Hierophant","The Mystic","The Runesmith","The Showman"],"gold_per_floor":[118,130,130,60,72,72,106,116,116,128,128,159,190,206,206,304,304,324,324,341,49,59,89,89,107,162,162,162,162,9,20,20,116,116,130,146,166,166,185,185,203,143,143,154,107,120,133,166,166,166,166,166,10,44,44,44],"floor_reached":55,"language":"ENG","playtime":4384,"items_purged":[],"score":908,"play_id":"ca4acfda-ff23-4ce3-b28c-d694e17e9e26","local_time":"20210116230831","is_ascension_mode":false,"campfire_choices":[{"data":"Eruption","floor":6.0,"key":"SMITH"},{"floor":15.0,"key":"RECALL"},{"data":"ClearTheMind","floor":24.0,"key":"SMITH"},{"data":"Wireheading","floor":27.0,"key":"SMITH"},{"floor":29.0,"key":"REST"},{"floor":32.0,"key":"REST"},{"data":"TalkToTheHand","floor":40.0,"key":"SMITH"},{"data":"Evaluate","floor":49.0,"key":"SMITH"},{"data":"Menagerie:LoxodonWarhammer","floor":52.0,"key":"SMITH"}],"circlet_count":0,"master_deck":["Strike_P+1","Strike_P+1","Strike_P+1","Strike_P","Defend_P","Defend_P","Defend_P+1","Defend_P","Eruption+1","Vigilance","TalkToTheHand+1","Menagerie:DarkRitual","Menagerie:Skullclamp+1","Menagerie:LoxodonWarhammer+1","Tantrum+1","Wireheading+1","ReachHeaven+1","CutThroughFate+1","Menagerie:BeastSpirit+1","LessonLearned+1","Evaluate+1","ConjureBlade+1","Shame","Tantrum","ClearTheMind+1","Wallop+1","CarveReality+1","MentalFortress+1","Indignation+1","EmptyFist+1","Wireheading+1","Consecrate+1","Nirvana","TalkToTheHand+1"],"relics":["PureWater","Vajra","Runesmith:Nanobots","Singing Bowl","Shuriken","Anchor","Busted Crown","Unceasing Top","Bird Faced Urn","Molten Egg 2","Enchiridion","HollowMod:JonisBlessing","construct:ClawGrip","Meat on the Bone","Gremlin Horn","StrikeDummy"],"acts_visited":["Exordium","TheCity","TheCity","TheEnding"],"potions_floor_usage":[55,55],"damage_taken":[{"damage":0.0,"enemies":"Menagerie:WhisperingWraith","floor":1.0,"turns":3.0},{"damage":0.0,"enemies":"Menagerie:MonstrousExperiment","floor":2.0,"turns":4.0},{"damage":0.0,"enemies":"Menagerie:2_RABBITS","floor":5.0,"turns":4.0},{"damage":0.0,"enemies":"Menagerie:MaskedSummoner","floor":7.0,"turns":5.0},{"damage":0.0,"enemies":"Menagerie:Hexasnake","floor":8.0,"turns":3.0},{"damage":3.0,"enemies":"Menagerie:STYGIAN_BOAR_AND_WHISPERING_WRAITH","floor":10.0,"turns":4.0},{"damage":8.0,"enemies":"Menagerie:VoidReaper","floor":12.0,"turns":1.0},{"damage":0.0,"enemies":"Hallownest:eliteMossKnight","floor":13.0,"turns":2.0},{"damage":0.0,"enemies":"Menagerie:RedMage","floor":14.0,"turns":2.0},{"damage":20.0,"enemies":"Menagerie:Chimera","floor":16.0,"turns":4.0},{"damage":0.0,"enemies":"Shell Parasite","floor":18.0,"turns":4.0},{"damage":0.0,"enemies":"Spheric Guardian","floor":20.0,"turns":2.0},{"damage":0.0,"enemies":"Chosen and Byrds","floor":22.0,"turns":3.0},{"damage":39.0,"enemies":"Slavers","floor":23.0,"turns":4.0},{"damage":0.0,"enemies":"Sentry and Sphere","floor":25.0,"turns":2.0},{"damage":0.0,"enemies":"Snake Plant","floor":31.0,"turns":4.0},{"damage":0.0,"enemies":"Automaton","floor":33.0,"turns":5.0},{"damage":0.0,"enemies":"Hallownest:Shield_Heavy","floor":35.0,"turns":4.0},{"damage":0.0,"enemies":"Hallownest:3_Siblings","floor":36.0,"turns":3.0},{"damage":0.0,"enemies":"Hallownest:2_Wandering_and_1_Horned","floor":37.0,"turns":5.0},{"damage":0.0,"enemies":"Hallownest:2_Great","floor":39.0,"turns":4.0},{"damage":0.0,"enemies":"Hallownest:Shield_Sturdy","floor":41.0,"turns":4.0},{"damage":0.0,"enemies":"Hallownest:2_Wandering_and_1_Horned","floor":44.0,"turns":4.0},{"damage":0.0,"enemies":"Hallownest:monsterPrimalAspid","floor":46.0,"turns":1.0},{"damage":0.0,"enemies":"Hallownest:2_Wing_and_1_Kings","floor":47.0,"turns":4.0},{"damage":0.0,"enemies":"Hallownest:eliteCollector","floor":48.0,"turns":5.0},{"damage":0.0,"enemies":"Hallownest:Radiance","floor":50.0,"turns":7.0},{"damage":0,"enemies":"Shield and Spear","floor":54,"turns":4},{"damage":100,"enemies":"The Heart","floor":55,"turns":6}],"seed_played":"-231029384073657727","potions_obtained":[{"floor":1.0,"key":"Explosive Potion"},{"floor":2.0,"key":"DuplicationPotion"},{"floor":12.0,"key":"Swift Potion"},{"floor":13.0,"key":"SkillPotion"},{"floor":14.0,"key":"GamblersBrew"},{"floor":16.0,"key":"DistilledChaos"},{"floor":23.0,"key":"Weak Potion"},{"floor":31.0,"key":"LiquidMemories"},{"floor":33.0,"key":"Ancient Potion"},{"floor":37.0,"key":"construct:ShiftPotion"},{"floor":41.0,"key":"AttackPotion"},{"floor":44.0,"key":"LiquidMemories"}],"is_trial":false,"path_per_floor":["M","M","?","?","M","R","E","M","T","M","?","E","?","M","R","B",null,"M","?","M","$","M","E","R","M","T","R","?","R","$","M","R","B",null,"M","M","M","?","M","R","M","?","T","M","$","M","M","E","R","B",null,"R","$","E","B"],"character_chosen":"WATCHER","items_purchased":["Bird Faced Urn","HollowMod:JonisBlessing","Consecrate+1","Nirvana","TalkToTheHand+1"],"campfire_rested":2,"item_purchase_floors":[21,30,45,53,53],"current_hp_per_floor":[72,72,72,72,72,72,72,72,72,72,69,67,69,70,70,54,71,73,73,73,73,75,44,44,50,50,50,34,56,56,56,75,77,77,79,79,79,79,79,79,81,88,88,88,88,90,92,94,94,94,94,94,94,96,0,0],"gold":44,"neow_bonus":"RANDOM_COMMON_RELIC","is_daily":false,"chose_seed":false,"campfire_upgraded":6,"win_rate":0.0,"timestamp":1610856511,"path_taken":["M","M","?","?","M","R","E","M","T","?","?","E","?","M","R","BOSS","M","?","M","$","M","E","R","M","T","R","?","R","?","M","R","BOSS","M","M","M","?","M","R","M","?","T","?","?","M","M","E","R","BOSS","R","$","E","BOSS"],"items_purchased_type":["Relic","Relic","Card","Card","Card"],"build_version":"2020-12-22","purchased_purges":0,"victory":false,"max_hp_per_floor":[72,72,72,72,72,72,72,72,72,72,69,71,71,71,71,71,71,73,73,73,73,75,75,75,75,75,75,75,75,75,75,75,77,77,79,79,79,79,79,79,81,88,88,88,88,90,92,94,94,94,94,94,94,96,96,96],"card_choices":[{"not_picked":["Fasting2","FlurryOfBlows"],"picked":"TalkToTheHand","floor":1.0},{"not_picked":["FlurryOfBlows","FollowUp"],"picked":"Conclude","floor":2.0},{"not_picked":["Menagerie:LightningBolt","Menagerie:CrumblingSanctuary"],"picked":"Menagerie:Skullclamp","floor":4.0},{"not_picked":["Menagerie:Foresee","Menagerie:LightningHelix"],"picked":"Menagerie:LoxodonWarhammer","floor":4.0},{"not_picked":["Fasting2","Vengeance"],"picked":"Tantrum","floor":5.0},{"not_picked":["EmptyBody","FlurryOfBlows"],"picked":"Wireheading","floor":7.0},{"not_picked":["ClearTheMind","Swivel"],"picked":"ReachHeaven","floor":8.0},{"not_picked":["LikeWater","WindmillStrike"],"picked":"CutThroughFate","floor":10.0},{"not_picked":["FlurryOfBlows","PathToVictory","CrushJoints"],"picked":"Singing Bowl","floor":12.0},{"not_picked":["Adaptation","Wireheading"],"picked":"LessonLearned","floor":13.0},{"not_picked":["PathToVictory","WheelKick"],"picked":"Evaluate","floor":14.0},{"not_picked":["MasterReality","Scrawl"],"picked":"ConjureBlade","floor":16.0},{"not_picked":["Evaluate"],"picked":"Singing Bowl","floor":18.0},{"not_picked":[],"picked":"Tantrum","floor":20.0},{"not_picked":["FlurryOfBlows"],"picked":"Singing Bowl","floor":22.0},{"not_picked":[],"picked":"ClearTheMind","floor":23.0},{"not_picked":[],"picked":"Wallop+1","floor":25.0},{"not_picked":[],"picked":"CarveReality+1","floor":31.0},{"not_picked":["SpiritShield"],"picked":"Singing Bowl","floor":33.0},{"not_picked":["Prostrate"],"picked":"Singing Bowl","floor":35.0},{"not_picked":[],"picked":"MentalFortress+1","floor":36.0},{"not_picked":[],"picked":"Indignation+1","floor":37.0},{"not_picked":[],"picked":"EmptyFist+1","floor":39.0},{"not_picked":["Fasting2"],"picked":"Singing Bowl","floor":41.0},{"not_picked":[],"picked":"Wireheading+1","floor":44.0},{"not_picked":["Perseverance"],"picked":"Singing Bowl","floor":46.0},{"not_picked":["Prostrate"],"picked":"Singing Bowl","floor":47.0},{"not_picked":["LikeWater"],"picked":"Singing Bowl","floor":48.0},{"not_picked":["LessonLearned+1"],"picked":"Singing Bowl","floor":54}],"player_experience":479774,"relics_obtained":[{"floor":7.0,"key":"Runesmith:Nanobots"},{"floor":9.0,"key":"Singing Bowl"},{"floor":12.0,"key":"Shuriken"},{"floor":13.0,"key":"Anchor"},{"floor":23.0,"key":"Molten Egg 2"},{"floor":28.0,"key":"Enchiridion"},{"floor":43.0,"key":"Meat on the Bone"},{"floor":48.0,"key":"Gremlin Horn"},{"floor":54,"key":"StrikeDummy"}],"event_choices":[{"damage_healed":0.0,"max_hp_gain":0.0,"max_hp_loss":0.0,"gold_gain":0.0,"cards_transformed":["Conclude"],"event_name":"Menagerie:MagesHand","player_choice":"Grasp","floor":3.0,"gold_loss":0.0,"damage_taken":0.0,"cards_obtained":["Menagerie:DarkRitual"]},{"damage_healed":0.0,"max_hp_gain":0.0,"max_hp_loss":0.0,"gold_gain":0.0,"event_name":"Menagerie:MagicPeddler","player_choice":"Spells","floor":4.0,"gold_loss":70.0,"damage_taken":0.0},{"damage_healed":0.0,"max_hp_gain":0.0,"max_hp_loss":3.0,"gold_gain":0.0,"event_name":"Menagerie:BeastSpiritShrine","player_choice":"Knelt","floor":11.0,"gold_loss":0.0,"damage_taken":0.0,"cards_obtained":["Menagerie:BeastSpirit"]},{"damage_healed":0.0,"max_hp_gain":0.0,"max_hp_loss":0.0,"gold_gain":0.0,"event_name":"Menagerie:StasisChamber","player_choice":"Release","floor":13.0,"gold_loss":0.0,"damage_taken":0.0},{"damage_healed":0.0,"max_hp_gain":0.0,"max_hp_loss":0.0,"gold_gain":0.0,"event_name":"Addict","player_choice":"Stole Relic","floor":19.0,"gold_loss":0.0,"damage_taken":0.0,"relics_obtained":["Unceasing Top"],"cards_obtained":["Shame"]},{"damage_healed":0.0,"max_hp_gain":0.0,"max_hp_loss":0.0,"gold_gain":0.0,"event_name":"Cursed Tome","player_choice":"Obtained Book","floor":28.0,"gold_loss":0.0,"damage_taken":16.0}],"is_beta":false,"boss_relics":[{"not_picked":["Fusion Hammer","Runic Pyramid"],"picked":"Busted Crown"},{"not_picked":["Runic Dome","Coffee Dripper"],"picked":"construct:ClawGrip"}],"items_purged_floors":[],"is_endless":false,"potions_floor_spawned":[1,2,12,13,14,16,23,31,33,37,41,44,48],"killed_by":"The Heart","ascension_level":0}}