{"host":"o8ich17pcr9p9m1c","time":1610901656,"event":{"mods":["Ascension Unlocker","BaseMod","Block Reminder","Colored Map","Colored Powertips","DeckTracker","Highlight Path","Minty Spire (QoL Compilation)","Quick Restart","Random Character Button","StSLib","SuperFastMode","UnlockEverythingMod"],"gold_per_floor":[114,114,114,128,143,143,172,172,195,225,225,236,264,264,264,336,336,355,67,67,82,112,112,131,131,154,114,114,114,114,69,69,148,148,164,164,176,98,109,109,109,109],"floor_reached":41,"language":"JPN","playtime":8577,"items_purged":[],"score":860,"play_id":"64473c32-9a9c-4d58-87fd-3667fd8cfeab","local_time":"20210118014056","is_ascension_mode":true,"campfire_choices":[{"data":"SandsOfTime","floor":6,"key":"SMITH"},{"data":"Consecrate","floor":8,"key":"SMITH"},{"data":"Vigilance","floor":11,"key":"SMITH"},{"floor":15,"key":"REST"},{"data":"ThirdEye","floor":23,"key":"SMITH"},{"floor":25,"key":"REST"},{"data":"Wireheading","floor":28,"key":"SMITH"},{"data":"WheelKick","floor":30,"key":"SMITH"},{"floor":32,"key":"REST"},{"data":"TalkToTheHand","floor":40,"key":"SMITH"}],"circlet_count":0,"master_deck":["AscendersBane","Strike_P","Strike_P","Strike_P","Strike_P","Defend_P","Defend_P","Defend_P","Eruption","Vigilance+1","JustLucky","SandsOfTime+1","Consecrate+1","WheelKick+1","WheelKick","FearNoEvil","LikeWater+1","DeusExMachina","FlurryOfBlows","ThirdEye+1","DeusExMachina","Crescendo","Wireheading+1","Wireheading","Ragnarok","Halt","Perseverance+1","TalkToTheHand+1","ThirdEye"],"relics":["PureWater","NeowsBlessing","Oddly Smooth Stone","PreservedInsect","Bottled Flame","Happy Flower","NlothsMask","Velvet Choker","Mercury Hourglass","Red Mask","Meat on the Bone","Cursed Key"],"acts_visited":["Exordium","TheCity","TheBeyond"],"potions_floor_usage":[7,7,18,33,33,41],"damage_taken":[{"damage":0,"enemies":"Small Slimes","floor":1,"turns":1},{"damage":0,"enemies":"2 Louse","floor":4,"turns":1},{"damage":0,"enemies":"Cultist","floor":5,"turns":1},{"damage":44,"enemies":"3 Sentries","floor":7,"turns":9},{"damage":0,"enemies":"Gremlin Nob","floor":10,"turns":2},{"damage":0,"enemies":"2 Fungi Beasts","floor":12,"turns":2},{"damage":11,"enemies":"Lagavulin","floor":13,"turns":5},{"damage":21,"enemies":"The Guardian","floor":16,"turns":12},{"damage":3,"enemies":"3 Byrds","floor":18,"turns":4},{"damage":22,"enemies":"2 Thieves","floor":21,"turns":4},{"damage":18,"enemies":"Masked Bandits","floor":22,"turns":2},{"damage":0,"enemies":"Snake Plant","floor":24,"turns":2},{"damage":46,"enemies":"Automaton","floor":33,"turns":9},{"damage":47,"enemies":"3 Darklings","floor":35,"turns":5},{"damage":5,"enemies":"Orb Walker","floor":37,"turns":3},{"damage":13,"enemies":"Spire Growth","floor":39,"turns":4},{"damage":74,"enemies":"Reptomancer","floor":41,"turns":2}],"seed_played":"-2131162471573904307","potions_obtained":[{"floor":4,"key":"ColorlessPotion"},{"floor":5,"key":"PowerPotion"},{"floor":7,"key":"Swift Potion"},{"floor":10,"key":"BlessingOfTheForge"},{"floor":21,"key":"PowerPotion"},{"floor":37,"key":"PowerPotion"}],"is_trial":false,"path_per_floor":["M","?","?","M","M","R","E","R","T","E","R","M","E","?","R","B",null,"M","$","?","M","?","R","M","R","T","$","R","T","R","$","R","B",null,"M","?","M","$","M","R","E"],"character_chosen":"WATCHER","items_purchased":["Mercury Hourglass","Wireheading","Wireheading","TalkToTheHand"],"campfire_rested":3,"item_purchase_floors":[19,27,31,38],"current_hp_per_floor":[61,66,66,66,66,66,22,22,22,22,22,22,11,11,32,11,58,55,55,55,33,15,15,15,36,36,36,36,36,36,36,57,23,61,26,26,33,33,32,32,0,0],"gold":109,"neow_bonus":"THREE_ENEMY_KILL","is_daily":false,"chose_seed":false,"campfire_upgraded":7,"win_rate":0.0,"timestamp":1610901656,"path_taken":["M","?","?","M","?","R","E","R","T","E","R","M","E","?","R","BOSS","M","?","?","?","?","R","M","R","T","$","R","?","R","$","R","BOSS","M","?","M","$","M","R","E"],"items_purchased_type":["Relic","Card","Card","Card"],"build_version":"2020-12-22","purchased_purges":0,"victory":false,"max_hp_per_floor":[68,73,73,73,73,73,73,73,73,73,73,73,73,73,73,73,73,73,73,73,73,73,73,73,73,73,73,73,73,73,73,73,73,73,73,73,73,73,73,73,73,73],"card_choices":[{"not_picked":["Fasting2","WreathOfFlame"],"picked":"JustLucky","floor":1},{"not_picked":["Protect","Indignation"],"picked":"SandsOfTime","floor":4},{"not_picked":["Crescendo","CutThroughFate"],"picked":"Consecrate","floor":5},{"not_picked":["Establishment","LikeWater"],"picked":"WheelKick","floor":7},{"not_picked":["Consecrate","FlyingSleeves"],"picked":"WheelKick","floor":10},{"not_picked":["BowlingBash","Halt"],"picked":"FearNoEvil","floor":12},{"not_picked":["FlurryOfBlows","ForeignInfluence"],"picked":"LikeWater","floor":13},{"not_picked":["SpiritShield","MasterReality"],"picked":"DeusExMachina","floor":16},{"not_picked":["CarveReality","Prostrate"],"picked":"FlurryOfBlows","floor":18},{"not_picked":["Indignation","FollowUp"],"picked":"ThirdEye","floor":21},{"not_picked":["ClearTheMind","Prostrate"],"picked":"DeusExMachina","floor":22},{"not_picked":["FlyingSleeves","ThirdEye"],"picked":"Crescendo","floor":24},{"not_picked":["LessonLearned","Establishment"],"picked":"Ragnarok","floor":33},{"not_picked":["BowlingBash","PathToVictory"],"picked":"Halt","floor":35},{"not_picked":["CutThroughFate","PathToVictory"],"picked":"Perseverance+1","floor":37},{"not_picked":["FlyingSleeves+1","Prostrate"],"picked":"ThirdEye","floor":39}],"player_experience":6966,"relics_obtained":[{"floor":7,"key":"Oddly Smooth Stone"},{"floor":9,"key":"PreservedInsect"},{"floor":10,"key":"Bottled Flame"},{"floor":13,"key":"Happy Flower"},{"floor":22,"key":"Red Mask"},{"floor":29,"key":"Meat on the Bone"}],"event_choices":[{"damage_healed":0,"gold_gain":0,"player_choice":"Donut","damage_taken":0,"max_hp_gain":5,"max_hp_loss":0,"event_name":"Big Fish","floor":2,"gold_loss":0},{"cards_removed":["Defend_P"],"damage_healed":0,"gold_gain":0,"player_choice":"Purged","damage_taken":0,"max_hp_gain":0,"max_hp_loss":0,"event_name":"Purifier","floor":3,"gold_loss":0},{"damage_healed":0,"gold_gain":0,"player_choice":"Trade","damage_taken":0,"relics_obtained":["NlothsMask"],"max_hp_gain":0,"max_hp_loss":0,"event_name":"FaceTrader","floor":14,"gold_loss":0},{"damage_healed":0,"gold_gain":0,"player_choice":"Upgraded","damage_taken":0,"max_hp_gain":0,"max_hp_loss":0,"event_name":"Upgrade Shrine","floor":20,"gold_loss":0,"cards_upgraded":["LikeWater"]},{"damage_healed":0,"gold_gain":0,"player_choice":"Fought Bandits","damage_taken":0,"max_hp_gain":0,"max_hp_loss":0,"event_name":"Masked Bandits","floor":22,"gold_loss":0},{"damage_healed":0,"gold_gain":0,"player_choice":"Ignored","damage_taken":0,"max_hp_gain":0,"max_hp_loss":0,"event_name":"Mysterious Sphere","floor":36,"gold_loss":0}],"is_beta":false,"boss_relics":[{"not_picked":["Busted Crown","Calling Bell"],"picked":"Velvet Choker"},{"not_picked":["Philosopher\u0027s Stone","Sozu"],"picked":"Cursed Key"}],"items_purged_floors":[],"is_endless":false,"potions_floor_spawned":[4,5,7,10,16,21,22,37],"killed_by":"Reptomancer","ascension_level":20}}