{"host":"vyjryxuuuxkt43k4","time":1610887475,"event":{"mods":["AchievementEnabler","BaseMod","Colored Map","DeckTracker","Keyboard Shortcuts","Minty Spire (QoL Compilation)","Permanent Neow","Quick Restart","StSLib","SuperFastMode","everything is the same but u backflip on backflip"],"gold_per_floor":[117,131,131,206,206,240,240,272,272,272,292,67,67,67,67,190,190,208,208,222,31,31,31,31,31],"floor_reached":24,"language":"KOR","playtime":939,"items_purged":["Strike_R","Strike_R"],"score":300,"play_id":"0caf689b-66d9-484e-947f-8f448bcee6d4","local_time":"20210117214435","is_ascension_mode":true,"campfire_choices":[{"floor":7.0,"key":"REST"},{"data":"Rage","floor":10.0,"key":"SMITH"},{"floor":15.0,"key":"REST"},{"data":"Armaments","floor":23.0,"key":"SMITH"}],"circlet_count":0,"master_deck":["AscendersBane","Strike_R","Strike_R","Defend_R","Defend_R+1","Defend_R+1","Defend_R","Bash","Wild Strike+1","Carnage+1","Rage+1","Reaper","Feel No Pain","Exhume","Battle Trance+1","Evolve","Armaments+1","Blind+1","Writhe"],"relics":["Burning Blood","Gambling Chip","Pantograph","Du-Vu Doll","Question Card","Golden Idol","Snecko Eye","War Paint"],"acts_visited":["Exordium","TheCity"],"potions_floor_usage":[24],"damage_taken":[{"damage":4.0,"enemies":"2 Louse","floor":1.0,"turns":3.0},{"damage":7.0,"enemies":"Jaw Worm","floor":2.0,"turns":3.0},{"damage":6.0,"enemies":"Gremlin Nob","floor":6.0,"turns":3.0},{"damage":16.0,"enemies":"Lagavulin","floor":8.0,"turns":5.0},{"damage":0.0,"enemies":"Small Slimes","floor":11.0,"turns":2.0},{"damage":33.0,"enemies":"The Guardian","floor":16.0,"turns":11.0},{"damage":24.0,"enemies":"Chosen","floor":18.0,"turns":5.0},{"damage":39.0,"enemies":"Shell Parasite","floor":20.0,"turns":5.0},{"damage":37,"enemies":"Shelled Parasite and Fungi","floor":24,"turns":5}],"seed_played":"7636921277267020684","potions_obtained":[{"floor":2.0,"key":"EntropicBrew"},{"floor":11.0,"key":"LiquidMemories"},{"floor":16.0,"key":"Fruit Juice"},{"floor":18.0,"key":"Dexterity Potion"}],"is_trial":false,"path_per_floor":["M","M","?","?","?","E","R","E","T","R","M","$","?","?","R","B",null,"M","?","M","$","?","R","M"],"character_chosen":"IRONCLAD","items_purchased":["EssenceOfSteel","Feel No Pain","Blind"],"campfire_rested":2,"item_purchase_floors":[12,12,21],"current_hp_per_floor":[53,52,36,25,25,25,49,39,39,39,45,45,38,18,42,40,75,62,62,31,31,31,31,0,0],"gold":31,"neow_bonus":"ONE_RARE_RELIC","is_daily":false,"chose_seed":false,"campfire_upgraded":2,"win_rate":0.0,"timestamp":1610887475,"path_taken":["M","M","?","?","?","E","R","E","T","R","?","$","?","?","R","BOSS","M","?","M","$","?","R","M"],"items_purchased_type":["Potion","Card","Card"],"build_version":"2020-12-22","purchased_purges":2,"victory":false,"max_hp_per_floor":[80,80,80,80,80,80,80,80,80,80,80,80,80,80,80,80,85,85,85,85,85,85,85,85,85],"card_choices":[{"not_picked":["Havoc","Headbutt"],"picked":"Wild Strike","floor":1.0},{"not_picked":["Pommel Strike","Pummel"],"picked":"Carnage","floor":2.0},{"not_picked":["Twin Strike","Sword Boomerang","Warcry"],"picked":"SKIP","floor":6.0},{"not_picked":["Iron Wave","Bloodletting"],"picked":"Rage","floor":8.0},{"not_picked":["Clothesline","Anger","Pommel Strike"],"picked":"Reaper","floor":11.0},{"not_picked":["Reaper","Brutality","Impervious"],"picked":"Exhume","floor":16.0},{"not_picked":["Sentinel","Combust","Thunderclap"],"picked":"Battle Trance+1","floor":18.0},{"not_picked":["Blood for Blood","Dark Embrace","Heavy Blade"],"picked":"Armaments","floor":20.0}],"player_experience":413588,"relics_obtained":[{"floor":6.0,"key":"Pantograph"},{"floor":8.0,"key":"Du-Vu Doll"},{"floor":9.0,"key":"Question Card"}],"event_choices":[{"damage_healed":0.0,"max_hp_gain":0.0,"max_hp_loss":0.0,"gold_gain":0.0,"event_name":"Shining Light","player_choice":"Entered Light","floor":3.0,"gold_loss":0.0,"damage_taken":16.0,"cards_upgraded":["Wild Strike","Defend_R"]},{"damage_healed":0.0,"max_hp_gain":0.0,"max_hp_loss":0.0,"gold_gain":75.0,"event_name":"World of Goop","player_choice":"Gather Gold","floor":4.0,"gold_loss":0.0,"damage_taken":11.0},{"damage_healed":0.0,"max_hp_gain":0.0,"max_hp_loss":0.0,"gold_gain":0.0,"event_name":"Living Wall","player_choice":"Grow","floor":5.0,"gold_loss":0.0,"damage_taken":0.0,"cards_upgraded":["Carnage"]},{"cards_removed":["Strike_R"],"damage_healed":0.0,"max_hp_gain":0.0,"max_hp_loss":0.0,"gold_gain":0.0,"event_name":"Golden Wing","player_choice":"Card Removal","floor":13.0,"gold_loss":0.0,"damage_taken":7.0},{"damage_healed":0.0,"max_hp_gain":0.0,"max_hp_loss":0.0,"gold_gain":0.0,"event_name":"Golden Idol","player_choice":"Take Damage","floor":14.0,"gold_loss":0.0,"damage_taken":20.0,"relics_obtained":["Golden Idol"]},{"damage_healed":0.0,"max_hp_gain":0.0,"max_hp_loss":0.0,"gold_gain":0.0,"event_name":"The Library","player_choice":"Read","floor":19.0,"gold_loss":0.0,"damage_taken":0.0,"cards_obtained":["Evolve"]},{"damage_healed":0.0,"max_hp_gain":0.0,"max_hp_loss":0.0,"gold_gain":0.0,"event_name":"The Mausoleum","player_choice":"Opened","floor":22.0,"gold_loss":0.0,"damage_taken":0.0,"relics_obtained":["War Paint"],"cards_obtained":["Writhe"]}],"is_beta":false,"boss_relics":[{"not_picked":["Runic Dome","Runic Pyramid"],"picked":"Snecko Eye"}],"items_purged_floors":[12,21],"is_endless":false,"potions_floor_spawned":[2,11,16,18],"killed_by":"Shelled Parasite and Fungi","ascension_level":10}}