{"host":"e52c7hvho6xny3hd","time":1610875124,"event":{"mods":["AchievementEnabler","BaseMod","Colored Map","DeckTracker","Minty Spire (QoL Compilation)","Permanent Neow","StSLib"],"gold_per_floor":[115,126,142,156,170,170,188,188,188,188,200,200,200,219,219,315,315,326,340,340,360,360,360],"floor_reached":22,"language":"KOR","playtime":1033,"items_purged":[],"score":282,"play_id":"2514ef6e-7646-45c5-8d5e-2545f46558b8","local_time":"20210117181844","is_ascension_mode":true,"campfire_choices":[{"data":"MasterReality","floor":6,"key":"SMITH"},{"data":"BattleHymn","floor":8,"key":"SMITH"},{"floor":10,"key":"REST"},{"data":"Adaptation","floor":12,"key":"SMITH"},{"data":"Evaluate","floor":15,"key":"SMITH"}],"circlet_count":0,"master_deck":["AscendersBane","Strike_P","Strike_P","Strike_P","Strike_P","Defend_P","Defend_P","Defend_P","Defend_P","Eruption+1","Vigilance","MasterReality+1","BowlingBash","EmptyBody","Adaptation+1","Evaluate+1","Tantrum","BattleHymn+1","DeceiveReality","Protect","ConjureBlade","Wallop+1","EmptyFist","CarveReality"],"relics":["PureWater","Shuriken","Sozu"],"acts_visited":["Exordium","TheCity"],"potions_floor_usage":[],"damage_taken":[{"damage":0.0,"enemies":"Jaw Worm","floor":1.0,"turns":2.0},{"damage":0.0,"enemies":"Cultist","floor":2.0,"turns":4.0},{"damage":0.0,"enemies":"2 Louse","floor":3.0,"turns":2.0},{"damage":6,"enemies":"Gremlin Gang","floor":4,"turns":8},{"damage":7,"enemies":"Looter","floor":5,"turns":5},{"damage":29,"enemies":"Exordium Wildlife","floor":7,"turns":6},{"damage":6,"enemies":"Exordium Thugs","floor":11,"turns":5},{"damage":4,"enemies":"Looter","floor":14,"turns":4},{"damage":2,"enemies":"Hexaghost","floor":16,"turns":9},{"damage":13,"enemies":"2 Thieves","floor":18,"turns":4},{"damage":16,"enemies":"Spheric Guardian","floor":19,"turns":4},{"damage":0,"enemies":"3 Cultists","floor":21,"turns":4},{"damage":30,"enemies":"Snake Plant","floor":22,"turns":3}],"seed_played":"-213371513552249079","potions_obtained":[{"floor":3.0,"key":"Strength Potion"},{"floor":7,"key":"Dexterity Potion"}],"is_trial":false,"path_per_floor":["M","M","M","M","M","R","M","R","T","R","M","R","?","M","R","B",null,"M","M","?","M","M"],"character_chosen":"WATCHER","items_purchased":[],"campfire_rested":1,"item_purchase_floors":[],"current_hp_per_floor":[65,65,65,59,52,52,23,23,23,44,38,38,38,34,34,32,62,49,33,27,27,0,0],"gold":360,"neow_bonus":"ONE_RANDOM_RARE_CARD","is_daily":false,"chose_seed":false,"campfire_upgraded":4,"win_rate":0.0,"timestamp":1610875124,"path_taken":["M","M","M","M","M","R","M","R","T","R","M","R","?","M","R","BOSS","M","?","?","?","M"],"items_purchased_type":[],"build_version":"2020-12-22","purchased_purges":0,"victory":false,"max_hp_per_floor":[72,72,72,72,72,72,72,72,72,72,72,72,72,72,72,72,72,72,72,72,72,72,72],"card_choices":[{"not_picked":["Swivel","Halt"],"picked":"BowlingBash","floor":1.0},{"not_picked":["FlyingSleeves","SandsOfTime"],"picked":"EmptyBody","floor":2.0},{"not_picked":["CutThroughFate","JustLucky"],"picked":"Adaptation","floor":3.0},{"not_picked":["WindmillStrike","Conclude"],"picked":"Evaluate","floor":4},{"not_picked":["FollowUp","EmptyFist"],"picked":"Tantrum","floor":5},{"not_picked":["Nirvana","WindmillStrike"],"picked":"BattleHymn","floor":7},{"not_picked":["SpiritShield","WreathOfFlame"],"picked":"DeceiveReality","floor":11},{"not_picked":["PathToVictory","CrushJoints"],"picked":"Protect","floor":14},{"not_picked":["SpiritShield","MasterReality"],"picked":"ConjureBlade","floor":16},{"not_picked":["Nirvana","SignatureMove+1"],"picked":"Wallop+1","floor":18},{"not_picked":["ThirdEye","Prostrate"],"picked":"EmptyFist","floor":19},{"not_picked":["ClearTheMind","JustLucky+1"],"picked":"CarveReality","floor":21}],"player_experience":679346,"relics_obtained":[{"floor":9,"key":"Shuriken"}],"event_choices":[{"damage_healed":0,"gold_gain":0,"player_choice":"Forge","damage_taken":0,"max_hp_gain":0,"max_hp_loss":0,"event_name":"Accursed Blacksmith","floor":13,"gold_loss":0,"cards_upgraded":["Eruption"]},{"damage_healed":0,"gold_gain":0,"player_choice":"","damage_taken":6,"max_hp_gain":0,"max_hp_loss":0,"event_name":"Knowing Skull","floor":20,"potions_obtained":[],"gold_loss":0,"cards_obtained":[]}],"is_beta":false,"boss_relics":[{"not_picked":["Cursed Key","Fusion Hammer"],"picked":"Sozu"}],"items_purged_floors":[],"is_endless":false,"potions_floor_spawned":[3,7,11,14,19,21],"killed_by":"Snake Plant","ascension_level":11}}