{"host":"0tiuc76yumknr6qf","time":1610847851,"event":{"mods":["Aspiration","BaseMod","Bestiary","Colored Map","DeckTracker","Highlight Path","Minty Spire (QoL Compilation)","StSLib"],"gold_per_floor":[117,128,128,128,143,143,160,180,226,226,60,60,94,94,94,168,168,183,183,200,115,129,129,159,122,122,122,141,159,175,207,207,280,280,296,306,306,326,339,339,364,364,388,139,152,152,152,172,172,172,172,172,172,63,93,93,93],"floor_reached":56,"language":"ENG","playtime":4468,"items_purged":[],"score":1888,"play_id":"43b9222b-540a-4725-8471-efd06a6b1d24","local_time":"20210116194411","is_ascension_mode":true,"campfire_choices":[{"data":"Genetic Algorithm","floor":6.0,"key":"SMITH"},{"data":"Zap","floor":10.0,"key":"SMITH"},{"data":"Sunder","floor":12.0,"key":"SMITH"},{"data":"Defragment","floor":15.0,"key":"SMITH"},{"data":"White Noise","floor":23.0,"key":"SMITH"},{"data":"Rainbow","floor":32.0,"key":"SMITH"},{"floor":40.0,"key":"RECALL"},{"data":"Amplify","floor":42.0,"key":"SMITH"},{"data":"Capacitor","floor":47.0,"key":"SMITH"},{"data":"Defragment","floor":49.0,"key":"SMITH"},{"data":"Biased Cognition","floor":53.0,"key":"SMITH"}],"circlet_count":0,"master_deck":["AscendersBane","Defend_B","Defend_B","Defend_B","Defend_B","Zap+1","Dualcast","Static Discharge","Genetic Algorithm+1","Biased Cognition+1","White Noise+1","Force Field","Cold Snap","Defragment+1","Sunder+1","Chill","Echo Form","Hologram","Bite","Bite","Bite","Bite","Bite","Reinforced Body","Storm","Amplify+1","Rainbow+1","Conserve Battery","Capacitor+1","Meteor Strike","Coolheaded+1","Defragment+1","Coolheaded","Defragment+1","Capacitor"],"relics":["Cracked Core","aspiration:Nostalgia","PureWater","Bag of Preparation","Ancient Tea Set","Runic Pyramid","aspiration:StickyExplosives_weak","Strawberry","Gambling Chip","CaptainsWheel","Philosopher\u0027s Stone","Potion Belt","OrangePellets","Happy Flower","aspiration:MysteriousAuxiliaryCore"],"acts_visited":["Exordium","TheCity","TheBeyond","TheEnding"],"potions_floor_usage":[56,56,56],"damage_taken":[{"damage":0.0,"enemies":"Small Slimes","floor":1.0,"turns":3.0},{"damage":1.0,"enemies":"Cultist","floor":2.0,"turns":3.0},{"damage":0.0,"enemies":"2 Louse","floor":5.0,"turns":2.0},{"damage":1.0,"enemies":"Exordium Wildlife","floor":7.0,"turns":3.0},{"damage":15.0,"enemies":"Looter","floor":8.0,"turns":3.0},{"damage":21.0,"enemies":"Gremlin Nob","floor":13.0,"turns":4.0},{"damage":15.0,"enemies":"The Guardian","floor":16.0,"turns":12.0},{"damage":14.0,"enemies":"Chosen","floor":18.0,"turns":5.0},{"damage":8.0,"enemies":"Spheric Guardian","floor":20.0,"turns":4.0},{"damage":4.0,"enemies":"Centurion and Healer","floor":22.0,"turns":6.0},{"damage":9.0,"enemies":"Gremlin Leader","floor":24.0,"turns":7.0},{"damage":2.0,"enemies":"Chosen and Byrds","floor":28.0,"turns":4.0},{"damage":0.0,"enemies":"Sentry and Sphere","floor":29.0,"turns":4.0},{"damage":0.0,"enemies":"3 Cultists","floor":30.0,"turns":4.0},{"damage":15.0,"enemies":"Book of Stabbing","floor":31.0,"turns":5.0},{"damage":7.0,"enemies":"Collector","floor":33.0,"turns":9.0},{"damage":0.0,"enemies":"Orb Walker","floor":35.0,"turns":3.0},{"damage":21.0,"enemies":"3 Darklings","floor":36.0,"turns":3.0},{"damage":10.0,"enemies":"Sphere and 2 Shapes","floor":38.0,"turns":5.0},{"damage":0.0,"enemies":"Spire Growth","floor":39.0,"turns":4.0},{"damage":5.0,"enemies":"Giant Head","floor":41.0,"turns":8.0},{"damage":5.0,"enemies":"3 Darklings","floor":45.0,"turns":6.0},{"damage":2.0,"enemies":"Transient","floor":48.0,"turns":6.0},{"damage":26.0,"enemies":"Donu and Deca","floor":50.0,"turns":12.0},{"damage":38.0,"enemies":"Awakened One","floor":51.0,"turns":13.0},{"damage":36.0,"enemies":"Shield and Spear","floor":55.0,"turns":6.0},{"damage":39,"enemies":"The Heart","floor":56,"turns":9}],"seed_played":"-6623931818968451666","potions_obtained":[{"floor":2.0,"key":"BlessingOfTheForge"},{"floor":5.0,"key":"LiquidMemories"},{"floor":16.0,"key":"GamblersBrew"},{"floor":18.0,"key":"Block Potion"},{"floor":24.0,"key":"FocusPotion"},{"floor":28.0,"key":"EntropicBrew"},{"floor":41.0,"key":"GamblersBrew"},{"floor":45.0,"key":"Dexterity Potion"}],"is_trial":false,"path_per_floor":["M","M","?","?","M","R","M","M","T","R","$","R","E","?","R","B",null,"M","?","M","?","M","R","E","$","T","?","M","M","M","E","R","B",null,"M","M","?","M","M","R","E","R","T","$","M","T","R","M","R","B","B",null,"R","$","E","B"],"character_chosen":"DEFECT","items_purchased":["Defragment","Sunder","Storm","OrangePellets","Defragment","Block Potion","Weak Potion"],"campfire_rested":0,"item_purchase_floors":[11,11,25,44,44,54,54],"current_hp_per_floor":[64,63,63,63,63,63,62,47,47,47,47,47,26,26,26,11,56,42,42,38,38,44,44,54,54,54,54,56,56,56,43,43,48,54,54,41,41,43,45,45,52,52,52,52,56,56,56,56,56,56,32,50,50,50,24,0,0],"gold":93,"neow_bonus":"NOSTALGIA","is_daily":false,"chose_seed":false,"campfire_upgraded":10,"win_rate":0.0,"timestamp":1610847851,"path_taken":["M","M","?","?","M","R","M","?","T","R","$","R","E","?","R","BOSS","M","?","M","?","M","R","E","$","T","?","?","M","M","E","R","BOSS","M","M","?","?","M","R","E","R","T","$","M","?","R","M","R","BOSS","BOSS","R","$","E","BOSS"],"items_purchased_type":["Card","Card","Card","Relic","Card","Potion","Potion"],"build_version":"2020-12-22","purchased_purges":0,"victory":false,"max_hp_per_floor":[71,71,71,71,71,71,71,71,71,71,71,71,71,71,71,71,71,71,49,49,49,49,49,56,56,56,56,56,56,56,56,56,56,56,56,56,56,56,56,56,56,56,56,56,56,56,56,56,56,56,56,56,56,56,56,56,56],"card_choices":[{"not_picked":["Steam","Stack"],"picked":"Static Discharge","floor":1.0},{"not_picked":["Double Energy","Gash"],"picked":"Genetic Algorithm","floor":2.0},{"not_picked":["Heatsinks","Double Energy"],"picked":"White Noise","floor":5.0},{"not_picked":["Recycle","Fusion"],"picked":"Force Field","floor":7.0},{"not_picked":["Doom and Gloom","Gash"],"picked":"Cold Snap","floor":8.0},{"not_picked":["Steam","Fusion"],"picked":"Chill","floor":13.0},{"not_picked":["Creative AI","Multi-Cast"],"picked":"Echo Form","floor":16.0},{"not_picked":["Ball Lightning","Hello World"],"picked":"Hologram","floor":18.0},{"not_picked":["Rebound","Compile Driver","Barrage"],"picked":"SKIP","floor":20.0},{"not_picked":["Gash","Streamline","Redo"],"picked":"SKIP","floor":22.0},{"not_picked":["Double Energy","Blizzard"],"picked":"Reinforced Body","floor":24.0},{"not_picked":["Beam Cell","Auto Shields","Streamline"],"picked":"SKIP","floor":28.0},{"not_picked":["Compile Driver","Redo"],"picked":"Rainbow","floor":29.0},{"not_picked":["Beam Cell","Compile Driver"],"picked":"Conserve Battery","floor":30.0},{"not_picked":["Ball Lightning","Cold Snap+1"],"picked":"Capacitor","floor":31.0},{"not_picked":["Hyperbeam","Reboot"],"picked":"Meteor Strike","floor":33.0},{"not_picked":["BootSequence","Steam","Genetic Algorithm"],"picked":"SKIP","floor":35.0},{"not_picked":["Barrage","Turbo"],"picked":"Coolheaded+1","floor":36.0},{"not_picked":["Static Discharge+1","Cold Snap"],"picked":"Coolheaded","floor":38.0},{"not_picked":["Barrage","Ball Lightning","Sweeping Beam+1"],"picked":"SKIP","floor":39.0},{"not_picked":["BootSequence","Skim+1","Cold Snap"],"picked":"SKIP","floor":41.0},{"not_picked":["FTL+1","Hologram","Compile Driver+1"],"picked":"SKIP","floor":45.0},{"not_picked":["Barrage","Fusion","Beam Cell"],"picked":"SKIP","floor":48.0},{"not_picked":["Amplify","Hello World"],"picked":"Capacitor","floor":55.0}],"player_experience":1888607,"relics_obtained":[{"floor":9.0,"key":"Bag of Preparation"},{"floor":13.0,"key":"Ancient Tea Set"},{"floor":24.0,"key":"Strawberry"},{"floor":26.0,"key":"Gambling Chip"},{"floor":31.0,"key":"CaptainsWheel"},{"floor":41.0,"key":"Potion Belt"},{"floor":46.0,"key":"Happy Flower"},{"floor":55.0,"key":"aspiration:MysteriousAuxiliaryCore"}],"event_choices":[{"damage_healed":0.0,"max_hp_gain":0.0,"max_hp_loss":0.0,"gold_gain":0.0,"event_name":"Liars Game","player_choice":"Ignored","floor":3.0,"gold_loss":0.0,"damage_taken":0.0},{"damage_healed":0.0,"max_hp_gain":0.0,"max_hp_loss":0.0,"gold_gain":0.0,"event_name":"Match and Keep!","player_choice":"1 cards matched","floor":4.0,"gold_loss":0.0,"damage_taken":0.0,"cards_obtained":["Biased Cognition"]},{"damage_healed":0.0,"max_hp_gain":0.0,"max_hp_loss":0.0,"gold_gain":0.0,"event_name":"Scrap Ooze","player_choice":"Fled","floor":14.0,"gold_loss":0.0,"damage_taken":0.0},{"damage_healed":0.0,"max_hp_gain":0.0,"max_hp_loss":22.0,"gold_gain":0.0,"event_name":"Vampires","player_choice":"Became a vampire","floor":19.0,"gold_loss":0.0,"damage_taken":0.0,"cards_obtained":["Bite","Bite","Bite","Bite","Bite"]},{"damage_healed":0.0,"max_hp_gain":0.0,"max_hp_loss":0.0,"gold_gain":0.0,"event_name":"Addict","player_choice":"Obtained Relic","floor":21.0,"gold_loss":85.0,"damage_taken":0.0,"relics_obtained":["aspiration:StickyExplosives_weak"]},{"damage_healed":0.0,"max_hp_gain":0.0,"max_hp_loss":0.0,"gold_gain":0.0,"event_name":"Match and Keep!","player_choice":"1 cards matched","floor":27.0,"gold_loss":0.0,"damage_taken":0.0,"cards_obtained":["Amplify"]},{"damage_healed":0.0,"max_hp_gain":0.0,"max_hp_loss":0.0,"gold_gain":0.0,"event_name":"Duplicator","player_choice":"Copied","floor":37.0,"gold_loss":0.0,"damage_taken":0.0,"cards_obtained":["Defragment"]}],"is_beta":false,"boss_relics":[{"not_picked":["FrozenCore","Runic Dome"],"picked":"Runic Pyramid"},{"not_picked":["Sozu","Calling Bell"],"picked":"Philosopher\u0027s Stone"}],"items_purged_floors":[],"is_endless":false,"potions_floor_spawned":[2,5,16,18,24,28,31,39,41,45],"killed_by":"The Heart","ascension_level":20}}