{"host":"z34yzn8hj4ic20ef","time":1610874560,"event":{"mods":["AchievementEnabler","BaseMod","Downfall","Minty Spire (QoL Compilation)","StSLib","SuperFastMode"],"gold_per_floor":[119,119,119,138,152,152,165,180,206,237,237,11,11,23,23,97,97,114,114,14,29,41,41,41,41],"floor_reached":24,"language":"ENG","playtime":764,"items_purged":["Parasite","Pain"],"score":396,"play_id":"2602f3df-3ca2-41b0-bc0d-05a94ee99ddc","local_time":"20210117180920","is_ascension_mode":true,"campfire_choices":[{"data":"Beam Cell","floor":6.0,"key":"SMITH"},{"data":"Discovery","floor":15.0,"key":"SMITH"},{"floor":23,"key":"REST"}],"circlet_count":0,"master_deck":["AscendersBane","Strike_B","Strike_B","Strike_B","Strike_B","Defend_B","Defend_B","Defend_B","Defend_B","Zap","Dualcast","Genetic Algorithm","Rebound","Beam Cell+1","Chill","Streamline","Discovery+1","Hologram","Mind Blast"],"relics":["Busted Crown","White Beast Statue","Thread and Needle","Bag of Marbles","Singing Bowl","WarpedTongs","bronze:MakeshiftBattery"],"acts_visited":["Exordium","TheCity"],"potions_floor_usage":[16,16],"damage_taken":[{"damage":7.0,"enemies":"Jaw Worm","floor":1.0,"turns":4.0},{"damage":0.0,"enemies":"Cultist","floor":4.0,"turns":4.0},{"damage":0.0,"enemies":"2 Louse","floor":5.0,"turns":4.0},{"damage":10.0,"enemies":"Exordium Thugs","floor":7.0,"turns":4.0},{"damage":0.0,"enemies":"Looter","floor":8.0,"turns":3.0},{"damage":31.0,"enemies":"Gremlin Nob","floor":10.0,"turns":4.0},{"damage":0.0,"enemies":"Gremlin Gang","floor":14.0,"turns":2.0},{"damage":15,"enemies":"Slime Boss","floor":16,"turns":7},{"damage":13,"enemies":"2 Thieves","floor":18,"turns":4},{"damage":16,"enemies":"Spheric Guardian","floor":21,"turns":6},{"damage":14,"enemies":"Centurion and Healer","floor":22,"turns":5},{"damage":41,"enemies":"Slavers","floor":24,"turns":3}],"seed_played":"-3038646957561315409","potions_obtained":[{"floor":1.0,"key":"EssenceOfSteel"},{"floor":4.0,"key":"sneckomod:MuddlingPotion"},{"floor":8.0,"key":"bronze:BurnAndBuffPotion"},{"floor":10.0,"key":"DuplicationPotion"},{"floor":16,"key":"CultistPotion"},{"floor":18,"key":"SpeedPotion"}],"is_trial":false,"path_per_floor":["M","?","T","M","M","R","M","M","T","E","?","$","?","M","R","B",null,"M","?","$","M","M","R","E"],"character_chosen":"DEFECT","items_purchased":["Discovery","Hologram"],"campfire_rested":1,"item_purchase_floors":[12,12],"current_hp_per_floor":[57,52,52,52,52,52,42,42,42,11,28,28,28,30,30,17,58,47,35,35,21,9,32,0,0],"gold":41,"neow_bonus":"BOSS_RELIC","is_daily":false,"chose_seed":false,"campfire_upgraded":2,"win_rate":0.0,"timestamp":1610874560,"path_taken":["M","?","?","?","?","R","M","M","T","E","?","$","?","?","R","BOSS","M","?","$","M","M","R","E"],"items_purchased_type":["Card","Card"],"build_version":"2020-12-22","purchased_purges":2,"victory":false,"max_hp_per_floor":[71,71,71,71,71,71,71,71,71,71,71,68,68,70,70,72,72,74,74,74,76,78,78,78,78],"card_choices":[{"not_picked":[],"picked":"Genetic Algorithm","floor":1.0},{"not_picked":[],"picked":"Rebound","floor":4.0},{"not_picked":[],"picked":"Beam Cell","floor":5.0},{"not_picked":[],"picked":"Chill","floor":7.0},{"not_picked":["BootSequence"],"picked":"SKIP","floor":8.0},{"not_picked":[],"picked":"Streamline","floor":10.0},{"not_picked":["Rebound"],"picked":"Singing Bowl","floor":14.0},{"not_picked":["Multi-Cast"],"picked":"Singing Bowl","floor":16},{"not_picked":["Conserve Battery+1"],"picked":"Singing Bowl","floor":18},{"not_picked":["Barrage"],"picked":"Singing Bowl","floor":21},{"not_picked":["Redo"],"picked":"Singing Bowl","floor":22}],"player_experience":880052,"relics_obtained":[{"floor":3.0,"key":"Thread and Needle"},{"floor":9.0,"key":"Bag of Marbles"},{"floor":10.0,"key":"Singing Bowl"}],"event_choices":[{"damage_healed":0.0,"max_hp_gain":0.0,"max_hp_loss":0.0,"gold_gain":0.0,"event_name":"Scrap Ooze","player_choice":"Success","floor":2.0,"gold_loss":0.0,"damage_taken":5.0,"relics_obtained":["White Beast Statue"]},{"damage_healed":17.0,"max_hp_gain":0.0,"max_hp_loss":0.0,"gold_gain":0.0,"event_name":"Mushrooms","player_choice":"Healed and dodged fight","floor":11.0,"gold_loss":0.0,"damage_taken":0.0,"cards_obtained":["Parasite"]},{"damage_healed":0.0,"max_hp_gain":0.0,"max_hp_loss":0.0,"gold_gain":0.0,"event_name":"Accursed Blacksmith","player_choice":"Rummage","floor":13.0,"gold_loss":0.0,"damage_taken":0.0,"relics_obtained":["WarpedTongs"],"cards_obtained":["Pain"]},{"damage_healed":0,"gold_gain":0,"player_choice":"CARD ","damage_taken":12,"max_hp_gain":0,"max_hp_loss":0,"event_name":"Knowing Skull","floor":19,"potions_obtained":[],"gold_loss":0,"cards_obtained":["Mind Blast"]}],"is_beta":false,"boss_relics":[{"not_picked":["Fusion Hammer","SlaversCollar"],"picked":"bronze:MakeshiftBattery"}],"items_purged_floors":[12,20],"is_endless":false,"potions_floor_spawned":[1,4,5,7,8,10,14,16,18,21,22],"killed_by":"Slavers","ascension_level":20}}