{"host":"d85gwtocd8go8gx0","time":1610925460,"event":{"mods":["BaseMod","Highlight Path","Minty Spire (QoL Compilation)","Permanent Neow","Quick Restart","UnlockEverythingMod"],"gold_per_floor":[117,117,134,153,168,203,203,278,278,278,288,288,314,324,324,398,398,415,415,430,430,430],"floor_reached":21,"language":"ENG","playtime":704,"items_purged":[],"score":382,"play_id":"ed9d8ebf-f543-413a-931f-4a9efb945d92","local_time":"20210117151740","is_ascension_mode":true,"campfire_choices":[{"data":"Bash","floor":7.0,"key":"SMITH"},{"floor":10.0,"key":"REST"},{"floor":15.0,"key":"REST"}],"circlet_count":0,"master_deck":["AscendersBane","Bash+1","Dramatic Entrance","Flex","Warcry","Shrug It Off","Flex","Exhume","Warcry","Pommel Strike","True Grit","Offering","Barricade","Demon Form","Bloodletting","Pummel","Flame Barrier","Seeing Red","Warcry","Dropkick","Havoc+1","RitualDagger","Feel No Pain"],"relics":["Burning Blood","Mercury Hourglass","Charon\u0027s Ashes","Ice Cream","Pandora\u0027s Box"],"acts_visited":["Exordium","TheCity"],"potions_floor_usage":[16],"damage_taken":[{"damage":2.0,"enemies":"Jaw Worm","floor":1.0,"turns":3.0},{"damage":9.0,"enemies":"2 Louse","floor":3.0,"turns":3.0},{"damage":6.0,"enemies":"Cultist","floor":4.0,"turns":3.0},{"damage":12.0,"enemies":"2 Fungi Beasts","floor":5.0,"turns":2.0},{"damage":47.0,"enemies":"3 Sentries","floor":6.0,"turns":12.0},{"damage":0.0,"enemies":"Blue Slaver","floor":11.0,"turns":2.0},{"damage":20.0,"enemies":"Lagavulin","floor":13.0,"turns":7.0},{"damage":0.0,"enemies":"Gremlin Gang","floor":14.0,"turns":1.0},{"damage":15,"enemies":"Slime Boss","floor":16,"turns":6},{"damage":22,"enemies":"2 Thieves","floor":18,"turns":3},{"damage":10,"enemies":"Spheric Guardian","floor":20,"turns":3},{"damage":50,"enemies":"Shelled Parasite and Fungi","floor":21,"turns":2}],"seed_played":"-4603821660882009841","potions_obtained":[{"floor":3.0,"key":"ElixirPotion"},{"floor":5.0,"key":"BlessingOfTheForge"},{"floor":14.0,"key":"PowerPotion"},{"floor":16,"key":"DuplicationPotion"},{"floor":18,"key":"FearPotion"}],"is_trial":false,"path_per_floor":["M","?","M","M","M","E","R","?","T","R","M","?","E","M","R","B",null,"M","?","M","M"],"character_chosen":"IRONCLAD","items_purchased":[],"campfire_rested":2,"item_purchase_floors":[],"current_hp_per_floor":[72,72,69,69,63,22,22,11,11,33,39,39,25,31,53,44,67,51,45,41,0,0],"gold":430,"neow_bonus":"RANDOM_COLORLESS","is_daily":false,"chose_seed":false,"campfire_upgraded":1,"win_rate":0.0,"timestamp":1610925460,"path_taken":["M","?","M","M","M","E","R","?","T","R","M","?","E","?","R","BOSS","M","?","M","M"],"items_purchased_type":[],"build_version":"2020-12-22","purchased_purges":0,"victory":false,"max_hp_per_floor":[75,75,75,75,75,75,75,75,75,75,75,75,75,75,75,75,75,75,75,75,75,75],"card_choices":[{"not_picked":["Jack Of All Trades","Purity"],"picked":"Dramatic Entrance","floor":0.0},{"not_picked":["Clothesline","Warcry"],"picked":"Flex","floor":1.0},{"not_picked":["Wild Strike","Blood for Blood"],"picked":"Warcry","floor":3.0},{"not_picked":["Shockwave","True Grit"],"picked":"Shrug It Off","floor":4.0},{"not_picked":["Havoc","Wild Strike"],"picked":"Flex","floor":5.0},{"not_picked":["Fiend Fire","Rupture"],"picked":"Exhume","floor":6.0},{"not_picked":["Sword Boomerang","Flex"],"picked":"Warcry","floor":11.0},{"not_picked":["Evolve","Heavy Blade"],"picked":"Pommel Strike","floor":13.0},{"not_picked":["Twin Strike","Clash"],"picked":"True Grit","floor":14.0},{"not_picked":["Barricade","Bludgeon"],"picked":"Offering","floor":16},{"not_picked":["Power Through","Dropkick"],"picked":"Havoc+1","floor":18},{"not_picked":["True Grit","Bloodletting"],"picked":"Feel No Pain","floor":20}],"player_experience":27591,"relics_obtained":[{"floor":6.0,"key":"Mercury Hourglass"},{"floor":9.0,"key":"Charon\u0027s Ashes"},{"floor":13.0,"key":"Ice Cream"}],"event_choices":[{"damage_healed":0.0,"max_hp_gain":0.0,"max_hp_loss":0.0,"gold_gain":0.0,"event_name":"Liars Game","player_choice":"Ignored","floor":2.0,"gold_loss":0.0,"damage_taken":0.0},{"damage_healed":0.0,"max_hp_gain":0.0,"max_hp_loss":0.0,"gold_gain":75.0,"event_name":"World of Goop","player_choice":"Gather Gold","floor":8.0,"gold_loss":0.0,"damage_taken":11.0},{"cards_removed":["Strike_R"],"damage_healed":0.0,"max_hp_gain":0.0,"max_hp_loss":0.0,"gold_gain":0.0,"event_name":"Bonfire Elementals","player_choice":"Offered Basic","floor":12.0,"gold_loss":0.0,"damage_taken":0.0},{"damage_healed":0,"gold_gain":0,"player_choice":"Joined the Cult","damage_taken":6,"max_hp_gain":0,"max_hp_loss":0,"event_name":"Nest","floor":19,"gold_loss":0,"cards_obtained":["RitualDagger"]}],"is_beta":false,"boss_relics":[{"not_picked":["Ectoplasm","Tiny House"],"picked":"Pandora\u0027s Box"}],"items_purged_floors":[],"is_endless":false,"potions_floor_spawned":[3,5,11,14,16,18,20],"killed_by":"Shelled Parasite and Fungi","ascension_level":20}}