{"host":"g01l53quoe6lrer0","time":1610892391,"event":{"mods":["2.2 Compatiblity","AchievementEnabler","BaseMod","Colored Map","Highlight Path","Keyboard Shortcuts","Minty Spire (QoL Compilation)","Permanent Neow","StSLib","SuperFastMode","everything is the same but u backflip on backflip"],"gold_per_floor":[360,360,36,47,65,65,75,95,121,138,188,188,207,223,223,301,301,320,33,112,0,13,13,13,13],"floor_reached":24,"language":"KOR","playtime":471,"items_purged":["Defend_B"],"score":361,"play_id":"4f3732c3-8ae3-4990-9379-f9f45c270160","local_time":"20210117230631","is_ascension_mode":true,"campfire_choices":[{"data":"Zap","floor":6.0,"key":"SMITH"},{"floor":12.0,"key":"REST"},{"data":"Dualcast","floor":15.0,"key":"SMITH"},{"floor":23,"key":"REST"}],"circlet_count":0,"master_deck":["AscendersBane","Strike_B","Defend_B","Defend_B","Defend_B","Zap+1","Dualcast+1","Streamline","Capacitor","Beam Cell+1","Blizzard+1","Skim","Go for the Eyes+1","Coolheaded","Compile Driver+1","Coolheaded","Amplify","Force Field+1","Rebound+1","Loop+1","Consume","Apotheosis","Defragment"],"relics":["Cracked Core","Molten Egg 2","Strawberry","Astrolabe","Shuriken"],"acts_visited":["Exordium","TheCity"],"potions_floor_usage":[18,24],"damage_taken":[{"damage":4.0,"enemies":"Jaw Worm","floor":1.0,"turns":4.0},{"damage":5.0,"enemies":"Small Slimes","floor":4.0,"turns":3.0},{"damage":6.0,"enemies":"Cultist","floor":5.0,"turns":3.0},{"damage":13.0,"enemies":"Large Slime","floor":7.0,"turns":4.0},{"damage":8.0,"enemies":"3 Louse","floor":8.0,"turns":3.0},{"damage":5.0,"enemies":"Exordium Wildlife","floor":10.0,"turns":3.0},{"damage":7.0,"enemies":"Large Slime","floor":13.0,"turns":6.0},{"damage":0.0,"enemies":"2 Fungi Beasts","floor":14.0,"turns":3.0},{"damage":7.0,"enemies":"Slime Boss","floor":16.0,"turns":7.0},{"damage":34,"enemies":"Shell Parasite","floor":18,"turns":4},{"damage":27,"enemies":"Chosen","floor":22,"turns":7},{"damage":30,"enemies":"Slavers","floor":24,"turns":1}],"seed_played":"4931951439895101542","potions_obtained":[{"floor":5.0,"key":"SteroidPotion"},{"floor":7.0,"key":"EntropicBrew"},{"floor":8.0,"key":"Dexterity Potion"},{"floor":22,"key":"EssenceOfSteel"}],"is_trial":false,"path_per_floor":["M","?","$","M","M","R","M","M","T","M","?","R","M","M","R","B",null,"M","$","T","?","M","R","E"],"character_chosen":"DEFECT","items_purchased":["Capacitor","Molten Egg 2","Apotheosis"],"campfire_rested":2,"item_purchase_floors":[3,3,19],"current_hp_per_floor":[42,65,65,60,54,54,41,33,40,35,28,51,44,44,44,37,68,34,34,34,34,7,30,0,0],"gold":13,"neow_bonus":"TWO_FIFTY_GOLD","is_daily":false,"chose_seed":false,"campfire_upgraded":2,"win_rate":0.0,"timestamp":1610892391,"path_taken":["M","?","$","M","M","R","M","M","T","M","?","R","M","M","R","BOSS","M","$","?","?","M","R","E"],"items_purchased_type":["Card","Relic","Card"],"build_version":"2020-12-22","purchased_purges":1,"victory":false,"max_hp_per_floor":[71,71,71,71,71,71,71,71,78,78,78,78,78,78,78,78,78,78,78,78,78,78,78,78,78],"card_choices":[{"not_picked":["Barrage","Ball Lightning"],"picked":"Streamline","floor":1.0},{"not_picked":["Compile Driver+1","Double Energy"],"picked":"Beam Cell+1","floor":4.0},{"not_picked":["Streamline+1","Lockon+1"],"picked":"Blizzard+1","floor":5.0},{"not_picked":["Redo","Stack"],"picked":"Skim","floor":7.0},{"not_picked":["Sweeping Beam+1","Doom and Gloom+1"],"picked":"Go for the Eyes+1","floor":8.0},{"not_picked":["Machine Learning","Tempest"],"picked":"Coolheaded","floor":10.0},{"not_picked":["Darkness","Steam"],"picked":"Compile Driver+1","floor":13.0},{"not_picked":["Sweeping Beam+1","Leap"],"picked":"Coolheaded","floor":14.0},{"not_picked":["All For One+1","Machine Learning"],"picked":"Amplify","floor":16.0},{"not_picked":["Beam Cell+1","Conserve Battery"],"picked":"Consume","floor":18},{"not_picked":["FTL+1","Gash+1"],"picked":"Defragment","floor":22}],"player_experience":213313,"relics_obtained":[{"floor":9.0,"key":"Strawberry"},{"floor":20,"key":"Shuriken"}],"event_choices":[{"damage_healed":23.0,"max_hp_gain":0.0,"max_hp_loss":0.0,"gold_gain":0.0,"event_name":"Big Fish","player_choice":"Banana","floor":2.0,"gold_loss":0.0,"damage_taken":0.0},{"damage_healed":0.0,"max_hp_gain":0.0,"max_hp_loss":0.0,"gold_gain":50.0,"event_name":"FaceTrader","player_choice":"Touch","floor":11.0,"gold_loss":0.0,"damage_taken":7.0},{"damage_healed":0,"gold_gain":0,"player_choice":"Paid Fearfully","damage_taken":0,"max_hp_gain":0,"max_hp_loss":0,"event_name":"Masked Bandits","floor":21,"gold_loss":112}],"is_beta":false,"boss_relics":[{"not_picked":["Empty Cage","Runic Dome"],"picked":"Astrolabe"}],"items_purged_floors":[19],"is_endless":false,"potions_floor_spawned":[5,7,8,22],"killed_by":"Slavers","ascension_level":18}}