{"host":"u499vgr0907g2fby","time":1610849276,"event":{"mods":["BaseMod","Downfall","Googly Eyes","Minty Spire (QoL Compilation)","StSLib"],"gold_per_floor":[99,117,117,133,283,183,183,210,222,222,40,59,72,101,121,225,225,225,245,262,277,291,302,302,318,329,329,355,375,406,30,46,46,46,46],"floor_reached":33,"language":"ENG","playtime":3128,"items_purged":["Guardian:Defend_Guardian","downfall:Icky"],"score":330,"play_id":"9ccb0b14-7534-474d-b5f4-1446e667d370","local_time":"20210116220756","is_ascension_mode":false,"campfire_choices":[{"floor":1,"key":"RECALL"},{"data":"Guardian:EvasiveProtocol","floor":6,"key":"SMITH"},{"data":"Guardian:FierceBash","floor":18,"key":"SMITH"},{"data":"Guardian:StasisStrike","floor":27,"key":"SMITH"}],"circlet_count":0,"master_deck":["Guardian:Strike_Guardian","Guardian:Defend_Guardian","Guardian:CurlUp","Guardian:TwinSlam","Guardian:TimeBomb+1","Guardian:SphericShield+1","Guardian:EvasiveProtocol+1","Guardian:FierceBash+1","Guardian:RevengeProtocol","Guardian:TemporalStrike","Guardian:Incinerate","Guardian:TemporalShield","Guardian:SentryBeam","Guardian:SentryBeam","Guardian:TemporalStrike","Guardian:BodySlam+1","Guardian:StasisStrike+1","Guardian:TemporalStrike+1","Guardian:SphericShield+1","Guardian:BodySlam","Guardian:Emergency+1","Guardian:TemporalShield+1"],"relics":["Astrolabe","downfall:HeartBlessingRed","The Courier","Smiling Mask","Anchor","Bottled Flame","Empty Cage","Toxic Egg 2","Juzu Bracelet","FossilizedHelix","Gremlin Horn","Toolbox"],"acts_visited":["Exordium","TheCity"],"potions_floor_usage":[22,22,22,23,28,28,28,28,30,30],"damage_taken":[{"damage":0,"enemies":"Small Slimes","floor":2,"turns":4},{"damage":0,"enemies":"2 Louse","floor":4,"turns":3},{"damage":4,"enemies":"Gremlin Nob","floor":8,"turns":4},{"damage":1,"enemies":"Cultist","floor":9,"turns":4},{"damage":0,"enemies":"downfall:FleeingMerchant","floor":11,"turns":4},{"damage":7,"enemies":"2 Fungi Beasts","floor":12,"turns":3},{"damage":0,"enemies":"Exordium Thugs","floor":13,"turns":3},{"damage":8,"enemies":"3 Sentries","floor":14,"turns":3},{"damage":5,"enemies":"Gremlin Gang","floor":15,"turns":6},{"damage":10,"enemies":"SI_SHIV_ARCHETYPE","floor":16,"turns":6},{"damage":0,"enemies":"Spheric Guardian","floor":19,"turns":3},{"damage":0,"enemies":"Shell Parasite","floor":20,"turns":5},{"damage":0,"enemies":"Cultist and Chosen","floor":21,"turns":5},{"damage":2,"enemies":"Centurion and Healer","floor":22,"turns":6},{"damage":9,"enemies":"Shelled Parasite and Fungi","floor":23,"turns":5},{"damage":21,"enemies":"Snake Plant","floor":25,"turns":3},{"damage":0,"enemies":"Snecko","floor":26,"turns":4},{"damage":0,"enemies":"Slavers","floor":28,"turns":3},{"damage":10,"enemies":"3 Cultists","floor":29,"turns":4},{"damage":34,"enemies":"Gremlin Leader","floor":30,"turns":3},{"damage":0,"enemies":"downfall:FleeingMerchant","floor":31,"turns":4},{"damage":0,"enemies":"Snake Plant","floor":32,"turns":3},{"damage":9,"enemies":"DF_ARCHETYPE_CLAW","floor":33,"turns":2}],"seed_played":"-5641124461231408691","potions_obtained":[{"floor":2,"key":"Energy Potion"},{"floor":9,"key":"SpeedPotion"},{"floor":10,"key":"PowerPotion"},{"floor":10,"key":"EntropicBrew"},{"floor":16,"key":"Guardian:BlockOnCardUsePotion"},{"floor":23,"key":"LiquidBronze"},{"floor":26,"key":"EntropicBrew"},{"floor":29,"key":"champ:CounterPotion"}],"is_trial":false,"path_per_floor":["R","M","?","M","?","R","T","E","M","?","$","M","M","E","M","B",null,"R","M","M","M","M","M","T","M","M","R","E","M","E","$","M","B"],"character_chosen":"GUARDIAN","items_purchased":["Anchor","Gremlin Horn","Toolbox"],"campfire_rested":0,"item_purchase_floors":[11,31,31],"current_hp_per_floor":[80,80,62,62,62,62,62,58,57,57,57,50,50,42,37,27,80,80,80,80,80,78,69,69,48,48,48,48,38,4,4,4,0,0,0],"gold":46,"neow_bonus":"BOSS_RELIC","is_daily":false,"chose_seed":false,"campfire_upgraded":3,"win_rate":0.0,"timestamp":1610849276,"path_taken":["R","M","?","M","?","R","T","E","M","?","$","?","M","E","M","BOSS","R","M","M","M","M","M","T","M","M","R","E","M","E","$","M","BOSS"],"items_purchased_type":["Relic","Relic","Relic"],"build_version":"2020-12-22","purchased_purges":2,"victory":false,"max_hp_per_floor":[80,80,80,80,80,80,80,80,80,80,80,80,80,80,80,80,80,80,80,80,80,80,80,80,80,80,80,80,80,80,80,80,80,80,80],"card_choices":[{"not_picked":["Guardian:MultiBeam","Guardian:PiercingHide","Guardian:Suspension"],"picked":"SKIP","floor":2},{"not_picked":["Guardian:Planning","Guardian:Reroute"],"picked":"Guardian:EvasiveProtocol","floor":4},{"not_picked":["Guardian:Gem_Green","Guardian:Gem_Red"],"picked":"Guardian:FierceBash","floor":8},{"not_picked":["Guardian:Gem_Cyan","Guardian:Reroute","Guardian:MultiBeam"],"picked":"SKIP","floor":9},{"not_picked":["Guardian:PrismaticBeam","Guardian:FloatingOrbs"],"picked":"Guardian:Gem_Yellow","floor":11},{"not_picked":["Guardian:Recover","Guardian:BronzeArmor"],"picked":"Guardian:RevengeProtocol","floor":12},{"not_picked":["Guardian:CrystalBeam","Guardian:PrimingBeam"],"picked":"Guardian:TemporalStrike","floor":13},{"not_picked":["Guardian:Harden","Guardian:PrismaticBeam"],"picked":"Guardian:Incinerate","floor":14},{"not_picked":["Guardian:SpikerProtocol","Guardian:EvasiveProtocol"],"picked":"Guardian:TemporalShield","floor":15},{"not_picked":["Guardian:ConstructionForm","Guardian:BaubleBeam"],"picked":"Guardian:Gem_Orange","floor":16},{"not_picked":["Guardian:Gem_Cyan","Guardian:Orbwalk"],"picked":"Guardian:Gem_Blue","floor":19},{"not_picked":["Guardian:Gem_Red","Guardian:PiercingHide"],"picked":"Guardian:SentryBeam","floor":20},{"not_picked":["Guardian:Preprogram","Guardian:EvasiveProtocol"],"picked":"Guardian:SentryBeam","floor":21},{"not_picked":["Guardian:Emergency","Guardian:Gem_Fragmented"],"picked":"Guardian:TemporalStrike","floor":22},{"not_picked":["Guardian:Gem_Cyan","Guardian:EvasiveProtocol+1"],"picked":"Guardian:BodySlam+1","floor":23},{"not_picked":["Guardian:Gem_Red","Guardian:CrystalBeam+1"],"picked":"Guardian:StasisStrike","floor":25},{"not_picked":["Guardian:Gem_Cyan","Guardian:Gem_Yellow"],"picked":"Guardian:TemporalStrike+1","floor":26},{"not_picked":["Guardian:Gem_Blue","Guardian:BodySlam"],"picked":"Guardian:SphericShield+1","floor":28},{"not_picked":["Guardian:Gem_White","Guardian:Suspension+1"],"picked":"Guardian:BodySlam","floor":29},{"not_picked":["Guardian:Gem_Crimson","Guardian:Gem_Red"],"picked":"Guardian:Emergency+1","floor":30},{"not_picked":["Guardian:BodySlam","Guardian:PrimingBeam+1"],"picked":"Guardian:TemporalShield+1","floor":31},{"not_picked":["Guardian:CrystalBeam","Guardian:MultiBeam","Guardian:Gem_Purple"],"picked":"SKIP","floor":32}],"player_experience":1954557,"relics_obtained":[{"floor":7,"key":"The Courier"},{"floor":8,"key":"Smiling Mask"},{"floor":14,"key":"Bottled Flame"},{"floor":24,"key":"Toxic Egg 2"},{"floor":28,"key":"Juzu Bracelet"},{"floor":30,"key":"FossilizedHelix"}],"event_choices":[{"damage_healed":0,"gold_gain":0,"player_choice":"Got Potions","damage_taken":0,"max_hp_gain":0,"max_hp_loss":0,"event_name":"Lab","floor":10,"gold_loss":0}],"is_beta":false,"boss_relics":[{"not_picked":["Busted Crown","SlaversCollar"],"picked":"Empty Cage"}],"items_purged_floors":[11,31],"is_endless":false,"potions_floor_spawned":[2,9,14,15,16,19,20,23,26,29],"killed_by":"DF_ARCHETYPE_CLAW","ascension_level":0}}