{"host":"dtvgc7uk609653br","time":1610868469,"event":{"mods":["Arknights The Spire","BaseMod","Downfall","GungeonMod","Hermit","Kratos Character Expansion","Minty Spire (QoL Compilation)","Shade Mod","StSLib","The Bladedancer","The Druid","The Exalted","The Kombatant","The Necromancer"],"gold_per_floor":[119,131,149,149,149,249,72,91,91,155,155,155,155,172,172,271,271,288,0,35,35,35,35,45,45,96,96,107,117,117,117],"floor_reached":30,"language":"ENG","playtime":986,"items_purged":["DemoMod:Strike_Huntress"],"score":218,"play_id":"7277418a-138c-41d6-9139-c1c713dfe891","local_time":"20210117022749","is_ascension_mode":false,"campfire_choices":[{"data":"DemoMod:DoubleSwitch","floor":11,"key":"SMITH"},{"data":"DemoMod:HuntsMan","floor":13,"key":"SMITH"},{"data":"DemoMod:BlackHoleGun","floor":15,"key":"SMITH"},{"floor":23,"key":"REST"},{"data":"DemoMod:FinishedGun","floor":25,"key":"SMITH"}],"circlet_count":0,"master_deck":["DemoMod:Strike_Huntress+1","DemoMod:Strike_Huntress","DemoMod:Defend_Huntress","DemoMod:Defend_Huntress","DemoMod:Defend_Huntress","DemoMod:Defend_Huntress","DemoMod:Roll","DemoMod:ManualReload","DemoMod:RustySidearm+1","DemoMod:CrossBow","DemoMod:SAA","DemoMod:DoubleSwitch+1","DemoMod:HuntsMan+1","DemoMod:LifeOrb","DemoMod:JK47","DemoMod:BlackHoleGun+1","DemoMod:FinishedGun+1","DemoMod:Ejector+1","DemoMod:BattleInHaste","DemoMod:HungryBullets","Decay","DemoMod:BoxingGlove+1","DemoMod:AbyssalTentacle"],"relics":["DemoMod:Dog","NeowsBlessing","Unceasing Top","Bottled Lightning","Busted Crown","Kunai","Nunchaku"],"acts_visited":["Exordium","TheCity"],"potions_floor_usage":[16,16,16,16,29,29,29],"damage_taken":[{"damage":0,"enemies":"Cultist","floor":1,"turns":1},{"damage":0,"enemies":"Small Slimes","floor":2,"turns":2},{"damage":0,"enemies":"Jaw Worm","floor":3,"turns":1},{"damage":0,"enemies":"Large Slime","floor":8,"turns":4},{"damage":14,"enemies":"Gremlin Gang","floor":14,"turns":4},{"damage":37,"enemies":"Slime Boss","floor":16,"turns":15},{"damage":13,"enemies":"Shell Parasite","floor":18,"turns":7},{"damage":14,"enemies":"3 Byrds","floor":20,"turns":5},{"damage":3,"enemies":"3 Byrds","floor":24,"turns":2},{"damage":15,"enemies":"Cultist and Chosen","floor":28,"turns":6},{"damage":36,"enemies":"Snake Plant","floor":29,"turns":7},{"damage":13,"enemies":"Shelled Parasite and Fungi","floor":30,"turns":2}],"seed_played":"-5382485541521171780","potions_obtained":[{"floor":2,"key":"DemoMod:LeadSkinPotion"},{"floor":14,"key":"EntropicBrew"},{"floor":16,"key":"Dexterity Potion"},{"floor":24,"key":"hexamod:SoulburnPotion"}],"is_trial":false,"path_per_floor":["M","M","M","?","?","?","$","M","T","?","R","?","R","M","R","B",null,"M","?","?","$","?","R","M","R","T","?","M","M","M"],"character_chosen":"HUNTRESS","items_purchased":["DemoMod:HuntsMan","DemoMod:LifeOrb"],"campfire_rested":1,"item_purchase_floors":[7,7],"current_hp_per_floor":[70,70,70,70,56,56,56,56,56,56,56,56,56,42,42,5,70,57,57,43,43,43,64,61,61,61,61,46,10,0,0],"gold":117,"neow_bonus":"THREE_ENEMY_KILL","is_daily":false,"chose_seed":false,"campfire_upgraded":4,"win_rate":0.0,"timestamp":1610868469,"path_taken":["M","M","?","?","?","?","$","?","T","?","R","?","R","M","R","BOSS","M","?","?","$","?","R","M","R","T","?","M","M","?"],"items_purchased_type":["Card","Card"],"build_version":"2020-12-22","purchased_purges":1,"victory":false,"max_hp_per_floor":[70,70,70,70,70,70,70,70,70,70,70,70,70,70,70,70,70,70,70,70,70,70,70,70,70,70,70,70,70,70,70],"card_choices":[{"not_picked":["DemoMod:PotionOfGunFriendShip","DemoMod:HardPowerCard"],"picked":"DemoMod:DirectionalPad","floor":1},{"not_picked":["DemoMod:EasyReloadBullets","DemoMod:GunstockTap"],"picked":"DemoMod:SAA","floor":2},{"not_picked":["DemoMod:SkilledReload","DemoMod:ConditionalReflex"],"picked":"DemoMod:DoubleSwitch","floor":3},{"not_picked":["DemoMod:ConditionalReflex","DemoMod:TripleGun"],"picked":"DemoMod:JK47","floor":8},{"not_picked":["DemoMod:JK47","DemoMod:GunShield"],"picked":"DemoMod:BlackHoleGun","floor":14},{"not_picked":["DemoMod:BlackHoleGun","DemoMod:Slinger"],"picked":"DemoMod:FinishedGun","floor":16},{"not_picked":[],"picked":"DemoMod:Ejector+1","floor":18},{"not_picked":[],"picked":"DemoMod:BattleInHaste","floor":20},{"not_picked":[],"picked":"DemoMod:HungryBullets","floor":24},{"not_picked":[],"picked":"DemoMod:BoxingGlove+1","floor":28},{"not_picked":[],"picked":"DemoMod:AbyssalTentacle","floor":29}],"player_experience":552187,"relics_obtained":[{"floor":9,"key":"Unceasing Top"},{"floor":16,"key":"Bottled Lightning"},{"floor":20,"key":"Kunai"},{"floor":26,"key":"Nunchaku"}],"event_choices":[{"damage_healed":0,"gold_gain":0,"player_choice":"Grow","damage_taken":0,"max_hp_gain":0,"max_hp_loss":0,"event_name":"Living Wall","floor":4,"gold_loss":0,"cards_upgraded":["DemoMod:DirectionalPad"]},{"damage_healed":0,"gold_gain":0,"player_choice":"Entered Light","damage_taken":14,"max_hp_gain":0,"max_hp_loss":0,"event_name":"Shining Light","floor":5,"gold_loss":0,"cards_upgraded":["DemoMod:RustySidearm","DemoMod:Strike_Huntress"]},{"damage_healed":0,"gold_gain":100,"player_choice":"Pray","damage_taken":0,"max_hp_gain":0,"max_hp_loss":0,"event_name":"Golden Shrine","floor":6,"gold_loss":0},{"damage_healed":0,"gold_gain":64,"player_choice":"Gained Gold","damage_taken":0,"max_hp_gain":0,"max_hp_loss":0,"event_name":"Golden Wing","floor":10,"gold_loss":0},{"damage_healed":0,"gold_gain":0,"player_choice":"Ignored","damage_taken":0,"max_hp_gain":0,"max_hp_loss":0,"event_name":"Liars Game","floor":12,"gold_loss":0},{"damage_healed":0,"gold_gain":0,"player_choice":"Paid Fearfully","damage_taken":0,"max_hp_gain":0,"max_hp_loss":0,"event_name":"Masked Bandits","floor":19,"gold_loss":288},{"damage_healed":0,"gold_gain":0,"player_choice":"Ignored","damage_taken":0,"max_hp_gain":0,"max_hp_loss":0,"event_name":"Vampires","floor":22,"gold_loss":0},{"damage_healed":0,"gold_gain":0,"player_choice":"Cursed","damage_taken":0,"max_hp_gain":0,"max_hp_loss":0,"event_name":"Wheel of Change","floor":27,"gold_loss":0,"cards_obtained":["Decay"]}],"is_beta":false,"boss_relics":[{"not_picked":["Runic Dome","Fusion Hammer"],"picked":"Busted Crown"}],"items_purged_floors":[7],"is_endless":false,"potions_floor_spawned":[2,14,16,24],"killed_by":"Shelled Parasite and Fungi","ascension_level":0}}