{"host":"d61fcf2p3sjwe6yo","time":1610905673,"event":{"mods":["AchievementEnabler","BaseMod","Colored Map","Downfall","Minty Spire (QoL Compilation)","StSLib","SuperFastMode"],"gold_per_floor":[99,111,126,145,159,179,179,179,202,202,102,136,236,269,284,385,385,285,285,285,302,387,387,387,387,414,414,447,447,206,206,218,323,323,323,336,353,181,181,208,208,291,191,224,224,99,99,119,131,131,131,158,8,8,8,8],"floor_reached":57,"language":"ENG","playtime":5644,"items_purged":["bronze:Strike","bronze:Defend","Pain","Shame"],"score":1468,"play_id":"1f602f70-7f25-4934-97aa-c55127068848","local_time":"20210117204753","is_ascension_mode":true,"campfire_choices":[{"data":"bronze:SpaghettiCode","floor":1.0,"key":"SMITH"},{"floor":8.0,"key":"RECALL"},{"data":"bronze:Format","floor":11.0,"key":"SMITH"},{"data":"bronze:Library","floor":18.0,"key":"SMITH"},{"data":"bronze:Mutator","floor":23.0,"key":"SMITH"},{"data":"bronze:FindAndReplace","floor":27.0,"key":"SMITH"},{"data":"bronze:Library","floor":29.0,"key":"SMITH"},{"data":"bronze:FindAndReplace","floor":35.0,"key":"SMITH"},{"data":"bronze:FineTuning","floor":43.0,"key":"SMITH"},{"data":"bronze:Replicate","floor":54,"key":"SMITH"}],"circlet_count":0,"master_deck":["bronze:Defend","bronze:Defend","bronze:Defend+1","bronze:Replicate+1","bronze:Goto+1","bronze:SpaghettiCode+1","bronze:FineTuning+1","bronze:Format+1","bronze:FindAndReplace+1","bronze:Library+1","bronze:Mutator+1","bronze:GetLatest+1","bronze:Separator+1","bronze:Library+1","bronze:FindAndReplace+1","bronze:Repair+1","Doubt","downfall:Aged","bronze:Branch+1"],"relics":["bronze:BronzeCore","Kunai","Odd Mushroom","downfall:HeartBlessingRed","TungstenRod","Pear","Astrolabe","downfall:HeartBlessingGreen","Gremlin Horn","Guardian:GemstoneGun","Meat on the Bone","Medical Kit","bronze:CableSpool","Coffee Dripper","Vajra","Incense Burner","War Paint","downfall:HeartBlessingBlue","Nunchaku","Cursed Key","HornCleat"],"acts_visited":["Exordium","TheCity","TheBeyond","TheEnding"],"potions_floor_usage":[50,56],"damage_taken":[{"damage":0.0,"enemies":"Cultist","floor":2.0,"turns":2.0},{"damage":0.0,"enemies":"Jaw Worm","floor":3.0,"turns":2.0},{"damage":1.0,"enemies":"2 Louse","floor":4.0,"turns":4.0},{"damage":0.0,"enemies":"Large Slime","floor":5.0,"turns":4.0},{"damage":3.0,"enemies":"Blue Slaver","floor":6.0,"turns":3.0},{"damage":5.0,"enemies":"The Mushroom Lair","floor":9.0,"turns":5.0},{"damage":9.0,"enemies":"Lagavulin","floor":12.0,"turns":5.0},{"damage":3.0,"enemies":"3 Sentries","floor":14.0,"turns":5.0},{"damage":0.0,"enemies":"Red Slaver","floor":15.0,"turns":1.0},{"damage":38.0,"enemies":"SI_SHIV_ARCHETYPE","floor":16.0,"turns":6.0},{"damage":0.0,"enemies":"3 Byrds","floor":21.0,"turns":4.0},{"damage":18.0,"enemies":"Slavers","floor":26.0,"turns":6.0},{"damage":0.0,"enemies":"Gremlin Leader","floor":28.0,"turns":6.0},{"damage":0.0,"enemies":"downfall:FleeingMerchant","floor":30.0,"turns":4.0},{"damage":8.0,"enemies":"Spheric Guardian","floor":32.0,"turns":3.0},{"damage":33.0,"enemies":"DF_ARCHETYPE_CLAW","floor":33.0,"turns":9.0},{"damage":3.0,"enemies":"3 Shapes","floor":36.0,"turns":2.0},{"damage":0.0,"enemies":"Orb Walker","floor":37.0,"turns":2.0},{"damage":0.0,"enemies":"downfall:FleeingMerchant","floor":38.0,"turns":4.0},{"damage":10.0,"enemies":"Giant Head","floor":40.0,"turns":5.0},{"damage":0.0,"enemies":"downfall:FleeingMerchant","floor":42.0,"turns":2.0},{"damage":10.0,"enemies":"Nemesis","floor":44.0,"turns":7.0},{"damage":15.0,"enemies":"Jaw Worm Horde","floor":48.0,"turns":4.0},{"damage":0,"enemies":"Spire Growth","floor":49,"turns":4},{"damage":45,"enemies":"IC_BLOCK_ARCHETYPE","floor":50,"turns":11},{"damage":14,"enemies":"downfall:CharBossMerchant","floor":52,"turns":7},{"damage":15,"enemies":"downfall:NeowBoss","floor":55,"turns":16},{"damage":61,"enemies":"downfall:NeowBossFinal","floor":56,"turns":12}],"seed_played":"6330466505062382296","potions_obtained":[{"floor":5.0,"key":"BlessingOfTheForge"},{"floor":12.0,"key":"Swift Potion"},{"floor":14.0,"key":"FearPotion"},{"floor":15.0,"key":"sneckomod:MuddlingPotion"},{"floor":26.0,"key":"bronze:CleanCodePotion"},{"floor":36.0,"key":"BlessingOfTheForge"},{"floor":37.0,"key":"FairyPotion"},{"floor":52,"key":"Ancient Potion"}],"is_trial":false,"path_per_floor":["R","M","M","M","M","M","T","R","?","?","R","E","?","E","M","B",null,"R","?","?","M","?","R","T","?","E","R","E","R","$","T","M","B",null,"R","M","M","$","?","E","T","$","R","E","?","$","?","M","M","B",null,"E","$","R","B","B",null],"character_chosen":"THE_AUTOMATON","items_purchased":["Medical Kit","Vajra","War Paint"],"campfire_rested":0,"item_purchase_floors":[30,38,42],"current_hp_per_floor":[63,63,63,62,62,59,59,59,54,54,54,45,45,52,52,14,58,58,58,73,73,60,60,60,60,42,42,42,42,42,42,46,25,61,61,58,58,58,58,58,58,73,83,73,73,73,73,78,78,50,75,69,69,69,64,25],"gold":8,"neow_bonus":"THREE_RARE_CARDS","is_daily":false,"chose_seed":false,"campfire_upgraded":9,"win_rate":0.0,"timestamp":1610905673,"path_taken":["R","M","?","?","M","M","T","R","?","?","R","E","?","E","M","BOSS","R","?","?","?","?","R","T","?","E","R","E","R","$","?","M","BOSS","R","M","M","$","?","E","T","$","R","E","?","$","?","M","M","BOSS","E","$","R","BOSS","BOSS"],"items_purchased_type":["Relic","Relic","Relic"],"build_version":"2020-12-22","purchased_purges":4,"victory":true,"max_hp_per_floor":[63,63,63,63,63,63,63,63,63,63,63,63,63,73,73,73,73,73,73,73,73,73,73,73,73,73,73,73,73,73,73,73,73,73,73,73,73,73,73,73,73,73,83,83,83,83,83,83,83,83,83,83,83,83,83,83],"card_choices":[{"not_picked":["bronze:Library","bronze:ThunderWave"],"picked":"bronze:SpaghettiCode","floor":0.0},{"not_picked":["bronze:Shield","bronze:DelayedGuard","bronze:Iterate"],"picked":"SKIP","floor":2.0},{"not_picked":["bronze:BitShift","bronze:Constructor"],"picked":"bronze:FineTuning","floor":3.0},{"not_picked":["bronze:Overheat","bronze:DelayedSlice"],"picked":"bronze:OilSpill","floor":4.0},{"not_picked":["bronze:Turbo","bronze:Repulsor","bronze:Separator"],"picked":"SKIP","floor":5.0},{"not_picked":["bronze:Turbo","bronze:BuggyMess"],"picked":"bronze:Format","floor":6.0},{"not_picked":["bronze:Turbo","bronze:Constructor"],"picked":"bronze:FindAndReplace","floor":12.0},{"not_picked":["bronze:Overload","bronze:Philosophize"],"picked":"bronze:Library","floor":14.0},{"not_picked":["bronze:ForceShield","bronze:FineTuning","bronze:DigitalCarnage"],"picked":"SKIP","floor":15.0},{"not_picked":["bronze:InfiniteLoop","bronze:Format"],"picked":"bronze:Mutator","floor":16.0},{"not_picked":["bronze:Turbo","bronze:BugBarrage","bronze:Shield"],"picked":"SKIP","floor":21.0},{"not_picked":["bronze:Overheat","bronze:Constructor","bronze:FollowUp"],"picked":"SKIP","floor":26.0},{"not_picked":["bronze:DigitalCarnage","bronze:FineTuning+1"],"picked":"bronze:Library","floor":28.0},{"not_picked":["bronze:WildBeam","bronze:DelayedGuard","bronze:Shield"],"picked":"SKIP","floor":30.0},{"not_picked":["bronze:Terminator","bronze:ChildClass","bronze:Philosophize"],"picked":"SKIP","floor":32.0},{"not_picked":["bronze:InfiniteLoop","bronze:Library"],"picked":"bronze:FindAndReplace","floor":33.0},{"not_picked":["bronze:WildBeam+1","bronze:Turbo+1","bronze:DelayedSlice+1"],"picked":"SKIP","floor":36.0},{"not_picked":["bronze:Philosophize","bronze:Repulsor+1","bronze:BitShift+1"],"picked":"SKIP","floor":37.0},{"not_picked":["bronze:Philosophize+1","bronze:ChildClass"],"picked":"bronze:Repair+1","floor":38.0},{"not_picked":["bronze:Separator","bronze:BronzeArmor+1","bronze:HyperBeam"],"picked":"SKIP","floor":40.0},{"not_picked":["bronze:DelayedGuard+1","bronze:CutThrough+1","bronze:Iterate"],"picked":"SKIP","floor":42.0},{"not_picked":["bronze:BitShift","bronze:WhirlingStrike","bronze:Frontload+1"],"picked":"SKIP","floor":44.0},{"not_picked":["bronze:Frontload+1","bronze:ClassDefault+1"],"picked":"bronze:Branch+1","floor":48.0},{"not_picked":["bronze:DigitalCarnage","bronze:Branch","bronze:BitShift+1"],"picked":"SKIP","floor":49},{"not_picked":["bronze:BuggyMess","bronze:ForLoop","bronze:DigitalCarnage+1"],"picked":"SKIP","floor":52}],"player_experience":582284,"relics_obtained":[{"floor":7.0,"key":"Kunai"},{"floor":9.0,"key":"Odd Mushroom"},{"floor":12.0,"key":"TungstenRod"},{"floor":14.0,"key":"Pear"},{"floor":24.0,"key":"Gremlin Horn"},{"floor":26.0,"key":"Guardian:GemstoneGun"},{"floor":28.0,"key":"Meat on the Bone"},{"floor":31.0,"key":"bronze:CableSpool"},{"floor":40.0,"key":"Incense Burner"},{"floor":44.0,"key":"Nunchaku"},{"floor":52,"key":"HornCleat"}],"event_choices":[{"damage_healed":0.0,"max_hp_gain":0.0,"max_hp_loss":0.0,"gold_gain":0.0,"event_name":"Mushrooms","player_choice":"Fought Mushrooms","floor":9.0,"gold_loss":0.0,"damage_taken":0.0},{"cards_removed":["bronze:Philosophize"],"damage_healed":15.0,"max_hp_gain":0.0,"max_hp_loss":0.0,"gold_gain":0.0,"event_name":"Bonfire Elementals","player_choice":"Offered Uncommon","floor":20.0,"gold_loss":0.0,"damage_taken":0.0},{"cards_removed":["bronze:OilSpill"],"damage_healed":0.0,"max_hp_gain":0.0,"max_hp_loss":0.0,"gold_gain":0.0,"event_name":"Falling","player_choice":"Removed Attack","floor":39.0,"gold_loss":0.0,"damage_taken":0.0}],"is_beta":false,"boss_relics":[{"not_picked":["Pandora\u0027s Box","Fusion Hammer"],"picked":"Astrolabe"},{"not_picked":["Philosopher\u0027s Stone","SacredBark"],"picked":"Coffee Dripper"}],"items_purged_floors":[30,42,46,53],"is_endless":false,"potions_floor_spawned":[5,12,14,15,26,36,37,52],"ascension_level":5}}