{"host":"u9h06qdlnp3wgzsw","time":1610907060,"event":{"mods":["BaseMod","Downfall","Hermit","Minty Spire (QoL Compilation)","Rare Cards Sparkle","Shop Mod","StSLib","The Hierophant"],"gold_per_floor":[199,218,218,233,244,83,153,253,53,53,53,53,86,105,118,220,220,120,130,130,148,148,95,95,95,95,108,108,119,129,148,161,161,161],"floor_reached":33,"language":"ENG","playtime":3897,"items_purged":["Pain"],"score":274,"play_id":"e2393dcb-533a-4bd3-8aab-ce943391f664","local_time":"20210117131100","is_ascension_mode":false,"campfire_choices":[{"floor":1,"key":"RECALL"},{"floor":9,"key":"REST"},{"data":"bronze:ItsAFeature","floor":12,"key":"SMITH"},{"data":"bronze:HardenedForm","floor":18,"key":"SMITH"},{"floor":26,"key":"REST"}],"circlet_count":0,"master_deck":["bronze:Strike","bronze:Strike","bronze:Strike","bronze:Strike","bronze:Defend","bronze:Defend","bronze:Defend","bronze:Defend","bronze:Replicate","bronze:Goto+1","bronze:Repulsor+1","bronze:Frontload","bronze:ItsAFeature+1","bronze:WhirlingStrike","bronze:Allocate","Parasite","Clumsy","bronze:Format","Shame","bronze:Spike","bronze:DazingPulse","bronze:WildBeam","bronze:HyperBeam","bronze:ItsAFeature","bronze:HardenedForm+1","bronze:Branch","bronze:Boost","bronze:ChosenStrike","bronze:MaxOutput","bronze:WildBeam","Pain","bronze:BuggyMess","bronze:FindAndReplace","bronze:BuggyMess"],"relics":["bronze:BronzeCore","Blue Candle","downfall:HeartBlessingRed","downfall:HeartBlessingBlue","bronze:MakeshiftBattery","downfall:HeartBlessingGreen","downfall:RedIOU","Letter Opener","WarpedTongs"],"acts_visited":["Exordium","TheCity"],"potions_floor_usage":[13,16,16,33,33],"damage_taken":[{"damage":1,"enemies":"Cultist","floor":2,"turns":3},{"damage":7,"enemies":"2 Louse","floor":4,"turns":4},{"damage":8,"enemies":"Jaw Worm","floor":5,"turns":5},{"damage":6,"enemies":"downfall:FleeingMerchant","floor":6,"turns":4},{"damage":11,"enemies":"downfall:FleeingMerchant","floor":10,"turns":8},{"damage":9,"enemies":"3 Sentries","floor":13,"turns":6},{"damage":12,"enemies":"2 Fungi Beasts","floor":14,"turns":3},{"damage":22,"enemies":"Exordium Thugs","floor":15,"turns":3},{"damage":37,"enemies":"DF_ARCHETYPE_STREAMLINE","floor":16,"turns":10},{"damage":4,"enemies":"Chosen","floor":19,"turns":5},{"damage":21,"enemies":"Snake Plant","floor":21,"turns":4},{"damage":9,"enemies":"downfall:FleeingMerchant","floor":23,"turns":4},{"damage":10,"enemies":"Shelled Parasite and Fungi","floor":27,"turns":4},{"damage":0,"enemies":"Snecko","floor":29,"turns":5},{"damage":28,"enemies":"Snake Plant","floor":30,"turns":4},{"damage":9,"enemies":"3 Cultists","floor":31,"turns":4},{"damage":6,"enemies":"Centurion and Healer","floor":32,"turns":5},{"damage":26,"enemies":"IC_MUSHROOM_ARCHETYPE","floor":33,"turns":4}],"seed_played":"2487941651961302965","potions_obtained":[{"floor":4,"key":"Weak Potion"},{"floor":5,"key":"bronze:FreeFunctionsPotion"},{"floor":10,"key":"LiquidBronze"},{"floor":27,"key":"DuplicationPotion"},{"floor":29,"key":"SpeedPotion"},{"floor":30,"key":"bronze:BurnAndBuffPotion"}],"is_trial":false,"path_per_floor":["R","M","?","M","M","$","T","?","R","?","?","R","E","M","M","B",null,"R","M","?","M","?","$","T","?","R","M","?","M","M","M","M","B"],"character_chosen":"THE_AUTOMATON","items_purchased":["bronze:Allocate","bronze:MaxOutput"],"campfire_rested":2,"item_purchase_floors":[6,23],"current_hp_per_floor":[70,69,69,62,54,48,48,53,85,74,74,74,65,53,31,4,85,85,81,81,60,60,51,51,51,76,66,66,66,38,29,23,0,0],"gold":161,"neow_bonus":"HUNDRED_GOLD","is_daily":false,"chose_seed":false,"campfire_upgraded":2,"win_rate":0.0,"timestamp":1610907060,"path_taken":["R","M","?","?","M","$","T","?","R","?","?","R","E","M","M","BOSS","R","M","?","M","?","$","T","?","R","M","?","M","M","?","M","BOSS"],"items_purchased_type":["Card","Card"],"build_version":"2020-12-22","purchased_purges":1,"victory":false,"max_hp_per_floor":[70,70,70,70,70,70,70,75,85,85,85,85,85,85,85,85,85,85,85,85,85,85,85,85,85,85,85,85,85,85,85,85,85,85],"card_choices":[{"not_picked":["bronze:DelayedGuard","bronze:ForceShield"],"picked":"bronze:Repulsor","floor":2},{"not_picked":["bronze:InfiniteBeams","bronze:DelayedSlice"],"picked":"bronze:Frontload","floor":4},{"not_picked":["bronze:WildBeam","bronze:OilSpill"],"picked":"bronze:ItsAFeature","floor":5},{"not_picked":["bronze:Invalidate","bronze:BitShift"],"picked":"bronze:WhirlingStrike","floor":6},{"not_picked":[],"picked":"bronze:Spike","floor":10},{"not_picked":[],"picked":"bronze:DazingPulse","floor":10},{"not_picked":["bronze:Overload","bronze:DelayedSlice"],"picked":"bronze:WildBeam","floor":10},{"not_picked":["bronze:DelayedGuard","bronze:Repair"],"picked":"bronze:HyperBeam","floor":13},{"not_picked":["bronze:Overload","bronze:WhirlingStrike","bronze:Shield"],"picked":"SKIP","floor":14},{"not_picked":["bronze:ChildClass","bronze:Fortify"],"picked":"bronze:ItsAFeature","floor":15},{"not_picked":["bronze:InfiniteLoop","bronze:FindAndReplace"],"picked":"bronze:HardenedForm","floor":16},{"not_picked":["bronze:FineTuning+1","bronze:BitShift"],"picked":"bronze:Branch","floor":19},{"not_picked":["bronze:Turbo+1","bronze:Shield+1"],"picked":"bronze:Boost","floor":21},{"not_picked":["bronze:OilSpill+1","bronze:WildBeam+1"],"picked":"bronze:ChosenStrike","floor":23},{"not_picked":["bronze:NullPointer","bronze:BitShift+1"],"picked":"bronze:WildBeam","floor":27},{"not_picked":["bronze:Flail","bronze:NullPointer","bronze:Backtrace"],"picked":"SKIP","floor":29},{"not_picked":["bronze:WhirlingStrike+1","bronze:CutThrough"],"picked":"bronze:BuggyMess","floor":30},{"not_picked":["bronze:Invalidate","bronze:ChosenStrike"],"picked":"bronze:FindAndReplace","floor":31},{"not_picked":["bronze:WildBeam+1","bronze:BronzeArmor"],"picked":"bronze:BuggyMess","floor":32}],"player_experience":793849,"relics_obtained":[{"floor":13,"key":"Toy Ornithopter"},{"floor":24,"key":"Letter Opener"}],"event_choices":[],"is_beta":false,"boss_relics":[{"not_picked":["Fusion Hammer","Busted Crown"],"picked":"bronze:MakeshiftBattery"}],"items_purged_floors":[6],"is_endless":false,"potions_floor_spawned":[4,5,10,27,29,30,31],"killed_by":"IC_MUSHROOM_ARCHETYPE","ascension_level":0}}