{"host":"gcgybqvjrjs283ro","time":1610871404,"event":{"mods":["Aspiration","BaseMod","Beaked The Cultist","Downfall","GifTheSpireLib","Glutton Mod","Hermit","Hubris","Infinite Spire","Jorbs\u0027s Wanderer Trilogy","Minty Spire (QoL Compilation)","READ ME - Snecko Mod","Shade Mod","StSLib","The Construct","The Cursed","The Disciple","The Jungle","The Mystic","The Necromancer","The Runesmith","vexMod"],"gold_per_floor":[113,113,31,31,31,31,48,48,98,98,98,126,141,168,168,268,268,283,263,279,295,313,345,13,13,39,39,39],"floor_reached":27,"language":"ENG","playtime":1596,"items_purged":[],"score":264,"play_id":"1f3f0131-fde6-40ba-8406-f2f7c31cea83","local_time":"20210117091644","is_ascension_mode":false,"campfire_choices":[{"floor":6,"key":"RECALL"},{"data":"Clothesline","floor":10,"key":"SMITH"},{"data":"Flex","floor":15,"key":"SMITH"},{"floor":25,"key":"REST"}],"circlet_count":0,"master_deck":["Strike_R","Strike_R","Strike_R","Strike_R","Strike_R","Defend_R","Defend_R","Defend_R","Defend_R","Bash+1","Perfected Strike+1","Good Instincts+1","Clothesline+1","Shrug It Off+1","Warcry+1","Flex+1","Berserk+1","Headbutt+1","Armaments","Inflame","Blood for Blood","Inflame","Metallicize","Apotheosis","Rage"],"relics":["Burning Blood","NeowsBlessing","aspiration:HatOfInfinitePower","Bronze Scales","Omamori","vexMod:ImprovementManual","Ginger","hubris:SlimyHat"],"acts_visited":["Exordium","TheCity"],"potions_floor_usage":[14,14,16,16,21,21,27],"damage_taken":[{"damage":0,"enemies":"Cultist","floor":1,"turns":1},{"damage":0,"enemies":"Small Slimes","floor":7,"turns":1},{"damage":0,"enemies":"Lagavulin","floor":12,"turns":1},{"damage":0,"enemies":"2 Louse","floor":13,"turns":2},{"damage":1,"enemies":"Gremlin Nob","floor":14,"turns":3},{"damage":28,"enemies":"Slime Boss","floor":16,"turns":12},{"damage":22,"enemies":"2 Thieves","floor":18,"turns":4},{"damage":13,"enemies":"3 Byrds","floor":20,"turns":4},{"damage":16,"enemies":"Centurion and Healer","floor":21,"turns":6},{"damage":16,"enemies":"Snake Plant","floor":22,"turns":3},{"damage":28,"enemies":"Nightmare","floor":23,"turns":8},{"damage":58,"enemies":"Gremlin Leader","floor":27,"turns":4}],"seed_played":"-7076976418140471648","potions_obtained":[{"floor":11,"key":"SneckoOil"},{"floor":11,"key":"DistilledChaos"},{"floor":11,"key":"Swift Potion"},{"floor":13,"key":"Ancient Potion"},{"floor":14,"key":"AttackPotion"},{"floor":16,"key":"BlessingOfTheForge"},{"floor":19,"key":"PowerPotion"},{"floor":20,"key":"Regen Potion"},{"floor":23,"key":"GamblersBrew"}],"is_trial":false,"path_per_floor":["M","?","$","?","?","R","M","$","T","R","?","E","M","E","R","B",null,"M","?","M","M","M","NM","$","R","T","E"],"character_chosen":"IRONCLAD","items_purchased":["Good Instincts","Metallicize","Apotheosis","Rage"],"campfire_rested":1,"item_purchase_floors":[3,24,24,24],"current_hp_per_floor":[80,80,80,80,80,80,80,80,80,80,80,80,80,80,80,58,80,64,64,57,62,52,30,30,54,54,0,0],"gold":39,"neow_bonus":"THREE_ENEMY_KILL","is_daily":false,"chose_seed":false,"campfire_upgraded":2,"win_rate":0.0,"timestamp":1610871404,"path_taken":["M","?","$","?","?","R","?","$","T","R","?","E","?","E","R","BOSS","M","?","M","M","?","NM","$","R","T","E"],"items_purchased_type":["Card","Card","Card","Card"],"build_version":"2020-12-22","purchased_purges":0,"victory":false,"max_hp_per_floor":[80,80,80,80,80,80,80,80,80,80,80,80,80,80,80,80,80,80,80,80,80,80,80,80,80,80,80,80],"card_choices":[{"not_picked":["Intimidate","Body Slam"],"picked":"Perfected Strike","floor":1},{"not_picked":["Thunderclap","Body Slam"],"picked":"Clothesline","floor":7},{"not_picked":["Twin Strike","Shockwave"],"picked":"Shrug It Off","floor":12},{"not_picked":["True Grit","Clothesline"],"picked":"Warcry","floor":13},{"not_picked":["Sever Soul","Second Wind"],"picked":"Flex","floor":14},{"not_picked":["Impervious","Double Tap"],"picked":"Berserk","floor":16},{"not_picked":["Iron Wave","Pommel Strike"],"picked":"Headbutt+1","floor":18},{"not_picked":["Intimidate","Bloodletting"],"picked":"Armaments","floor":20},{"not_picked":["Carnage+1","Cleave+1"],"picked":"Inflame","floor":21},{"not_picked":["Shrug It Off","Spot Weakness"],"picked":"Blood for Blood","floor":22},{"not_picked":["Headbutt+1","Hemokinesis"],"picked":"Inflame","floor":23}],"player_experience":158680,"relics_obtained":[{"floor":4,"key":"aspiration:HatOfInfinitePower"},{"floor":12,"key":"Bronze Scales"},{"floor":14,"key":"Omamori"},{"floor":23,"key":"Ginger"},{"floor":26,"key":"hubris:SlimyHat"}],"event_choices":[{"damage_healed":0,"gold_gain":0,"player_choice":"Grow","damage_taken":0,"max_hp_gain":0,"max_hp_loss":0,"event_name":"Living Wall","floor":5,"gold_loss":0,"cards_upgraded":["Good Instincts"]},{"damage_healed":0,"gold_gain":0,"player_choice":"Got Potions","damage_taken":0,"max_hp_gain":0,"max_hp_loss":0,"event_name":"Lab","floor":11,"gold_loss":0},{"damage_healed":0,"gold_gain":0,"player_choice":"Bought 1 Potion","damage_taken":0,"max_hp_gain":0,"max_hp_loss":0,"event_name":"The Woman in Blue","floor":19,"gold_loss":0}],"is_beta":false,"boss_relics":[{"not_picked":["vexMod:DeviousBotling","vexMod:CursedCompass"],"picked":"vexMod:ImprovementManual"}],"items_purged_floors":[],"is_endless":false,"potions_floor_spawned":[13,14,16,20,23],"killed_by":"Gremlin Leader","ascension_level":0}}