{"host":"r4r4helli6evr3pz","time":1610923493,"event":{"mods":["A Magickal Journey","AchievementEnabler","Act Like it!","Aspiration","BaseMod","Better Note","BetterRewards","Challenge The Spire","Conspire","Curses Come First","DeckTracker","Evolution","GifTheSpireLib","Gold Saver","GungeonMod","Hermit","Hubris","Hyrulean Relics","Infinite Spire","JesterMod","Lobotomy","Mimic Mod","Minty Spire (QoL Compilation)","Quick Restart","Random Character Button","Relic Sorter","Relic Stats","Replay The Spire","Reworked Bosses","Shop Mod","Somnambulant","StSLib","Stuff the Spire","The Blackbeard","The Bug Knight","The Clintock","The Construct","The Cursed","The Druid","The Forsaken","The Hierophant","The Necromancer","The Poker Player","The Problem Sleuth","The Runesmith","vexMod"],"gold_per_floor":[113,113,10,23,36,36,66,66,112,138,176,196,211,211,211],"floor_reached":14,"language":"RUS","playtime":1064,"items_purged":[],"score":102,"play_id":"0acc61e1-3f28-4860-a2c3-20eafcae14e3","local_time":"20210118024453","is_ascension_mode":false,"campfire_choices":[{"data":"DemoMod:ShadowBullets","floor":6,"key":"SMITH"},{"data":"DemoMod:TeaPot","floor":8,"key":"SMITH"}],"circlet_count":0,"master_deck":["DemoMod:Strike_Huntress","DemoMod:Strike_Huntress","DemoMod:Strike_Huntress","DemoMod:Defend_Huntress","DemoMod:Defend_Huntress","DemoMod:Defend_Huntress","DemoMod:Defend_Huntress","DemoMod:Roll","DemoMod:ManualReload+1","DemoMod:RustySidearm","DemoMod:CrossBow","DemoMod:HungryBullets","DemoMod:SuppressiveFire+1","DemoMod:TeaPot+1","DemoMod:ShadowBullets+1","DemoMod:PotionOfGunFriendShip","DemoMod:GunstockTap","DemoMod:FightSabre","DemoMod:TeaPot"],"relics":["DemoMod:Dog","EVO:Axolotl","aspiration:Nostalgia","Vampire_Amulet","Replay:Multitool","CeramicFish","Blue Doll"],"acts_visited":["Exordium"],"potions_floor_usage":[10,10,12],"damage_taken":[{"damage":9,"enemies":"Cultist","floor":1,"turns":4},{"damage":6,"enemies":"Jaw Worm","floor":4,"turns":4},{"damage":12,"enemies":"infinitespire:Voidling","floor":5,"turns":4},{"damage":7,"enemies":"HollowMod:MossKnight","floor":7,"turns":6},{"damage":6,"enemies":"Red Slaver","floor":10,"turns":4},{"damage":14,"enemies":"Replay:BlueRogue","floor":11,"turns":5},{"damage":9,"enemies":"Large Slime","floor":12,"turns":7},{"damage":16,"enemies":"3 Louse","floor":13,"turns":3},{"damage":22,"enemies":"Gremlin Nob","floor":14,"turns":3}],"seed_played":"5105796522723674146","potions_obtained":[{"floor":4,"key":"Explosive Potion"},{"floor":7,"key":"FearPotion"},{"floor":11,"key":"Elixir"},{"floor":11,"key":"AttackPotion"}],"is_trial":false,"path_per_floor":["M","?","$","M","M","R","E","R","T","M","E","M","M","E"],"character_chosen":"HUNTRESS","items_purchased":["DemoMod:SuppressiveFire+1"],"campfire_rested":0,"item_purchase_floors":[3],"current_hp_per_floor":[63,63,63,59,49,49,48,48,48,44,32,27,17,0,0],"gold":211,"neow_bonus":"NOSTALGIA","is_daily":false,"chose_seed":false,"campfire_upgraded":2,"win_rate":0.0,"timestamp":1610923493,"path_taken":["M","?","?","?","M","R","E","R","T","M","E","M","M","E"],"items_purchased_type":["Card"],"build_version":"2020-12-22","purchased_purges":0,"victory":false,"max_hp_per_floor":[70,70,70,70,70,70,70,70,70,70,70,70,70,70,70],"relic_stats":{"counters":[9,40],"CeramicFish":27,"obtain_stats":[{"DemoMod:Dog":0,"aspiration:Nostalgia":0,"CeramicFish":9,"Blue Doll":11,"Vampire_Amulet":0,"DemoMod:GlassGuonStoneRelic":7,"Replay:Multitool":7,"EVO:Axolotl":0},{"DemoMod:Dog":0,"aspiration:Nostalgia":0,"CeramicFish":4,"Blue Doll":6,"Vampire_Amulet":0,"DemoMod:GlassGuonStoneRelic":4,"Replay:Multitool":4,"EVO:Axolotl":0},{"DemoMod:Dog":0,"aspiration:Nostalgia":0,"CeramicFish":18,"Blue Doll":27,"Vampire_Amulet":0,"DemoMod:GlassGuonStoneRelic":18,"Replay:Multitool":18,"EVO:Axolotl":0}]},"card_choices":[{"not_picked":["DemoMod:ChanceBullets","DemoMod:BattleInHaste"],"picked":"DemoMod:HungryBullets","floor":1},{"not_picked":["DemoMod:DirectionalPad","DemoMod:AC15"],"picked":"DemoMod:TeaPot","floor":4},{"not_picked":["DemoMod:SAA","DemoMod:FortunesFavor","DemoMod:FeignSurrender"],"picked":"SKIP","floor":4},{"not_picked":["DemoMod:Ejector","DemoMod:StickyCrossBow"],"picked":"DemoMod:ShadowBullets","floor":5},{"not_picked":["DemoMod:Unmoved","DemoMod:FortunesFavor"],"picked":"DemoMod:PotionOfGunFriendShip","floor":7},{"not_picked":["DemoMod:BattleInHaste","DemoMod:DarkMarker"],"picked":"DemoMod:GunstockTap","floor":10},{"not_picked":["DemoMod:SniperShot","DemoMod:FortunesFavor"],"picked":"DemoMod:FightSabre","floor":11},{"not_picked":["DemoMod:HardPowerCard","DemoMod:Polaris"],"picked":"DemoMod:TeaPot","floor":12},{"not_picked":["DemoMod:DirectionalPad","DemoMod:BoxingGlove","DemoMod:AC15"],"picked":"SKIP","floor":13}],"player_experience":667946,"relics_obtained":[{"floor":7,"key":"Replay:Multitool"},{"floor":9,"key":"CeramicFish"},{"floor":11,"key":"Blue Doll"}],"event_choices":[{"damage_healed":0,"gold_gain":0,"player_choice":"Forge","damage_taken":0,"max_hp_gain":0,"max_hp_loss":0,"event_name":"Accursed Blacksmith","floor":2,"gold_loss":0,"cards_upgraded":["DemoMod:ManualReload"]}],"is_beta":false,"boss_relics":[],"items_purged_floors":[],"is_endless":false,"potions_floor_spawned":[4,7,11,11],"killed_by":"Gremlin Nob","ascension_level":0}}