{"host":"aqym1xxr3lb31d9m","time":1610922587,"event":{"mods":["BaseMod","Block Reminder","Colored Map","Colored Powertips","DeckTracker","Highlight Path","Minty Spire (QoL Compilation)","Quick Restart","Random Character Button","StSLib","SuperFastMode","UnlockEverythingMod"],"gold_per_floor":[135,285,285,157,194,194,194,239,262,346,385,385,305,359,359,359,359],"floor_reached":16,"language":"JPN","playtime":411,"items_purged":["Doubt"],"score":216,"play_id":"fdb0506e-92a3-45bb-98d0-da1133257aa6","local_time":"20210118072947","is_ascension_mode":true,"campfire_choices":[{"data":"Armaments","floor":7,"key":"SMITH"},{"data":"Bash","floor":12,"key":"SMITH"},{"data":"Metallicize","floor":15,"key":"SMITH"}],"circlet_count":0,"master_deck":["AscendersBane","Strike_R","Strike_R+1","Strike_R+1","Strike_R","Defend_R","Defend_R","Defend_R","Defend_R","Bash+1","HandOfGreed+1","Twin Strike","Anger","Armaments+1","Reckless Charge","Carnage","Flame Barrier","Metallicize+1"],"relics":["Burning Blood","Whetstone","Bottled Flame","Molten Egg 2"],"acts_visited":["Exordium"],"potions_floor_usage":[],"damage_taken":[{"damage":9,"enemies":"Jaw Worm","floor":1,"turns":4},{"damage":0,"enemies":"Cultist","floor":5,"turns":3},{"damage":0,"enemies":"2 Louse","floor":8,"turns":2},{"damage":37,"enemies":"3 Sentries","floor":10,"turns":9},{"damage":11,"enemies":"Looter","floor":11,"turns":2},{"damage":6,"enemies":"Gremlin Nob","floor":14,"turns":3},{"damage":53,"enemies":"The Guardian","floor":16,"turns":6}],"seed_played":"-586728238481260389","potions_obtained":[{"floor":10,"key":"FairyPotion"}],"is_trial":false,"path_per_floor":["M","?","?","$","M","?","R","M","T","E","M","R","$","E","R","B"],"character_chosen":"IRONCLAD","items_purchased":["Anger","Metallicize"],"campfire_rested":0,"item_purchase_floors":[4,13],"current_hp_per_floor":[65,65,65,65,68,61,61,67,67,36,31,31,31,31,31,0,0],"gold":359,"neow_bonus":"RANDOM_COLORLESS_2","is_daily":false,"chose_seed":false,"campfire_upgraded":3,"win_rate":0.0,"timestamp":1610922587,"path_taken":["M","?","?","$","?","?","R","M","T","E","M","R","$","E","R","BOSS"],"items_purchased_type":["Card","Card"],"build_version":"2020-12-22","purchased_purges":1,"victory":false,"max_hp_per_floor":[68,68,68,68,68,68,68,68,68,68,68,68,68,68,68,68,68],"card_choices":[{"not_picked":["Mayhem","Violence"],"picked":"HandOfGreed","floor":0},{"not_picked":["Intimidate","Second Wind"],"picked":"Twin Strike","floor":1},{"not_picked":["Warcry","Body Slam"],"picked":"Armaments","floor":5},{"not_picked":["Pommel Strike","Sever Soul"],"picked":"Reckless Charge","floor":8},{"not_picked":["Armaments","True Grit"],"picked":"Carnage","floor":10},{"not_picked":["Sword Boomerang","Infernal Blade"],"picked":"Flame Barrier","floor":11},{"not_picked":["Clash+1","Hemokinesis+1","Rampage+1"],"picked":"SKIP","floor":14}],"player_experience":3908155,"relics_obtained":[{"floor":9,"key":"Whetstone"},{"floor":10,"key":"Bottled Flame"},{"floor":14,"key":"Molten Egg 2"}],"event_choices":[{"damage_healed":0,"gold_gain":150,"player_choice":"AGREE","damage_taken":0,"max_hp_gain":0,"max_hp_loss":0,"event_name":"Liars Game","floor":2,"gold_loss":0,"cards_obtained":["Doubt"]},{"damage_healed":0,"gold_gain":0,"player_choice":"Upgraded","damage_taken":0,"max_hp_gain":0,"max_hp_loss":0,"event_name":"Upgrade Shrine","floor":3,"gold_loss":0,"cards_upgraded":["HandOfGreed"]},{"cards_removed":["Strike_R"],"damage_healed":0,"gold_gain":0,"player_choice":"Card Removal","damage_taken":7,"max_hp_gain":0,"max_hp_loss":0,"event_name":"Golden Wing","floor":6,"gold_loss":0}],"is_beta":false,"boss_relics":[],"items_purged_floors":[4],"is_endless":false,"potions_floor_spawned":[10],"killed_by":"The Guardian","ascension_level":20}}