{"host":"b78s5rp3ow4b1syk","time":1610864090,"event":{"mods":["AchievementEnabler","BaseMod","DeckTracker","Keyboard Shortcuts","Marisa£¨Ùöéë¡¡Øª×âÞÞ£©","Minty Spire (QoL Compilation)","Permanent Neow","Quick Restart","StSLib","SuperFastMode","The Cursed","everything is the same but u backflip on backflip"],"gold_per_floor":[118,118,118,131,147,147,180,180,180,200,232,232,232,244,244,343,343,353,364,364,364,33,61,61,61,129,149,149,166,197,209,209,314,314,325,340,351,351,95,95,95,95],"floor_reached":41,"language":"KOR","playtime":2128,"items_purged":["Defend_R","Wraith"],"score":510,"play_id":"8442c59f-cf20-4ed6-a539-cdb25519ac23","local_time":"20210117151450","is_ascension_mode":true,"campfire_choices":[{"data":"Armaments","floor":6.0,"key":"SMITH"},{"data":"Infernal Blade","floor":8.0,"key":"SMITH"},{"data":"Pommel Strike","floor":12.0,"key":"SMITH"},{"data":"Shockwave","floor":15.0,"key":"SMITH"},{"data":"Barricade","floor":28.0,"key":"SMITH"},{"data":"Seeing Red","floor":32.0,"key":"SMITH"},{"data":"Berserk","floor":40,"key":"SMITH"}],"circlet_count":0,"master_deck":["Strike_R+1","Defend_R","Defend_R","Bash","Shockwave+1","Pommel Strike+1","Ghostly Armor","Armaments+1","Infernal Blade+1","Blood for Blood+1","Juggernaut","Shrug It Off+1","Barricade+1","Body Slam+1","Body Slam+1","Seeing Red+1","Berserk+1","Body Slam+1","Body Slam+1"],"relics":["Burning Blood","Self Forming Clay","Bag of Marbles","SacredBark","Molten Egg 2","Bottled Flame","Eternal Feather","Sundial","Empty Cage","TheAbacus"],"acts_visited":["Exordium","TheCity","TheBeyond"],"potions_floor_usage":[],"damage_taken":[{"damage":2.0,"enemies":"Cultist","floor":1.0,"turns":4.0},{"damage":1.0,"enemies":"Small Slimes","floor":4.0,"turns":5.0},{"damage":0.0,"enemies":"2 Louse","floor":5.0,"turns":4.0},{"damage":23.0,"enemies":"Gremlin Nob","floor":7.0,"turns":5.0},{"damage":1.0,"enemies":"Looter","floor":10.0,"turns":2.0},{"damage":21.0,"enemies":"Lagavulin","floor":11.0,"turns":7.0},{"damage":0.0,"enemies":"Blue Slaver","floor":14.0,"turns":2.0},{"damage":19.0,"enemies":"Hexaghost","floor":16.0,"turns":8.0},{"damage":26.0,"enemies":"Shell Parasite","floor":18.0,"turns":6.0},{"damage":7.0,"enemies":"3 Byrds","floor":19.0,"turns":5.0},{"damage":2.0,"enemies":"Book of Stabbing","floor":23.0,"turns":4.0},{"damage":17.0,"enemies":"Snecko","floor":27.0,"turns":6.0},{"damage":18.0,"enemies":"Centurion and Healer","floor":29.0,"turns":5.0},{"damage":21.0,"enemies":"Slavers","floor":30.0,"turns":4.0},{"damage":12.0,"enemies":"Snake Plant","floor":31.0,"turns":4.0},{"damage":3.0,"enemies":"Champ","floor":33.0,"turns":8.0},{"damage":28.0,"enemies":"3 Darklings","floor":35.0,"turns":5.0},{"damage":15.0,"enemies":"3 Shapes","floor":36.0,"turns":4.0},{"damage":25,"enemies":"Maw","floor":37,"turns":7},{"damage":45,"enemies":"Reptomancer","floor":41,"turns":2}],"seed_played":"2102209548527604642","potions_obtained":[{"floor":5.0,"key":"LiquidMemories"},{"floor":10.0,"key":"EssenceOfSteel"},{"floor":11.0,"key":"DistilledChaos"},{"floor":18.0,"key":"ElixirPotion"},{"floor":19.0,"key":"Explosive Potion"},{"floor":27.0,"key":"Weak Potion"},{"floor":30.0,"key":"Weak Potion"}],"is_trial":false,"path_per_floor":["M","?","?","M","M","R","E","R","T","M","E","R","?","M","R","B",null,"M","M","?","?","$","E","?","$","T","M","R","M","E","M","R","B",null,"M","M","M","?","$","R","E"],"character_chosen":"IRONCLAD","items_purchased":["Molten Egg 2","TheAbacus"],"campfire_rested":0,"item_purchase_floors":[22,39],"current_hp_per_floor":[80,73,73,78,80,80,63,63,63,68,53,53,37,43,43,30,80,60,59,59,59,59,63,63,63,63,52,61,49,34,28,37,40,80,58,49,30,30,30,39,0,0],"gold":95,"neow_bonus":"TRANSFORM_CARD","is_daily":false,"chose_seed":false,"campfire_upgraded":7,"win_rate":0.0,"timestamp":1610864090,"path_taken":["M","?","?","M","M","R","E","R","T","M","E","R","?","M","R","BOSS","M","M","?","?","$","E","?","$","T","M","R","M","E","M","R","BOSS","M","M","M","?","$","R","E"],"items_purchased_type":["Relic","Relic"],"build_version":"2020-12-22","purchased_purges":2,"victory":false,"max_hp_per_floor":[80,80,80,80,80,80,80,80,80,80,80,80,80,80,80,80,80,80,80,80,80,80,80,80,80,80,80,80,80,80,80,80,80,80,80,80,80,80,80,80,80,80],"card_choices":[{"not_picked":["Anger","Uppercut"],"picked":"Pommel Strike","floor":1.0},{"not_picked":["Dark Embrace","Flex"],"picked":"Ghostly Armor","floor":4.0},{"not_picked":["Carnage","Perfected Strike"],"picked":"Armaments","floor":5.0},{"not_picked":["Wild Strike","Power Through"],"picked":"Infernal Blade","floor":7.0},{"not_picked":["Spot Weakness","Burning Pact","Havoc"],"picked":"SKIP","floor":10.0},{"not_picked":["Shrug It Off","Warcry"],"picked":"Blood for Blood","floor":11.0},{"not_picked":["Havoc","Thunderclap","Hemokinesis"],"picked":"SKIP","floor":14.0},{"not_picked":["Brutality","Demon Form"],"picked":"Juggernaut","floor":16.0},{"not_picked":["Wild Strike","Headbutt"],"picked":"Shrug It Off+1","floor":18.0},{"not_picked":["Clothesline","Anger+1","Warcry"],"picked":"SKIP","floor":19.0},{"not_picked":["Dual Wield","Heavy Blade+1"],"picked":"Barricade","floor":23.0},{"not_picked":["Armaments+1","Dual Wield","Ghostly Armor"],"picked":"SKIP","floor":27.0},{"not_picked":["Whirlwind+1","Clothesline+1"],"picked":"Body Slam+1","floor":29.0},{"not_picked":["Feel No Pain","Sentinel+1"],"picked":"Seeing Red","floor":30.0},{"not_picked":["Searing Blow+1","Armaments","Flex+1"],"picked":"SKIP","floor":31.0},{"not_picked":["Offering","Feed+1"],"picked":"Berserk","floor":33.0},{"not_picked":["Flex+1","Perfected Strike+1"],"picked":"Body Slam+1","floor":35.0},{"not_picked":["Cleave+1","Feel No Pain","True Grit"],"picked":"SKIP","floor":36.0},{"not_picked":["Pommel Strike+1","Spot Weakness"],"picked":"Body Slam+1","floor":37}],"player_experience":39080,"relics_obtained":[{"floor":7.0,"key":"Self Forming Clay"},{"floor":11.0,"key":"Bag of Marbles"},{"floor":23.0,"key":"Bottled Flame"},{"floor":26.0,"key":"Eternal Feather"},{"floor":30.0,"key":"Sundial"}],"event_choices":[{"cards_removed":["Strike_R"],"damage_healed":0.0,"max_hp_gain":0.0,"max_hp_loss":0.0,"gold_gain":0.0,"event_name":"Golden Wing","player_choice":"Card Removal","floor":2.0,"gold_loss":0.0,"damage_taken":7.0},{"damage_healed":0.0,"max_hp_gain":0.0,"max_hp_loss":0.0,"gold_gain":0.0,"event_name":"Liars Game","player_choice":"Ignored","floor":3.0,"gold_loss":0.0,"damage_taken":0.0},{"damage_healed":0.0,"max_hp_gain":0.0,"max_hp_loss":0.0,"gold_gain":0.0,"event_name":"Shining Light","player_choice":"Entered Light","floor":13.0,"gold_loss":0.0,"damage_taken":16.0,"cards_upgraded":["Blood for Blood","Strike_R"]},{"cards_removed":["Defend_R"],"damage_healed":0.0,"max_hp_gain":0.0,"max_hp_loss":0.0,"gold_gain":0.0,"event_name":"Back to Basics","player_choice":"Elegance","floor":20.0,"gold_loss":0.0,"damage_taken":0.0},{"damage_healed":0.0,"max_hp_gain":0.0,"max_hp_loss":0.0,"gold_gain":0.0,"event_name":"Vampires","player_choice":"Ignored","floor":21.0,"gold_loss":0.0,"damage_taken":0.0},{"damage_healed":0.0,"max_hp_gain":0.0,"max_hp_loss":0.0,"gold_gain":0.0,"event_name":"The Library","player_choice":"Read","floor":24.0,"gold_loss":0.0,"damage_taken":0.0,"cards_obtained":["Body Slam"]},{"damage_healed":0,"gold_gain":0,"player_choice":"Ignored","damage_taken":0,"max_hp_gain":0,"max_hp_loss":0,"event_name":"OrinTheCat","floor":38,"gold_loss":0}],"is_beta":false,"boss_relics":[{"not_picked":["Runic Pyramid","Ectoplasm"],"picked":"SacredBark"},{"not_picked":["Sozu","Mark of Pain"],"picked":"Empty Cage"}],"items_purged_floors":[22,39],"is_endless":false,"potions_floor_spawned":[5,10,11,18,19,27,30],"killed_by":"Reptomancer","ascension_level":2}}