{"host":"09c1j7k0szn5tpd7","time":1610922127,"event":{"mods":["BaseMod","Googly Eyes","Hubris","Infinite Spire","Minty Spire (QoL Compilation)","Replay The Spire","StSLib","??????REMEMod"],"gold_per_floor":[110,110,35,46,63,63,63,98,98,98,112,112,126,142,142,240,240,256,256,256],"floor_reached":19,"language":"ENG","playtime":1345,"items_purged":["Defend_R"],"score":220,"play_id":"daf07bac-b1e6-4757-8538-258ac4d95b8d","local_time":"20210117232207","is_ascension_mode":true,"campfire_choices":[{"floor":6.0,"key":"REST"},{"floor":12,"key":"REST"},{"floor":15,"key":"REST"}],"circlet_count":0,"master_deck":["Strike_R","Strike_R","Strike_R+1","Strike_R","Strike_R","Defend_R","Defend_R","Defend_R","Bash+1","Brutality","Life Link","Life Link","Rampage","Bloodletting","REME_Scribble","Offering","REME_Flogging"],"relics":["Burning Blood","REME_ComplimentaryCards","hubris:DeckOfHolding","Replay:Baseball","hubris:Towel","REME_LowDesire","Art of War","infinitespire:Beetle Shell"],"acts_visited":["Exordium","TheCity"],"potions_floor_usage":[11,11,19,19],"damage_taken":[{"damage":23.0,"enemies":"Jaw Worm","floor":1.0,"turns":4.0},{"damage":12.0,"enemies":"Small Slimes","floor":4.0,"turns":2.0},{"damage":3.0,"enemies":"Cultist","floor":5.0,"turns":3.0},{"damage":29,"enemies":"Gremlin Nob","floor":8,"turns":3},{"damage":17,"enemies":"Large Slime","floor":11,"turns":6},{"damage":17,"enemies":"Looter","floor":13,"turns":2},{"damage":11,"enemies":"Red Slaver","floor":14,"turns":2},{"damage":52,"enemies":"Slime Boss","floor":16,"turns":9},{"damage":50,"enemies":"2 Thieves","floor":18,"turns":5},{"damage":47,"enemies":"Chosen","floor":19,"turns":4}],"seed_played":"5592989318807986686","potions_obtained":[{"floor":1.0,"key":"EssenceOfSteel"},{"floor":4.0,"key":"Energy Potion"},{"floor":14,"key":"Energy Potion"},{"floor":16,"key":"FearPotion"},{"floor":18,"key":"Swift Potion"}],"is_trial":false,"path_per_floor":["M","?","$","M","M","R","?","E","T","?","M","R","M","M","R","B",null,"M","M"],"character_chosen":"IRONCLAD","items_purchased":[],"campfire_rested":3,"item_purchase_floors":[],"current_hp_per_floor":[55,39,39,33,36,60,63,40,40,40,29,53,42,39,64,20,70,28,0,0],"gold":256,"neow_bonus":"ONE_RANDOM_RARE_CARD","is_daily":false,"chose_seed":false,"campfire_upgraded":0,"win_rate":0.0,"timestamp":1610922127,"path_taken":["M","?","$","M","M","R","?","E","T","?","M","R","M","?","R","BOSS","M","M"],"items_purchased_type":[],"build_version":"2020-12-22","purchased_purges":1,"victory":false,"max_hp_per_floor":[80,80,80,80,80,80,83,83,83,83,83,83,83,85,85,87,87,89,91,91],"card_choices":[{"not_picked":["Dual Wield","Cleave"],"picked":"Life Link","floor":1.0},{"not_picked":["Heavy Blade","Pommel Strike"],"picked":"Life Link","floor":4.0},{"not_picked":["Body Slam","Headbutt"],"picked":"Rampage","floor":5.0},{"not_picked":["Reaper","Body Slam","Second Wind"],"picked":"SKIP","floor":8},{"not_picked":["ReplayTheSpireMod:Strike From Hell","Anger"],"picked":"Bloodletting","floor":11},{"not_picked":["Flex","Twin Strike"],"picked":"REME_Scribble","floor":13},{"not_picked":["Wild Strike","True Grit","Carnage"],"picked":"SKIP","floor":14},{"not_picked":["Demonic Infusion","Replay:Many Hands"],"picked":"Offering","floor":16},{"not_picked":["hubris:SharpeningStone","Twin Strike+1","Intimidate+1","Survey Options"],"picked":"SKIP","floor":18}],"player_experience":937782,"relics_obtained":[{"floor":8,"key":"hubris:DeckOfHolding"},{"floor":9,"key":"Replay:Baseball"},{"floor":17,"key":"Art of War"},{"floor":17,"key":"infinitespire:Beetle Shell"}],"event_choices":[{"damage_healed":0.0,"max_hp_gain":0.0,"max_hp_loss":0.0,"gold_gain":0.0,"event_name":"Shining Light","player_choice":"Entered Light","floor":2.0,"gold_loss":0.0,"damage_taken":16.0,"cards_upgraded":["Strike_R","Bash"]}],"is_beta":false,"boss_relics":[{"not_picked":["Coffee Dripper","REME_DuelDisc"],"picked":"REME_LowDesire"}],"items_purged_floors":[3],"is_endless":false,"potions_floor_spawned":[1,4,14,16,18],"killed_by":"Chosen","ascension_level":6}}