{"host":"abdxwahegzejqccj","time":1610872987,"event":{"mods":["BaseMod","Better Note","BetterRewards","Colored Powertips","Downfall","Hermit","Minty Spire (QoL Compilation)","StSLib","The Cursed"],"gold_per_floor":[99,99,199,53,53,83,108,141,158,172,72,72,72,143,160,255,255,155,170,183,183,68,79,79,94,106,106,106,106],"floor_reached":27,"language":"ENG","playtime":1488,"items_purged":["Pain","Writhe"],"score":321,"play_id":"fc253c81-a5bd-4995-9acb-2f7a5075e6ca","local_time":"20210117194307","is_ascension_mode":false,"campfire_choices":[{"data":"champ:Taunt","floor":1,"key":"SMITH"},{"data":"champ:Shatter","floor":11,"key":"SMITH"},{"floor":13,"key":"RECALL"},{"data":"champ:ShieldWall","floor":18,"key":"SMITH"}],"circlet_count":0,"master_deck":["champ:Strike","champ:Strike","champ:Strike","champ:Strike","champ:Defend","champ:Defend","champ:Defend","champ:Defend","champ:Execute","champ:Taunt+1","champ:BerserkersShout","Writhe","Injury","champ:CrownThrow","champ:ShieldWall","champ:IronFortress","champ:DeathBlow","TheCursedMod:Dregs","champ:ShieldWall+1","champ:CrownThrow","champ:Shatter+1","Regret","champ:TornadoPunch","champ:Circumvent","hermit:Maintenance+1","champ:AdrenalArmor","Clumsy","champ:PreciseThrust"],"relics":["champ:ChampionCrown","downfall:HeartsMalice","Cursed Key","Anchor","champ:FightingForDummies","Art of War","downfall:HeartBlessingGreen","Singing Bowl","expansioncontent:StudyCardRelic","downfall:HeartBlessingRed","Torii"],"acts_visited":["Exordium","TheCity"],"potions_floor_usage":[16,19,19,23,27],"damage_taken":[{"damage":0,"enemies":"2 Louse","floor":2,"turns":1},{"damage":0,"enemies":"downfall:FleeingMerchant","floor":4,"turns":1},{"damage":0,"enemies":"Small Slimes","floor":5,"turns":1},{"damage":66,"enemies":"Lagavulin","floor":6,"turns":8},{"damage":38,"enemies":"Gremlin Nob","floor":8,"turns":5},{"damage":13,"enemies":"Jaw Worm","floor":9,"turns":5},{"damage":25,"enemies":"Gremlin Gang","floor":10,"turns":4},{"damage":11,"enemies":"Blue Slaver","floor":15,"turns":3},{"damage":46,"enemies":"SI_SHIV_ARCHETYPE","floor":16,"turns":7},{"damage":15,"enemies":"3 Byrds","floor":19,"turns":3},{"damage":9,"enemies":"Spheric Guardian","floor":20,"turns":3},{"damage":13,"enemies":"downfall:FleeingMerchant","floor":22,"turns":4},{"damage":25,"enemies":"Shelled Parasite and Fungi","floor":23,"turns":5},{"damage":29,"enemies":"Chosen and Byrds","floor":25,"turns":5},{"damage":12,"enemies":"Snecko","floor":26,"turns":4},{"damage":46,"enemies":"Gremlin Leader","floor":27,"turns":8}],"seed_played":"-530304346556456899","potions_obtained":[{"floor":6,"key":"SkillPotion"},{"floor":10,"key":"Explosive Potion"},{"floor":15,"key":"Explosive Potion"},{"floor":16,"key":"Fire Potion"},{"floor":20,"key":"ColorlessPotion"},{"floor":25,"key":"sneckomod:MuddlingPotion"}],"is_trial":false,"path_per_floor":["R","M","?","$","M","E","T","E","M","M","R","?","R","T","M","B",null,"R","M","M","?","$","M","T","M","M","E"],"character_chosen":"THE_CHAMP","items_purchased":["champ:ShieldWall"],"campfire_rested":0,"item_purchase_floors":[4],"current_hp_per_floor":[90,90,90,90,90,64,64,56,48,48,48,48,48,48,47,36,92,92,94,90,90,89,69,69,47,45,0,0,0],"gold":106,"neow_bonus":"THREE_ENEMY_KILL","is_daily":false,"chose_seed":false,"campfire_upgraded":3,"win_rate":0.0,"timestamp":1610872987,"path_taken":["R","M","?","$","M","E","T","E","M","M","R","?","R","?","M","BOSS","R","M","M","?","$","M","T","M","M","E"],"items_purchased_type":["Card"],"build_version":"2020-12-22","purchased_purges":2,"victory":false,"max_hp_per_floor":[90,90,90,90,90,90,90,90,90,90,90,90,90,90,90,92,92,92,94,94,94,96,96,96,98,98,98,98,98],"card_choices":[{"not_picked":["champ:CrookedStrike","champ:DefensiveShout"],"picked":"champ:BerserkersShout","floor":2},{"not_picked":["champ:CalledShot","champ:EndlessRage"],"picked":"champ:CrownThrow","floor":4},{"not_picked":["champ:PerfectedStrike","champ:BerserkersShout"],"picked":"champ:IronFortress","floor":5},{"not_picked":["champ:SteelEdge","champ:PreciseThrust"],"picked":"champ:DeathBlow","floor":6},{"not_picked":["champ:BringItOn","champ:FalseCounter"],"picked":"champ:ShieldWall","floor":8},{"not_picked":["champ:RecklessLeap","champ:HeartStrike"],"picked":"champ:CrownThrow","floor":9},{"not_picked":["champ:EnragedBash","champ:StanceDance"],"picked":"champ:Shatter","floor":10},{"not_picked":["champ:EnGarde","champ:Shatter"],"picked":"champ:TornadoPunch","floor":15},{"not_picked":["champ:CheapShot","champ:HeavySlash","champ:StrikeOfGenius"],"picked":"Singing Bowl","floor":16},{"not_picked":["champ:IronFortress","champ:CalledShot+1","champ:BerserkersShout+1"],"picked":"Singing Bowl","floor":19},{"not_picked":["champ:GutPunch","champ:DefensiveShout+1"],"picked":"champ:Circumvent","floor":20},{"not_picked":["champ:CalledShot","champ:FocusedBerserking+1","champ:DeathBlow+1"],"picked":"Singing Bowl","floor":22},{"not_picked":["champ:SetATrap","champ:PerfectedStrike+1"],"picked":"champ:AdrenalArmor","floor":23},{"not_picked":["champ:PreciseThrust","champ:Duel","champ:ArenaPreparation+1"],"picked":"Singing Bowl","floor":25},{"not_picked":["champ:FlashCut","champ:EnGarde"],"picked":"champ:PreciseThrust","floor":26}],"player_experience":391055,"relics_obtained":[{"floor":6,"key":"Anchor"},{"floor":7,"key":"champ:FightingForDummies"},{"floor":8,"key":"Art of War"},{"floor":14,"key":"Singing Bowl"},{"floor":24,"key":"Torii"}],"event_choices":[{"cards_removed":["Normality"],"damage_healed":0,"gold_gain":0,"player_choice":"Card Removal","damage_taken":0,"max_hp_gain":0,"max_hp_loss":0,"event_name":"The Cleric","floor":12,"gold_loss":0},{"cards_removed":["champ:ShieldWall"],"damage_healed":0,"gold_gain":0,"player_choice":"Take \u0026 Give","damage_taken":0,"max_hp_gain":0,"max_hp_loss":0,"event_name":"betterNote:BetterNote","floor":21,"gold_loss":0,"cards_obtained":["hermit:Maintenance"]}],"is_beta":false,"boss_relics":[{"not_picked":["Tiny House","Runic Dome"],"picked":"expansioncontent:StudyCardRelic"}],"items_purged_floors":[4,22],"is_endless":false,"potions_floor_spawned":[6,10,15,16,20,25],"killed_by":"Gremlin Leader","ascension_level":0}}