{"host":"9eh033lgxm3bmtbn","time":1610883819,"event":{"mods":["100% Spire Juice","AchievementEnabler","BaseMod","Colored Map","Downfall","Highlight Path","Marisa????????","Minty Spire (QoL Compilation)","READ ME - Snecko Mod","Shop Mod","Spicy Shops","StSLib","The Animator","The Bug Knight","The Cursed","The Disciple","The Servant 0.9.4"],"gold_per_floor":[113,113,113,39,57,92,92,126,151,151,151,185,185,208,208,334,334,347,347,65,65,86,86,119,119,166,178,105,161,98,131,143,284,296,329,341,377,404,416,428,479,511,523,575,587,615,648,23,23,23],"floor_reached":51,"language":"ENG","playtime":3649,"items_purged":["Clumsy","Clumsy"],"score":1205,"play_id":"7c0e7af3-fc5b-4214-a847-e76c37297a52","local_time":"20210117144339","is_ascension_mode":true,"campfire_choices":[{"data":"Catalyst","floor":7.0,"key":"SMITH"},{"floor":13.0,"key":"REST"},{"data":"Bouncing Flask","floor":15.0,"key":"SMITH"},{"data":"After Image","floor":23.0,"key":"SMITH"},{"floor":25.0,"key":"REST"},{"floor":32.0,"key":"REST"},{"floor":40.0,"key":"REST"},{"data":"Night Terror","floor":45.0,"key":"SMITH"},{"floor":49,"key":"REST"}],"circlet_count":0,"master_deck":["Strike_G","Strike_G","Strike_G","Defend_G","Defend_G","Defend_G","Survivor","Neutralize","Endless Agony","Bane","Catalyst+1","Deadly Poison","Flying Knee","Acrobatics","Bouncing Flask+1","Masterful Stab","After Image+1","Deadly Poison+1","Catalyst+1","Bouncing Flask+1","Backstab","Night Terror+1","Wraith Form v2","Blade Dance","Burst","Distraction+1","Deflect","Catalyst+1","Escape Plan+1","Escape Plan+1","Terror+1","Dagger Spray+1","Well Laid Plans+1","Acrobatics+1","Deadly Poison+1"],"relics":["Ring of the Snake","NeowsBlessing","Golden Idol","Oddly Smooth Stone","Juzu Bracelet","Bronze Scales","Regal Pillow","Black Star","DollysMirror","TwistedFunnel","Centennial Puzzle","Tiny Chest","MawBank","Matryoshka","CaptainsWheel","Bottled Flame","Busted Crown","Bag of Marbles","White Beast Statue","Lizard Tail","Toxic Egg 2","Strawberry","Gremlin Horn","Happy Flower","Frozen Egg 2","InkBottle","Mercury Hourglass"],"acts_visited":["TheCity","TheBeyond"],"potions_floor_usage":[46,47,47,50],"damage_taken":[{"damage":0.0,"enemies":"Jaw Worm","floor":1.0,"turns":1.0},{"damage":0.0,"enemies":"2 Louse","floor":5.0,"turns":1.0},{"damage":0.0,"enemies":"Lagavulin","floor":6.0,"turns":1.0},{"damage":16.0,"enemies":"Gremlin Nob","floor":8.0,"turns":3.0},{"damage":21.0,"enemies":"Lagavulin","floor":12.0,"turns":6.0},{"damage":0.0,"enemies":"Small Slimes","floor":14.0,"turns":3.0},{"damage":0.0,"enemies":"Slime Boss","floor":16.0,"turns":4.0},{"damage":24.0,"enemies":"2 Thieves","floor":18.0,"turns":3.0},{"damage":0.0,"enemies":"Chosen","floor":22.0,"turns":3.0},{"damage":38.0,"enemies":"Slavers","floor":24.0,"turns":4.0},{"damage":17.0,"enemies":"HollowMod:Nosk","floor":29.0,"turns":3.0},{"damage":0.0,"enemies":"3 Cultists","floor":31.0,"turns":5.0},{"damage":41.0,"enemies":"Champ","floor":33.0,"turns":6.0},{"damage":23.0,"enemies":"3 Darklings","floor":35.0,"turns":3.0},{"damage":0.0,"enemies":"3 Shapes","floor":37.0,"turns":3.0},{"damage":7.0,"enemies":"Jaw Worm Horde","floor":38.0,"turns":3.0},{"damage":0.0,"enemies":"Reptomancer","floor":41.0,"turns":2.0},{"damage":0.0,"enemies":"4 Shapes","floor":42.0,"turns":3.0},{"damage":1.0,"enemies":"Giant Head","floor":44.0,"turns":4.0},{"damage":5,"enemies":"Maw","floor":46,"turns":3},{"damage":18,"enemies":"3 Darklings","floor":47,"turns":2},{"damage":0,"enemies":"Time Eater","floor":50,"turns":4}],"seed_played":"-8694038035129297228","potions_obtained":[{"floor":1.0,"key":"Swift Potion"},{"floor":6.0,"key":"Dexterity Potion"},{"floor":22.0,"key":"champ:CounterPotion"},{"floor":31.0,"key":"GamblersBrew"},{"floor":35.0,"key":"Ancient Potion"},{"floor":37.0,"key":"champ:CounterPotion"},{"floor":42.0,"key":"Weak Potion"},{"floor":44.0,"key":"SneckoOil"},{"floor":46,"key":"AttackPotion"},{"floor":47,"key":"Weak Potion"}],"is_trial":false,"path_per_floor":["M","?","?","$","M","E","R","E","T","?","?","E","R","M","R","B",null,"M","?","$","$","M","R","E","R","T","?","?","E","?","M","R","B",null,"M","T","M","M","?","R","E","M","T","E","R","M","M","$","R","B",null],"character_chosen":"THE_SILENT","items_purchased":["Catalyst","DollysMirror","TwistedFunnel","Well Laid Plans+1","InkBottle","Mercury Hourglass","sneckomod:MuddlingPotion","Acrobatics+1","Deadly Poison+1"],"campfire_rested":5,"item_purchase_floors":[4,20,20,48,48,48,48,48,48],"current_hp_per_floor":[70,70,70,70,70,70,70,54,54,47,52,31,68,68,68,68,73,49,49,49,49,49,49,11,48,48,48,48,31,31,31,68,27,63,40,40,40,33,33,70,70,70,77,76,76,71,53,53,82,82],"gold":23,"neow_bonus":"THREE_ENEMY_KILL","is_daily":false,"chose_seed":false,"campfire_upgraded":4,"win_rate":0.0,"timestamp":1610883819,"path_taken":["M","?","?","$","M","E","R","E","T","?","?","E","R","M","R","BOSS","M","?","?","$","M","R","E","R","T","?","?","E","?","M","R","BOSS","M","?","M","M","?","R","E","M","T","E","R","M","M","$","R","BOSS"],"items_purchased_type":["Card","Relic","Relic","Card","Relic","Relic","Potion","Card","Card"],"build_version":"2020-12-22","purchased_purges":2,"victory":true,"max_hp_per_floor":[70,70,70,70,70,70,70,70,70,70,75,75,75,75,75,75,75,75,75,75,75,75,75,75,75,75,75,75,75,75,75,75,75,75,75,75,75,75,75,75,75,75,82,82,82,82,82,82,82,82],"card_choices":[{"not_picked":["Sucker Punch","Eviscerate"],"picked":"Endless Agony","floor":1.0},{"not_picked":["Acrobatics","Bane"],"picked":"Deadly Poison","floor":5.0},{"not_picked":["Calculated Gamble","Blur"],"picked":"Flying Knee","floor":6.0},{"not_picked":["Quick Slash","Outmaneuver"],"picked":"Acrobatics","floor":8.0},{"not_picked":["Dagger Throw","Outmaneuver"],"picked":"Bouncing Flask","floor":12.0},{"not_picked":["Phantasmal Killer","Cloak And Dagger"],"picked":"Masterful Stab","floor":14.0},{"not_picked":["Phantasmal Killer","Grand Finale"],"picked":"After Image","floor":16.0},{"not_picked":["Prepared+1","Flying Knee"],"picked":"Deadly Poison+1","floor":18.0},{"not_picked":["Bane","Quick Slash"],"picked":"Bouncing Flask+1","floor":22.0},{"not_picked":["Eviscerate","Backflip"],"picked":"Backstab","floor":24.0},{"not_picked":["Prepared","Dagger Spray"],"picked":"Wraith Form v2","floor":29.0},{"not_picked":["Acrobatics","Prepared"],"picked":"Blade Dance","floor":31.0},{"not_picked":["Grand Finale","Envenom"],"picked":"Burst","floor":33.0},{"not_picked":[],"picked":"Distraction+1","floor":35.0},{"not_picked":[],"picked":"Deflect","floor":37.0},{"not_picked":[],"picked":"Catalyst+1","floor":38.0},{"not_picked":[],"picked":"Escape Plan+1","floor":41.0},{"not_picked":[],"picked":"Escape Plan+1","floor":42.0},{"not_picked":[],"picked":"Terror+1","floor":44.0},{"not_picked":["Underhanded Strike"],"picked":"SKIP","floor":46},{"not_picked":[],"picked":"Dagger Spray+1","floor":47}],"player_experience":318626,"relics_obtained":[{"floor":6.0,"key":"Oddly Smooth Stone"},{"floor":8.0,"key":"Juzu Bracelet"},{"floor":9.0,"key":"Bronze Scales"},{"floor":12.0,"key":"Regal Pillow"},{"floor":24.0,"key":"Centennial Puzzle"},{"floor":24.0,"key":"Tiny Chest"},{"floor":26.0,"key":"MawBank"},{"floor":29.0,"key":"CaptainsWheel"},{"floor":29.0,"key":"Bottled Flame"},{"floor":36.0,"key":"Bag of Marbles"},{"floor":36.0,"key":"White Beast Statue"},{"floor":41.0,"key":"Lizard Tail"},{"floor":41.0,"key":"Toxic Egg 2"},{"floor":43.0,"key":"Strawberry"},{"floor":43.0,"key":"Gremlin Horn"},{"floor":44.0,"key":"Happy Flower"},{"floor":44.0,"key":"Frozen Egg 2"}],"event_choices":[{"damage_healed":0.0,"max_hp_gain":0.0,"max_hp_loss":0.0,"gold_gain":0.0,"cards_transformed":["Defend_G"],"event_name":"Living Wall","player_choice":"Change","floor":2.0,"gold_loss":0.0,"damage_taken":0.0,"cards_obtained":["Bane"]},{"damage_healed":0.0,"max_hp_gain":0.0,"max_hp_loss":0.0,"gold_gain":0.0,"event_name":"Golden Idol","player_choice":"Take Wound","floor":3.0,"gold_loss":0.0,"damage_taken":0.0,"relics_obtained":["Golden Idol"],"cards_obtained":["Injury"]},{"cards_removed":["Injury"],"damage_healed":0.0,"max_hp_gain":0.0,"max_hp_loss":0.0,"gold_gain":0.0,"event_name":"Golden Wing","player_choice":"Card Removal","floor":10.0,"gold_loss":0.0,"damage_taken":7.0},{"damage_healed":0.0,"max_hp_gain":5.0,"max_hp_loss":0.0,"gold_gain":0.0,"event_name":"Big Fish","player_choice":"Donut","floor":11.0,"gold_loss":0.0,"damage_taken":0.0},{"cards_removed":["Strike_G"],"damage_healed":0.0,"max_hp_gain":0.0,"max_hp_loss":0.0,"gold_gain":0.0,"event_name":"Purifier","player_choice":"Purged","floor":19.0,"gold_loss":0.0,"damage_taken":0.0},{"damage_healed":0.0,"max_hp_gain":0.0,"max_hp_loss":0.0,"gold_gain":0.0,"event_name":"The Library","player_choice":"Read","floor":27.0,"gold_loss":0.0,"damage_taken":0.0,"cards_obtained":["Night Terror"]},{"damage_healed":0.0,"max_hp_gain":0.0,"max_hp_loss":0.0,"gold_gain":0.0,"event_name":"Addict","player_choice":"Obtained Relic","floor":28.0,"gold_loss":85.0,"damage_taken":0.0,"relics_obtained":["Matryoshka"]},{"cards_removed":["Strike_G"],"damage_healed":0.0,"max_hp_gain":0.0,"max_hp_loss":0.0,"gold_gain":0.0,"event_name":"Beggar","player_choice":"Gave Gold","floor":30.0,"gold_loss":75.0,"damage_taken":0.0},{"cards_removed":["Defend_G"],"damage_healed":0.0,"max_hp_gain":0.0,"max_hp_loss":0.0,"gold_gain":0.0,"event_name":"Falling","player_choice":"Removed Skill","floor":39.0,"gold_loss":0.0,"damage_taken":0.0}],"is_beta":false,"boss_relics":[{"not_picked":["Pandora\u0027s Box","Tiny House"],"picked":"Black Star"},{"not_picked":["WristBlade","Philosopher\u0027s Stone"],"picked":"Busted Crown"}],"items_purged_floors":[20,48],"is_endless":false,"potions_floor_spawned":[1,6,22,31,35,37,38,41,42,44,46,47],"ascension_level":5}}