{"host":"1zjc08c6hob33401","time":1610891504,"event":{"mods":["AchievementEnabler","Act Like it!","Aspiration","BaseMod","Downfall","Energized Spire","Evolution","Gensokyo","GifTheSpireLib","Hubris","Infinite Spire","Jedi Mod","Minty Spire (QoL Compilation)","Pale of the Ancients","Quick Restart","Retaliation","Shop Mod","StS++","StSLib","Stuff the Spire","The Blue Laboratory","Wandering Minibosses","vexMod","??????REMEMod"],"gold_per_floor":[119,131,64,81,81,109,109,427,508,508,508,508,528,548,548,652,602,617,637,637,652,83,83,109,109,109,123,123,149,149,178,178,275,275,290,306,306,323,323,323,335,335,335,363,89,104,119,131,131,131,131],"floor_reached":50,"language":"RUS","playtime":3535,"items_purged":[],"score":714,"play_id":"07ccd81d-8529-4573-a36a-947101fd586e","local_time":"20210117155144","is_ascension_mode":true,"campfire_choices":[{"data":"LikeWater","floor":7.0,"key":"SMITH"},{"floor":10.0,"key":"REST"},{"floor":15.0,"key":"REST"},{"data":"Gensokyo:LochNessMonster","floor":23.0,"key":"SMITH"},{"floor":28.0,"key":"REST"},{"floor":30.0,"key":"REST"},{"data":"Wish","floor":32.0,"key":"SMITH"},{"data":"Wish","floor":40.0,"key":"SMITH"},{"data":"SpiritShield","floor":42.0,"key":"SMITH"},{"floor":49,"key":"REST"}],"circlet_count":0,"master_deck":["Strike_P","Strike_P","Strike_P","Defend_P","Defend_P","Defend_P","Defend_P","Eruption","Vigilance","Corruption+1","Conclude","ThirdEye","Vengeance","LikeWater+1","FollowUp","Prostrate","InnerPeace","Wish+1","Strike_P","Adaptation","CarveReality+1","REME_Repentance","Gensokyo:LochNessMonster+1","SpiritShield+1","Wish+1","Thinking Ahead","Adaptation+1","Fasting2+1","CrushJoints","Worship","Devotion","MentalFortress+1","Study","Protect","Scrawl","JustLucky+1","Gensokyo:LochNessMonster+1","MentalFortress+1","Perseverance+1","REME_Repentance+1"],"relics":["PureWater","EVO:Axolotl","REME_ComplimentaryCards","Bronze Scales","vexMod:CardConverter","infinitespire:CheckeredPen","hubris:FruitBowl","energizedSpire:HugeHouse","Letter Opener","infinitespire:PuzzleCube","Bottled Tornado","REME_PuzzleBoxRelic","aspiration:HiddenCompartment","aspiration:SecretTechniqueScroll","StSpp:SailingBoat","hubris:Metronome","DollysMirror","MerchantsRug"],"acts_visited":["Gensokyo:Gensokyo","Gensokyo:Gensokyoer","Gensokyo:Gensokyoest"],"potions_floor_usage":[],"damage_taken":[{"damage":3.0,"enemies":"Gensokyo:Gryphon","floor":1.0,"turns":4.0},{"damage":0.0,"enemies":"Gensokyo:3_Fairies","floor":2.0,"turns":2.0},{"damage":3.0,"enemies":"Gensokyo:2_Kodama","floor":4.0,"turns":4.0},{"damage":43.0,"enemies":"Gensokyo:Aya","floor":6.0,"turns":5.0},{"damage":3.0,"enemies":"Gensokyo:Kitsune","floor":8.0,"turns":4.0},{"damage":0.0,"enemies":"Gensokyo:2_Rabbits","floor":13.0,"turns":2.0},{"damage":7.0,"enemies":"Gensokyo:Python_and_Kodama","floor":14.0,"turns":3.0},{"damage":37.0,"enemies":"Gensokyo:Kokoro","floor":16.0,"turns":8.0},{"damage":7.0,"enemies":"Gensokyo:Chomper","floor":18.0,"turns":4.0},{"damage":14.0,"enemies":"Gensokyo:3_Dogs","floor":19.0,"turns":4.0},{"damage":21.0,"enemies":"Gensokyo:Swordslinger","floor":21.0,"turns":3.0},{"damage":37.0,"enemies":"Gensokyo:Tenshi","floor":24.0,"turns":3.0},{"damage":0.0,"enemies":"Gensokyo:Mirror_and_Dog","floor":27.0,"turns":3.0},{"damage":24.0,"enemies":"Gensokyo:Koishi","floor":29.0,"turns":4.0},{"damage":6.0,"enemies":"Gensokyo:Reisen","floor":31.0,"turns":3.0},{"damage":8.0,"enemies":"Gensokyo:Kaguya","floor":33.0,"turns":6.0},{"damage":0.0,"enemies":"Gensokyo:AncientGuardian","floor":35.0,"turns":2.0},{"damage":1.0,"enemies":"Gensokyo:3_Boulders","floor":36.0,"turns":4.0},{"damage":12.0,"enemies":"Gensokyo:Rafflesia","floor":38.0,"turns":4.0},{"damage":10.0,"enemies":"Gensokyo:Sharpion","floor":41.0,"turns":3.0},{"damage":18.0,"enemies":"Gensokyo:Marisa","floor":44.0,"turns":3.0},{"damage":23.0,"enemies":"Gensokyo:3_Boulders","floor":46.0,"turns":3.0},{"damage":26,"enemies":"Gensokyo:SeedOfUnknown","floor":47,"turns":5},{"damage":1,"enemies":"Gensokyo:Sharpion","floor":48,"turns":4},{"damage":15,"enemies":"Gensokyo:Yuyuko","floor":50,"turns":1}],"seed_played":"-7963235768178459406","potions_obtained":[{"floor":4.0,"key":"jedi:mysterypotion"},{"floor":8.0,"key":"Explosive Potion"},{"floor":14.0,"key":"Guardian:BlockOnCardUsePotion"},{"floor":16.0,"key":"blueLaboratory:RecallPotion"},{"floor":18.0,"key":"StSpp:ScatteredWeakPotion"},{"floor":21.0,"key":"blueLaboratory:FaithlessPotion"},{"floor":36.0,"key":"DDmod:CleansePotion"},{"floor":41.0,"key":"hexamod:SoulburnPotion"},{"floor":44.0,"key":"StancePotion"}],"is_trial":false,"path_per_floor":["M","M","COS","M","?","E","R","M","T","R","$","?","M","M","R","B",null,"M","M","?","M","$","R","E","?","T","M","R","E","R","E","R","B",null,"M","M","?","M","?","R","M","R","T","E","$","M","M","M","R","B"],"character_chosen":"WATCHER","items_purchased":["hubris:FruitBowl","Wish","Thinking Ahead","Letter Opener","DollysMirror","MerchantsRug"],"campfire_rested":5,"item_purchase_floors":[11,22,22,22,45,45],"current_hp_per_floor":[62,62,62,59,59,18,18,17,17,39,20,28,31,27,51,17,69,65,54,57,39,45,45,11,11,11,14,42,21,50,63,63,58,93,96,98,98,89,73,73,66,66,66,51,54,34,11,13,52,0,0],"gold":131,"neow_bonus":"UPGRADE_CARD","is_daily":false,"chose_seed":false,"campfire_upgraded":5,"win_rate":0.0,"timestamp":1610891504,"path_taken":["M","M","COS","M","?","E","R","M","T","R","?","?","M","?","R","BOSS","M","M","?","M","$","R","E","?","T","M","R","E","R","E","R","BOSS","M","M","?","?","?","R","M","R","T","E","?","M","M","?","R","BOSS"],"items_purchased_type":["Relic","Card","Card","Relic","Relic","Relic"],"build_version":"2020-12-22","purchased_purges":0,"victory":false,"max_hp_per_floor":[72,72,72,72,72,74,74,76,76,76,76,76,79,82,82,85,84,87,90,80,83,89,89,92,92,92,95,95,98,98,101,101,104,104,107,110,110,113,113,113,116,116,116,119,122,125,128,131,131,13,13],"card_choices":[{"not_picked":["StSpp:LatentStrike","Prostrate"],"picked":"Conclude","floor":1.0},{"not_picked":["StSpp:LatentStrike","Prostrate"],"picked":"ThirdEye","floor":2.0},{"not_picked":["PathToVictory","CutThroughFate"],"picked":"Vengeance","floor":4.0},{"not_picked":["FollowUp","Protect"],"picked":"LikeWater","floor":6.0},{"not_picked":["BowlingBash","StSpp:LatentStrike"],"picked":"FollowUp","floor":8.0},{"not_picked":["EmptyBody","FlyingSleeves"],"picked":"Prostrate","floor":13.0},{"not_picked":["REME_EmptyShield","CutThroughFate"],"picked":"InnerPeace","floor":14.0},{"not_picked":["Vault","Judgement"],"picked":"Wish","floor":16.0},{"not_picked":["StSpp:Renounce","Evaluate"],"picked":"CarveReality+1","floor":18.0},{"not_picked":["Adaptation","Prostrate"],"picked":"REME_Repentance","floor":19.0},{"not_picked":["Gensokyo:Apocalypse","Gensokyo:SpontaneousHumanCombustion"],"picked":"Gensokyo:LochNessMonster","floor":20.0},{"not_picked":["EmptyBody","Wallop"],"picked":"SpiritShield","floor":21.0},{"not_picked":["Meditate","SashWhip"],"picked":"Adaptation+1","floor":24.0},{"not_picked":["JustLucky+1","Prostrate+1"],"picked":"Fasting2+1","floor":27.0},{"not_picked":["Halt","StSpp:LatentStrike"],"picked":"CrushJoints","floor":29.0},{"not_picked":["StSpp:Renounce","Vengeance+1"],"picked":"Worship","floor":31.0},{"not_picked":["Alpha","DevaForm"],"picked":"Devotion","floor":33.0},{"not_picked":["Wallop","EmptyMind+1"],"picked":"MentalFortress+1","floor":35.0},{"not_picked":["WreathOfFlame+1","SashWhip"],"picked":"Study","floor":36.0},{"not_picked":["SashWhip","FollowUp"],"picked":"Protect","floor":38.0},{"not_picked":["WaveOfTheHand+1","PathToVictory"],"picked":"Scrawl","floor":41.0},{"not_picked":["MentalFortress","Indignation"],"picked":"JustLucky+1","floor":44.0},{"not_picked":["Halt+1","CrushJoints"],"picked":"MentalFortress+1","floor":46.0},{"not_picked":["FlyingSleeves","Halt+1"],"picked":"Perseverance+1","floor":47},{"not_picked":["ThirdEye+1","StSpp:Renounce"],"picked":"REME_Repentance+1","floor":48}],"player_experience":595678,"relics_obtained":[{"floor":6.0,"key":"vexMod:CardConverter"},{"floor":9.0,"key":"infinitespire:CheckeredPen"},{"floor":24.0,"key":"infinitespire:PuzzleCube"},{"floor":26.0,"key":"Bottled Tornado"},{"floor":29.0,"key":"REME_PuzzleBoxRelic"},{"floor":31.0,"key":"aspiration:HiddenCompartment"},{"floor":43.0,"key":"StSpp:SailingBoat"},{"floor":44.0,"key":"hubris:Metronome"}],"event_choices":[],"is_beta":false,"boss_relics":[{"not_picked":["Calling Bell","StSpp:PileOfSugar"],"picked":"energizedSpire:HugeHouse"},{"not_picked":["Velvet Choker","vexMod:RockOfEvil"],"picked":"aspiration:SecretTechniqueScroll"}],"items_purged_floors":[],"is_endless":false,"potions_floor_spawned":[4,8,14,16,18,21,36,41,44],"killed_by":"Gensokyo:Yuyuko","ascension_level":6}}