{"host":"rl5ku05escnl5kxo","time":1610921203,"event":{"mods":["Act Like it!","BaseMod","Minty Spire (QoL Compilation)","StSLib","The Bug Knight"],"gold_per_floor":[116,127,142,154,169,169,179,179,179,197,197,197,208,58,58,58,58],"floor_reached":16,"language":"ENG","playtime":788,"items_purged":[],"score":96,"play_id":"f78e55ce-3693-4c0f-ad8c-7fcfe3e404f9","local_time":"20210117140643","is_ascension_mode":false,"campfire_choices":[{"data":"HollowMod:PerfectDash","floor":6,"key":"SMITH"},{"data":"HollowMod:FocusHealStart","floor":8,"key":"SMITH"},{"floor":11,"key":"REST"},{"floor":15,"key":"REST"}],"circlet_count":0,"master_deck":["HollowMod:NailStrikeStart","HollowMod:NailStrikeStart","HollowMod:NailStrikeStart","HollowMod:NailStrikeStart","HollowMod:QuickDashStart","HollowMod:QuickDashStart","HollowMod:QuickDashStart","HollowMod:QuickDashStart","HollowMod:FocusHealStart+1","HollowMod:PogoStrike","HollowMod:DescendingDark","HollowMod:DreamGate","HollowMod:InfectedAttack","HollowMod:PerfectDash+1","HollowMod:InfectedCysts","HollowMod:SiblingsSouls","HollowMod:SiblingsSouls","Shame","HollowMod:AbyssShriek"],"relics":["HollowMod:VesselMask","NeowsBlessing","HollowMod:StagPassRelic"],"acts_visited":["Exordium"],"potions_floor_usage":[],"damage_taken":[{"damage":0,"enemies":"Cultist","floor":1,"turns":1},{"damage":0,"enemies":"2 Louse","floor":2,"turns":1},{"damage":0,"enemies":"Jaw Worm","floor":3,"turns":1},{"damage":15,"enemies":"Large Slime","floor":4,"turns":4},{"damage":14,"enemies":"2 Fungi Beasts","floor":5,"turns":3},{"damage":11,"enemies":"Gremlin Gang","floor":7,"turns":3},{"damage":32,"enemies":"Looter","floor":10,"turns":3},{"damage":22,"enemies":"Blue Slaver","floor":13,"turns":3},{"damage":45,"enemies":"Slime Boss","floor":16,"turns":6}],"seed_played":"-2024366486154434803","potions_obtained":[{"floor":3,"key":"PowerPotion"},{"floor":7,"key":"LiquidBronze"},{"floor":10,"key":"Strength Potion"}],"is_trial":false,"path_per_floor":["M","M","M","M","M","R","M","R","T","M","R","?","M","?","R","B"],"character_chosen":"THE_BUGKNIGHT","items_purchased":[],"campfire_rested":2,"item_purchase_floors":[],"current_hp_per_floor":[75,75,75,60,46,46,35,35,35,9,31,31,15,15,37,0,0],"gold":58,"neow_bonus":"THREE_ENEMY_KILL","is_daily":false,"chose_seed":false,"campfire_upgraded":2,"win_rate":0.0,"timestamp":1610921203,"path_taken":["M","M","M","M","M","R","M","R","T","M","R","?","?","?","R","BOSS"],"items_purchased_type":[],"build_version":"2020-12-22","purchased_purges":0,"victory":false,"max_hp_per_floor":[75,75,75,75,75,75,75,75,75,75,75,75,75,75,75,75,75],"card_choices":[{"not_picked":["HollowMod:HeavyBlow","HollowMod:SiblingsShadow"],"picked":"HollowMod:DescendingDark","floor":1},{"not_picked":["HollowMod:SiblingsShadow","HollowMod:CloakDash"],"picked":"HollowMod:DreamGate","floor":2},{"not_picked":["HollowMod:SoulStrike","HollowMod:CloakDash"],"picked":"HollowMod:InfectedAttack","floor":3},{"not_picked":["HollowMod:DoubleDash","HollowMod:DashSlash"],"picked":"HollowMod:PerfectDash","floor":4},{"not_picked":["HollowMod:PerfectDash","HollowMod:VengefulVoid"],"picked":"HollowMod:InfectedCysts","floor":5},{"not_picked":["HollowMod:MantisMark","HollowMod:ChannelNail"],"picked":"HollowMod:SiblingsSouls","floor":7},{"not_picked":["HollowMod:SoulVessel","HollowMod:DashSlash"],"picked":"HollowMod:SiblingsSouls","floor":10},{"not_picked":["HollowMod:Hiveblood","HollowMod:Grubsong"],"picked":"HollowMod:AbyssShriek","floor":13}],"player_experience":442590,"relics_obtained":[],"event_choices":[{"damage_healed":0,"gold_gain":0,"player_choice":"1 cards matched","damage_taken":0,"max_hp_gain":0,"max_hp_loss":0,"event_name":"Match and Keep!","floor":12,"gold_loss":0,"cards_obtained":["Shame"]}],"is_beta":false,"boss_relics":[],"items_purged_floors":[],"is_endless":false,"potions_floor_spawned":[3,7,10],"killed_by":"Slime Boss","ascension_level":0}}