{"host":"0av13bfd5y1jedv9","time":1610904737,"event":{"mods":["AchievementEnabler","Act Like it!","Aspiration","BaseMod","Bestiary","Colored Map","Conspire","Hallownest","Hubris","Infinite Spire","Minty Spire (QoL Compilation)","Relic Sorter","Replay The Spire","StSLib","The Bug Knight","The Cursed","The Disciple","The Kombatant","The Marked","The Mystic","The Necromancer","The Runesmith","The Senshi"],"gold_per_floor":[112,162,174,186,198,229,241,302,314,352,390,454,466,507,519,531,543,671,692,742,783,821,833,845,857,906,918,978,1053,1065,1185,1232,1256,1268,1280,1280],"floor_reached":35,"language":"ENG","playtime":1831,"items_purged":[],"score":456,"play_id":"fb0a3ccd-07e7-47e7-893f-da347c319cbb","local_time":"20210117173217","is_ascension_mode":false,"campfire_choices":[{"data":"TheCursedMod:NeowsMight","floor":9,"key":"SMITH"},{"data":"TheCursedMod:CleanUpWorkshop","floor":15,"key":"SMITH"},{"data":"TheCursedMod:CircleOfFlame","floor":17,"key":"SMITH"},{"data":"TheCursedMod:HellfireBreathing","floor":25,"key":"SMITH"},{"data":"TheCursedMod:VoidForm","floor":30,"key":"SMITH"},{"floor":34,"key":"REST"}],"circlet_count":0,"master_deck":["TheCursedMod:Strike_TheCursed","TheCursedMod:Strike_TheCursed","TheCursedMod:Strike_TheCursed","TheCursedMod:Strike_TheCursed","TheCursedMod:Defend_TheCursed","TheCursedMod:Defend_TheCursed","TheCursedMod:Defend_TheCursed","TheCursedMod:Defend_TheCursed","TheCursedMod:CursedWand","TheCursedMod:CleanUpWorkshop+1","TheCursedMod:Dregs","TheCursedMod:RavingStaff","Doubt","TheCursedMod:CircleOfFlame+1","Doubt","TheCursedMod:NeowsMight+1","hubris:Disease","TheCursedMod:SpitefulStrike","Replay:Hysterical Blindness","TheCursedMod:VoidForm+1","CurseOfTheBell","ReplayTheSpireMod:Doomed","TheCursedMod:Wield+1","TheCursedMod:HellfireBreathing+1","TheCursedMod:FleshFromBone","Languid","TheCursedMod:ReleasedStrength+1","Replay:Hysterical Blindness","Impatience","Sickly"],"relics":["TheCursedMod:BlackMagic101","NeowsBlessing","Ring of Hypnosis","Ring of Greed","Blue Doll","MawBank","HollowMod:PaleOreRelic","CeramicFish","Blood Vial","Strawberry","infinitespire:EmpoweringShard","hubris:ToyBattleship","Calling Bell","ReplayTheSpireMod:Lightbulb","Replay:WaspNest","StoneCalendar","Replay:Wax Seal","Replay:Baseball","Mango"],"acts_visited":["Exordium","TheCity"],"potions_floor_usage":[12,35,35,35],"damage_taken":[{"damage":0,"enemies":"Small Slimes","floor":1,"turns":1},{"damage":0,"enemies":"Jaw Worm","floor":6,"turns":1},{"damage":0,"enemies":"Lagavulin","floor":8,"turns":1},{"damage":8,"enemies":"3 Sentries","floor":12,"turns":6},{"damage":1,"enemies":"2 Louse","floor":14,"turns":2},{"damage":37,"enemies":"Hexaghost","floor":18,"turns":9},{"damage":20,"enemies":"Spheric Guardian","floor":20,"turns":4},{"damage":20,"enemies":"Shell Parasite","floor":21,"turns":5},{"damage":15,"enemies":"Snake Plant","floor":22,"turns":3},{"damage":8,"enemies":"3 Cultists","floor":26,"turns":3},{"damage":6,"enemies":"Replay:Snechameleon","floor":32,"turns":4},{"damage":30,"enemies":"Sentry and Sphere","floor":33,"turns":4},{"damage":74,"enemies":"Automaton","floor":35,"turns":8}],"seed_played":"-2080500163240665171","potions_obtained":[{"floor":6,"key":"LiquidMemories"},{"floor":12,"key":"Dexterity Potion"},{"floor":18,"key":"Swift Potion"},{"floor":20,"key":"Dexterity Potion"},{"floor":22,"key":"Block Potion"}],"is_trial":false,"path_per_floor":["M","?","PTL","PTL","$","M","?","E","R","T","T","E","$","M","R","?","R","B",null,"M","M","M","?","?","R","M","$","T","T","R","?","E","M","R","B"],"character_chosen":"THE_CURSED","items_purchased":[],"campfire_rested":1,"item_purchase_floors":[],"current_hp_per_floor":[75,75,75,75,75,75,75,75,75,75,82,74,74,75,75,68,68,33,82,62,44,31,34,85,85,77,77,77,77,77,59,69,41,70,0,0],"gold":1280,"neow_bonus":"THREE_ENEMY_KILL","is_daily":false,"chose_seed":false,"campfire_upgraded":5,"win_rate":0.0,"timestamp":1610904737,"path_taken":["M","?","PTL","PTL","$","M","?","E","R","?","T","E","$","M","R","?","R","BOSS","M","M","M","?","?","R","?","?","T","?","R","?","E","?","R","BOSS"],"items_purchased_type":[],"build_version":"2020-12-22","purchased_purges":0,"victory":false,"max_hp_per_floor":[75,75,75,75,75,75,75,75,75,75,82,82,82,82,82,82,82,82,82,82,82,82,85,85,85,85,85,85,85,85,85,99,99,99,99,99],"card_choices":[{"not_picked":["TheCursedMod:SmokeScreen","TheCursedMod:CursedShiv"],"picked":"TheCursedMod:RavingStaff","floor":1},{"not_picked":["TheCursedMod:CursedSpellbook","TheCursedMod:Wield"],"picked":"TheCursedMod:CircleOfFlame","floor":6},{"not_picked":["TheCursedMod:RavingStaff","TheCursedMod:SaltUponWound"],"picked":"TheCursedMod:NeowsMight","floor":8},{"not_picked":["TheCursedMod:VoidForm","TheCursedMod:Stretching"],"picked":"TheCursedMod:FuryStrike","floor":12},{"not_picked":["TheCursedMod:CursedAmulet","TheCursedMod:Grudge"],"picked":"TheCursedMod:SpitefulStrike","floor":14},{"not_picked":["TheCursedMod:DarkBarrier","TheCursedMod:CircleOfAbyss"],"picked":"TheCursedMod:VoidForm","floor":18},{"not_picked":["TheCursedMod:SmokeScreen","TheCursedMod:BloodBarrier+1"],"picked":"TheCursedMod:Wield+1","floor":20},{"not_picked":["TheCursedMod:CursedAmulet+1","TheCursedMod:CursedSpellbook+1"],"picked":"TheCursedMod:HellfireBreathing","floor":21},{"not_picked":["TheCursedMod:SaltUponWound","TheCursedMod:VitalStrike"],"picked":"TheCursedMod:FleshFromBone","floor":22},{"not_picked":["TheCursedMod:SpitefulStrike","TheCursedMod:WearCloak"],"picked":"TheCursedMod:ReleasedStrength+1","floor":26},{"not_picked":["TheCursedMod:SoulReap+1","TheCursedMod:CursedAmulet","TheCursedMod:CircleOfAmplification"],"picked":"SKIP","floor":32},{"not_picked":["TheCursedMod:SpreadPlague","TheCursedMod:SoulCrush","TheCursedMod:CursedBoomerang"],"picked":"SKIP","floor":33}],"player_experience":164596,"relics_obtained":[{"floor":2,"key":"Ring of Hypnosis"},{"floor":2,"key":"Ring of Greed"},{"floor":2,"key":"Blue Doll"},{"floor":2,"key":"MawBank"},{"floor":7,"key":"HollowMod:PaleOreRelic"},{"floor":8,"key":"CeramicFish"},{"floor":10,"key":"Blood Vial"},{"floor":11,"key":"Strawberry"},{"floor":12,"key":"infinitespire:EmpoweringShard"},{"floor":19,"key":"ReplayTheSpireMod:Lightbulb"},{"floor":19,"key":"Replay:WaspNest"},{"floor":19,"key":"StoneCalendar"},{"floor":28,"key":"Replay:Wax Seal"},{"floor":29,"key":"Replay:Baseball"},{"floor":32,"key":"Mango"}],"event_choices":[{"damage_healed":0,"gold_gain":0,"player_choice":"Success","damage_taken":7,"relics_obtained":["hubris:ToyBattleship"],"max_hp_gain":0,"max_hp_loss":0,"event_name":"Scrap Ooze","floor":16,"gold_loss":0},{"cards_removed":["TheCursedMod:FuryStrike"],"damage_healed":51,"gold_gain":0,"player_choice":"Offered Uncommon","damage_taken":0,"max_hp_gain":0,"max_hp_loss":0,"event_name":"Bonfire Elementals","floor":24,"gold_loss":0},{"damage_healed":0,"gold_gain":90,"player_choice":"CARD GOLD ","damage_taken":18,"max_hp_gain":0,"max_hp_loss":0,"event_name":"Knowing Skull","floor":31,"potions_obtained":[],"gold_loss":0,"cards_obtained":["Impatience"]}],"is_beta":false,"boss_relics":[{"not_picked":["Snecko Eye","hubris:RunicObelisk"],"picked":"Calling Bell"}],"items_purged_floors":[],"is_endless":false,"potions_floor_spawned":[6,12,18,20,22,26],"killed_by":"Automaton","ascension_level":0}}