{"host":"jmyzvm1p6bjfuoy1","time":1610841963,"event":{"mods":["2.2 Compatiblity","AchievementEnabler","Aspiration","BaseMod","BetterRewards","Conspire","Hubris","Hunter ??","Jedi Mod","Minty Spire (QoL Compilation)","Permanent Neow","Rare Cards Sparkle","Robot Space Explorer","Shop Mod","Spicy Shops","StSLib","The Runesmith"],"gold_per_floor":[115,65,84,97,97,97,146,171,197,197,197,247,288,301,301,417,417,436,190,190,203,203,203,203,203,226,258,258,258,276,287,287,399,399,419,454,487,207,207,207,238,238,238,256,269,92,120,154,154,154],"floor_reached":51,"language":"ENG","playtime":6245,"items_purged":[],"score":837,"play_id":"8efc4b5c-af10-4c63-b685-09362f7fa1fc","local_time":"20210116190603","is_ascension_mode":false,"campfire_choices":[{"data":"RobotSpaceExplorer:StunGrenade","floor":6.0,"key":"SMITH"},{"floor":10.0,"key":"REST"},{"floor":15.0,"key":"REST"},{"floor":23.0,"key":"REST"},{"floor":25.0,"key":"REST"},{"floor":28.0,"key":"REST"},{"data":"RobotSpaceExplorer:MiniBoosters","floor":42.0,"key":"SMITH"},{"floor":49,"key":"REST"}],"circlet_count":0,"master_deck":["RobotSpaceExplorer:Strike","RobotSpaceExplorer:Strike+1","RobotSpaceExplorer:Strike","RobotSpaceExplorer:Strike","RobotSpaceExplorer:Defend","RobotSpaceExplorer:Defend","RobotSpaceExplorer:Defend","RobotSpaceExplorer:Defend","RobotSpaceExplorer:Scan","RobotSpaceExplorer:MiniLasers+1","RobotSpaceExplorer:GlueShot","conspire:SpireCoStock","RobotSpaceExplorer:StunGrenade+1","RobotSpaceExplorer:Smokescreen","Injury","RobotSpaceExplorer:ShockMissile+1","RobotSpaceExplorer:MiniBoosters+1","RobotSpaceExplorer:BigMissile+1","RobotSpaceExplorer:PlasmaMissile+1","RobotSpaceExplorer:Probe+1","RobotSpaceExplorer:TrailblazerForm","RobotSpaceExplorer:ToxicBomb","RobotSpaceExplorer:Pulsar","RobotSpaceExplorer:MetalStrike+1","RobotSpaceExplorer:StunGrenade+1","RobotSpaceExplorer:DoubleFind+1","RobotSpaceExplorer:Accelerator","RobotSpaceExplorer:Blaster+1","RobotSpaceExplorer:Multitool","Beam Cell+1","Sunder+1","Cold Snap+1","RobotSpaceExplorer:StarLightning+1","Defragment","Writhe","Storm+1","Static Discharge","RobotSpaceExplorer:FrostMissile+1","Lockon+1","RobotSpaceExplorer:GlueShot","Capacitor","Undo"],"relics":["RobotSpaceExplorer:RoboCore","Burning Blood","Molten Egg 2","aspiration:FrozenJewel","Bottled Tornado","MerchantsRug","Strawberry","Vajra","Letter Opener","aspiration:RitualStick","PreservedInsect","aspiration:ArtOfWarUpgrade","Mummified Hand","aspiration:DefectSkillbook","Centennial Puzzle","RobotSpaceExplorer:BottledGravity","conspire:TopHat"],"acts_visited":["Exordium","TheCity","TheBeyond"],"potions_floor_usage":[47,50,50,50],"damage_taken":[{"damage":3.0,"enemies":"conspire:RoseBush","floor":1.0,"turns":3.0},{"damage":2.0,"enemies":"2 Louse","floor":3.0,"turns":2.0},{"damage":5.0,"enemies":"Jaw Worm","floor":4.0,"turns":4.0},{"damage":61.0,"enemies":"Gremlin Nob","floor":7.0,"turns":7.0},{"damage":1.0,"enemies":"Red Slaver","floor":8.0,"turns":5.0},{"damage":14.0,"enemies":"Lagavulin","floor":12.0,"turns":6.0},{"damage":1.0,"enemies":"Exordium Wildlife","floor":13.0,"turns":4.0},{"damage":0.0,"enemies":"2 Fungi Beasts","floor":14.0,"turns":3.0},{"damage":37.0,"enemies":"Hexaghost","floor":16.0,"turns":12.0},{"damage":0.0,"enemies":"Chosen","floor":18.0,"turns":6.0},{"damage":23.0,"enemies":"2 Thieves","floor":21.0,"turns":4.0},{"damage":28.0,"enemies":"Gremlin Leader","floor":27.0,"turns":6.0},{"damage":15.0,"enemies":"Snake Plant","floor":30.0,"turns":5.0},{"damage":6.0,"enemies":"Centurion and Healer","floor":31.0,"turns":7.0},{"damage":0.0,"enemies":"Champ","floor":33.0,"turns":17.0},{"damage":18.0,"enemies":"3 Shapes","floor":35.0,"turns":4.0},{"damage":15.0,"enemies":"Orb Walker","floor":36.0,"turns":3.0},{"damage":24.0,"enemies":"Spire Growth","floor":37.0,"turns":4.0},{"damage":0.0,"enemies":"Giant Head","floor":41.0,"turns":5.0},{"damage":15,"enemies":"Writhing Mass","floor":44,"turns":4},{"damage":6,"enemies":"Jaw Worm Horde","floor":45,"turns":4},{"damage":37,"enemies":"Nemesis","floor":47,"turns":3},{"damage":0,"enemies":"Maw","floor":48,"turns":5},{"damage":31,"enemies":"Awakened One","floor":50,"turns":9}],"seed_played":"5567767933850351193","potions_obtained":[{"floor":3.0,"key":"PowerPotion"},{"floor":4.0,"key":"jedi:StrikingPotion"},{"floor":7.0,"key":"SneckoOil"},{"floor":8.0,"key":"Strength Potion"},{"floor":14.0,"key":"ColorlessPotion"},{"floor":16.0,"key":"SkillPotion"},{"floor":18.0,"key":"EssenceOfSteel"},{"floor":21.0,"key":"jedi:hoardpotion"},{"floor":30.0,"key":"DuplicationPotion"},{"floor":37.0,"key":"Strength Potion"},{"floor":44,"key":"Weak Potion"},{"floor":45,"key":"jedi:StrikingPotion"},{"floor":47,"key":"Dexterity Potion"}],"is_trial":false,"path_per_floor":["M","?","M","M","?","R","E","M","T","R","T","E","M","M","R","B",null,"M","$","?","M","T","R","?","R","T","E","R","T","M","M","R","B",null,"M","M","M","$","?","R","E","R","T","M","M","$","E","M","R","B",null],"character_chosen":"RobotSpaceExplorer","items_purchased":["MerchantsRug","Strawberry","Vajra","RobotSpaceExplorer:StarLightning+1","Defragment","Regen Potion","jedi:wingpotion","Lockon+1","DuplicationPotion","RobotSpaceExplorer:GlueShot"],"campfire_rested":6,"item_purchase_floors":[19,19,19,38,38,38,38,46,46,46],"current_hp_per_floor":[75,75,75,75,75,75,20,25,25,47,47,39,44,50,72,41,75,75,82,82,65,65,82,66,82,82,60,82,82,73,73,73,79,82,70,61,43,43,64,64,82,82,82,73,73,73,42,48,72,47],"gold":154,"neow_bonus":"NOSTALGIA","is_daily":false,"chose_seed":false,"campfire_upgraded":2,"win_rate":0.0,"timestamp":1610841963,"path_taken":["M","?","M","M","?","R","E","M","T","R","?","E","?","M","R","BOSS","M","$","?","M","?","R","?","R","T","E","R","?","?","M","R","BOSS","M","M","M","$","?","R","E","R","T","M","M","$","E","M","R","BOSS"],"items_purchased_type":["Relic","Relic","Relic","Card","Card","Potion","Potion","Card","Potion","Card"],"build_version":"2020-12-22","purchased_purges":0,"victory":true,"max_hp_per_floor":[75,75,75,75,75,75,75,75,75,75,75,75,75,75,75,75,75,75,82,82,82,82,82,82,82,82,82,82,82,82,82,82,82,82,82,82,82,82,82,82,82,82,82,82,82,82,82,82,82,82],"card_choices":[{"not_picked":["RobotSpaceExplorer:ScrapShield","RobotSpaceExplorer:SwiftStep"],"picked":"RobotSpaceExplorer:GlueShot","floor":1.0},{"not_picked":["RobotSpaceExplorer:Discharger","RobotSpaceExplorer:MetalStrike"],"picked":"RobotSpaceExplorer:StunGrenade","floor":3.0},{"not_picked":["RobotSpaceExplorer:FranticSearch","RobotSpaceExplorer:Jetpack"],"picked":"RobotSpaceExplorer:Smokescreen","floor":4.0},{"not_picked":["RobotSpaceExplorer:ShovelStrike+1","RobotSpaceExplorer:ScrapMissile+1"],"picked":"RobotSpaceExplorer:ShockMissile+1","floor":7.0},{"not_picked":["RobotSpaceExplorer:Counterblock","RobotSpaceExplorer:SurgingShield"],"picked":"RobotSpaceExplorer:MiniBoosters","floor":8.0},{"not_picked":["RobotSpaceExplorer:Pulsar","RobotSpaceExplorer:MakeshiftVolley+1"],"picked":"RobotSpaceExplorer:BigMissile+1","floor":12.0},{"not_picked":["RobotSpaceExplorer:MetalStrike+1","RobotSpaceExplorer:GlueSpray"],"picked":"RobotSpaceExplorer:PlasmaMissile+1","floor":13.0},{"not_picked":["RobotSpaceExplorer:SlimeMissile+1","RobotSpaceExplorer:ScrapMissile+1"],"picked":"RobotSpaceExplorer:Probe+1","floor":14.0},{"not_picked":["RobotSpaceExplorer:Accelerator","RobotSpaceExplorer:Exploration"],"picked":"RobotSpaceExplorer:TrailblazerForm","floor":16.0},{"not_picked":["RobotSpaceExplorer:ShockKick+1","RobotSpaceExplorer:Calculate+1"],"picked":"RobotSpaceExplorer:ToxicBomb","floor":18.0},{"not_picked":["RobotSpaceExplorer:SlimeMissile+1","RobotSpaceExplorer:ImprovisedAttack+1"],"picked":"RobotSpaceExplorer:Pulsar","floor":21.0},{"not_picked":["RobotSpaceExplorer:ShovelStrike+1","RobotSpaceExplorer:SurgingShield"],"picked":"RobotSpaceExplorer:MetalStrike+1","floor":27.0},{"not_picked":["RobotSpaceExplorer:ImprovisedAttack+1","RobotSpaceExplorer:Smokescreen"],"picked":"RobotSpaceExplorer:StunGrenade+1","floor":30.0},{"not_picked":["RobotSpaceExplorer:SwiftStep","RobotSpaceExplorer:GlueShot"],"picked":"RobotSpaceExplorer:DoubleFind+1","floor":31.0},{"not_picked":["RobotSpaceExplorer:SlimeMissile+1","RobotSpaceExplorer:GlueShot+1","Go for the Eyes+1"],"picked":"Beam Cell+1","floor":35.0},{"not_picked":["Steam+1","RobotSpaceExplorer:Autoloader","RobotSpaceExplorer:SurgingShield+1"],"picked":"Sunder+1","floor":36.0},{"not_picked":["Skim+1","RobotSpaceExplorer:Counterblock+1","Recycle+1"],"picked":"Cold Snap+1","floor":37.0},{"not_picked":["Rebound+1","Hologram+1","hubris:Ukulele+1"],"picked":"Storm+1","floor":41.0},{"not_picked":["RobotSpaceExplorer:Counterblock","Beam Cell+1","Hologram"],"picked":"Static Discharge","floor":44},{"not_picked":["Stack","RobotSpaceExplorer:MiniDrones+1","Redo"],"picked":"RobotSpaceExplorer:FrostMissile+1","floor":45},{"not_picked":["RobotSpaceExplorer:ShockKick+1","hubris:Ukulele+1","RobotSpaceExplorer:ShovelStrike+1"],"picked":"Capacitor","floor":47},{"not_picked":["Coolheaded+1","RobotSpaceExplorer:SelfCleaning","RobotSpaceExplorer:SurgingStrike+1"],"picked":"Undo","floor":48}],"player_experience":293203,"relics_obtained":[{"floor":9.0,"key":"Whetstone"},{"floor":11.0,"key":"aspiration:FrozenJewel"},{"floor":12.0,"key":"Bottled Tornado"},{"floor":22.0,"key":"Letter Opener"},{"floor":26.0,"key":"PreservedInsect"},{"floor":27.0,"key":"Art of War"},{"floor":29.0,"key":"Mummified Hand"},{"floor":41.0,"key":"Centennial Puzzle"},{"floor":43,"key":"RobotSpaceExplorer:BottledGravity"},{"floor":47,"key":"conspire:TopHat"}],"event_choices":[{"damage_healed":0.0,"max_hp_gain":0.0,"max_hp_loss":0.0,"gold_gain":0.0,"event_name":"conspire:Investor","player_choice":"Invest 1","floor":2.0,"gold_loss":0.0,"damage_taken":0.0},{"damage_healed":0.0,"max_hp_gain":0.0,"max_hp_loss":0.0,"gold_gain":0.0,"event_name":"Vampires","player_choice":"Ignored","floor":20.0,"gold_loss":0.0,"damage_taken":0.0},{"damage_healed":21.0,"max_hp_gain":0.0,"max_hp_loss":0.0,"gold_gain":0.0,"event_name":"Winding Halls","player_choice":"Writhe","floor":39.0,"gold_loss":0.0,"damage_taken":0.0,"cards_obtained":["Writhe"]}],"is_beta":false,"boss_relics":[{"not_picked":["Astrolabe","Ectoplasm"],"picked":"aspiration:FutureDiary"},{"not_picked":["Runesmith:UraniumAnvil","hubris:RunicObelisk"],"picked":"aspiration:DefectSkillbook"}],"items_purged_floors":[],"is_endless":false,"potions_floor_spawned":[3,4,7,8,14,16,18,21,30,37,44,45,47],"ascension_level":0}}