{"host":"u1dfzl6o6mfmauc3","time":1610857995,"event":{"mods":["2.2 Compatiblity","AchievementEnabler","Bard","BaseMod","Block Reminder","Challenge The Spire","Dark Map","Hermit","Minty Spire (QoL Compilation)","Relic Stats","Robot Space Explorer","StSLib","The Cursed","The Disciple"],"gold_per_floor":[214,21,31,31,106,134,150,183,183,183,183,33,51,62,62,164,164,178,93,93,14,14,70,0,0,0,0,17,17,17,31,31,128,128,140,159,4,4,20,20,45,45],"floor_reached":41,"language":"ENG","playtime":4395,"items_purged":["Defend_P","Prostrate"],"score":488,"play_id":"7a780e34-dde8-4a48-8c79-9b614ab9b780","local_time":"20210116233315","is_ascension_mode":true,"campfire_choices":[{"data":"FlurryOfBlows","floor":11,"key":"SMITH"},{"floor":15,"key":"REST"},{"floor":25,"key":"REST"},{"data":"Strike_P","floor":27,"key":"PURGE"},{"floor":29,"key":"REST"},{"floor":32,"key":"REST"},{"data":"Strike_P","floor":40,"key":"PURGE"}],"circlet_count":0,"master_deck":["Strike_P","Defend_P","Defend_P","Defend_P","Eruption","Vigilance","ThirdEye","Nirvana","Conclude","FlurryOfBlows+1","Crescendo","CutThroughFate","Wish","EmptyBody","Wallop","Necronomicurse","BowlingBash","Wireheading","FearNoEvil","Ragnarok+1","SashWhip+1","WaveOfTheHand+1","Ragnarok","LikeWater"],"relics":["PureWater","Orichalcum","CaptainsWheel","Pear","Bottled Lightning","Fusion Hammer","Peace Pipe","Necronomicon","Potion Belt","Pantograph","Coffee Dripper"],"acts_visited":["Exordium","TheCity","TheBeyond"],"potions_floor_usage":[8,8,16,18,20,20,33,41,41],"damage_taken":[{"damage":5,"enemies":"2 Louse","floor":1,"turns":4},{"damage":0,"enemies":"Small Slimes","floor":3,"turns":2},{"damage":22,"enemies":"Gremlin Nob","floor":6,"turns":3},{"damage":0,"enemies":"Cultist","floor":7,"turns":3},{"damage":0,"enemies":"Lagavulin","floor":8,"turns":4},{"damage":0,"enemies":"3 Louse","floor":13,"turns":1},{"damage":2,"enemies":"Large Slime","floor":14,"turns":2},{"damage":28,"enemies":"Hexaghost","floor":16,"turns":9},{"damage":14,"enemies":"2 Thieves","floor":18,"turns":4},{"damage":0,"enemies":"3 Byrds","floor":20,"turns":2},{"damage":46,"enemies":"Slavers","floor":23,"turns":10},{"damage":11,"enemies":"Shelled Parasite and Fungi","floor":28,"turns":5},{"damage":21,"enemies":"Snake Plant","floor":31,"turns":4},{"damage":58,"enemies":"Collector","floor":33,"turns":9},{"damage":0,"enemies":"3 Darklings","floor":35,"turns":2},{"damage":0,"enemies":"Orb Walker","floor":36,"turns":1},{"damage":55,"enemies":"Maw","floor":39,"turns":4},{"damage":15,"enemies":"4 Shapes","floor":41,"turns":8}],"seed_played":"5237602484167375896","potions_obtained":[{"floor":3,"key":"StancePotion"},{"floor":6,"key":"FearPotion"},{"floor":13,"key":"Strength Potion"},{"floor":14,"key":"LiquidBronze"},{"floor":18,"key":"SmokeBomb"},{"floor":23,"key":"Explosive Potion"},{"floor":28,"key":"Dexterity Potion"},{"floor":39,"key":"BlessingOfTheForge"}],"is_trial":false,"path_per_floor":["M","$","M","?","?","E","M","E","T","?","R","$","M","M","R","B",null,"M","?","M","$","?","E","?","R","T","R","M","R","$","M","R","B",null,"M","M","$","?","M","R","M"],"character_chosen":"WATCHER","items_purchased":["Nirvana","Conclude","Block Potion","Wallop","Ragnarok"],"campfire_rested":4,"item_purchase_floors":[2,2,12,21,37],"current_hp_per_floor":[67,67,67,55,44,22,22,32,32,32,32,32,32,30,54,26,82,68,68,68,68,52,6,6,30,30,30,19,43,43,22,46,13,82,82,82,82,82,27,27,12,12],"gold":45,"neow_bonus":"HUNDRED_GOLD","is_daily":false,"chose_seed":false,"campfire_upgraded":1,"win_rate":0.0,"timestamp":1610857995,"path_taken":["M","$","M","?","?","E","M","E","T","?","R","$","M","M","R","BOSS","M","?","M","$","?","E","?","R","T","R","M","R","$","M","R","BOSS","M","M","$","?","M","R","M"],"items_purchased_type":["Card","Card","Potion","Card","Card"],"build_version":"2020-12-22","purchased_purges":2,"victory":false,"max_hp_per_floor":[72,72,72,72,72,72,72,82,82,82,82,82,82,82,82,82,82,82,82,82,82,82,82,82,82,82,82,82,82,82,82,82,82,82,82,82,82,82,82,82,82,82],"relic_stats":{"Peace Pipe":2,"counters":[18,77],"Pantograph":25,"Necronomicon":[18],"Orichalcum":[66],"obtain_stats":[{"Peace Pipe":19,"Potion Belt":23,"CaptainsWheel":6,"Pear":8,"Pantograph":26,"Fusion Hammer":17,"Necronomicon":22,"Coffee Dripper":34,"Bottled Lightning":9,"PureWater":0,"Orichalcum":4},{"Peace Pipe":9,"Potion Belt":11,"CaptainsWheel":3,"Pear":5,"Pantograph":11,"Fusion Hammer":8,"Necronomicon":10,"Coffee Dripper":14,"Bottled Lightning":5,"PureWater":0,"Orichalcum":2},{"Peace Pipe":32,"Potion Belt":44,"CaptainsWheel":9,"Pear":16,"Pantograph":44,"Fusion Hammer":28,"Necronomicon":34,"Coffee Dripper":62,"Bottled Lightning":16,"PureWater":0,"Orichalcum":6}]},"card_choices":[{"not_picked":["Prostrate","FollowUp"],"picked":"ThirdEye","floor":1},{"not_picked":["Fasting2","Evaluate"],"picked":"FlurryOfBlows","floor":3},{"not_picked":["Halt","Protect"],"picked":"Crescendo","floor":6},{"not_picked":["SignatureMove","Nirvana","FlurryOfBlows"],"picked":"SKIP","floor":7},{"not_picked":["Evaluate","Crescendo","BattleHymn"],"picked":"SKIP","floor":8},{"not_picked":["Swivel","Halt"],"picked":"CutThroughFate","floor":13},{"not_picked":["ReachHeaven","FlyingSleeves","Pray"],"picked":"SKIP","floor":14},{"not_picked":["Brilliance","MasterReality"],"picked":"Wish","floor":16},{"not_picked":["Crescendo","Protect"],"picked":"EmptyBody","floor":18},{"not_picked":["EmptyBody","DeusExMachina"],"picked":"BowlingBash","floor":23},{"not_picked":["ThirdEye+1","FlurryOfBlows+1"],"picked":"Wireheading","floor":28},{"not_picked":["Protect","Worship"],"picked":"FearNoEvil","floor":31},{"not_picked":["Blasphemy","Judgement"],"picked":"Ragnarok","floor":33},{"not_picked":["Crescendo","Halt"],"picked":"SashWhip+1","floor":35},{"not_picked":["Indignation","Consecrate"],"picked":"WaveOfTheHand+1","floor":36},{"not_picked":["Wireheading+1","Prostrate"],"picked":"LikeWater","floor":39}],"player_experience":91582,"relics_obtained":[{"floor":6,"key":"CaptainsWheel"},{"floor":8,"key":"Pear"},{"floor":9,"key":"Bottled Lightning"},{"floor":22,"key":"Necronomicon"},{"floor":23,"key":"Potion Belt"},{"floor":26,"key":"Pantograph"}],"event_choices":[{"damage_healed":0,"gold_gain":0,"player_choice":"Success","damage_taken":12,"relics_obtained":["Orichalcum"],"max_hp_gain":0,"max_hp_loss":0,"event_name":"Scrap Ooze","floor":4,"gold_loss":0},{"damage_healed":0,"gold_gain":75,"player_choice":"Gather Gold","damage_taken":11,"max_hp_gain":0,"max_hp_loss":0,"event_name":"World of Goop","floor":5,"gold_loss":0},{"damage_healed":0,"gold_gain":0,"cards_transformed":["Strike_P"],"player_choice":"Transformed","damage_taken":0,"max_hp_gain":0,"max_hp_loss":0,"event_name":"Transmorgrifier","floor":10,"gold_loss":0,"cards_obtained":["Prostrate"]},{"damage_healed":0,"gold_gain":0,"player_choice":"Obtained Relic","damage_taken":0,"relics_obtained":["Peace Pipe"],"max_hp_gain":0,"max_hp_loss":0,"event_name":"Addict","floor":19,"gold_loss":85},{"damage_healed":0,"gold_gain":0,"player_choice":"Obtained Book","damage_taken":16,"max_hp_gain":0,"max_hp_loss":0,"event_name":"Cursed Tome","floor":22,"gold_loss":0},{"damage_healed":0,"gold_gain":0,"player_choice":"Paid Fearfully","damage_taken":0,"max_hp_gain":0,"max_hp_loss":0,"event_name":"Masked Bandits","floor":24,"gold_loss":70},{"damage_healed":0,"gold_gain":0,"player_choice":"Upgraded","damage_taken":0,"max_hp_gain":0,"max_hp_loss":0,"event_name":"Upgrade Shrine","floor":38,"gold_loss":0,"cards_upgraded":["Ragnarok"]}],"is_beta":false,"boss_relics":[{"not_picked":["Tiny House","Empty Cage"],"picked":"Fusion Hammer"},{"not_picked":["HolyWater","VioletLotus"],"picked":"Coffee Dripper"}],"items_purged_floors":[2,12],"is_endless":false,"potions_floor_spawned":[3,6,13,14,18,23,28,39],"killed_by":"4 Shapes","ascension_level":2}}