{"host":"17xjy7b7ubl548g2","time":1610850668,"event":{"mods":["2.2 Compatiblity","Act Like it!","Aspiration","Astrologer","Bard","BaseMod","Bestiary","Challenge The Spire","ChefMod","Colored Map","Conspire","Elementarium","Energized Spire","Gensokyo","GifTheSpireLib","Halation","Hallownest","Hubris","Infinite Spire","Jedi Mod","Jorbs\u0027s Wanderer Trilogy","Marisa（霧雨　魔理沙）","Marked Mod","Menagerie","Minty Spire (QoL Compilation)","Pale of the Ancients","Permanent Neow","Puzzle Mod","Replay The Spire","Robot Space Explorer","Spicy Shops","StSLib","Stuff the Spire","The Blue Laboratory","The Bug Knight","The Construct","The Disciple","The Factory","The Hayseed","The Hierophant","The Marked","The Runesmith","The Sage","TheFirefly"],"gold_per_floor":[113,113,128,128,155,155,167,167,190,202,216,245,245,272,272,370,370,390,409,203,203,214,214,214,214],"floor_reached":24,"language":"ENG","playtime":1671,"items_purged":[],"score":271,"play_id":"21f6e39e-fd81-45f0-99c7-5c81b0f96008","local_time":"20210116213108","is_ascension_mode":true,"campfire_choices":[{"data":"theMarked:BanishingWave","floor":6,"key":"SMITH"},{"data":"theMarked:SoldierOfQuellstein","floor":8,"key":"SMITH"},{"data":"theMarked:Polarize","floor":13,"key":"SMITH"},{"data":"theMarked:TwofoldDefense","floor":13,"key":"SMITH"},{"data":"theMarked:Strike","floor":15,"key":"PURGE"},{"data":"theMarked:ComboAttacks","floor":23,"key":"SMITH"},{"data":"theMarked:StartUp","floor":23,"key":"SMITH"}],"circlet_count":0,"master_deck":["theMarked:Strike","theMarked:Strike","theMarked:Strike","theMarked:Strike","theMarked:Defend","theMarked:Defend","theMarked:Defend","theMarked:Defend","theMarked:SoldierOfQuellstein+1","theMarked:BanishingWave+1","theMarked:ResourceFulStrike","theMarked:Polarize+1","theMarked:Parkour","theMarked:TwofoldDefense+1","theMarked:WastefulDefense","theMarked:TakeOffHeels","theMarked:DispelDoubt","theMarked:StartUp+1","Gensokyo:RPG","theMarked:ComboAttacks+1","theMarked:AttractMetal+1"],"relics":["theMarked:ArtifactOfAir","Gensokyo:Justice","Oddly Smooth Stone","jedi:arcanewood","halation:PenCase","construct:BoolHorns","hubris:Backtick","aspiration:HatOfInfinitePower","StuffTheSpire:BottledEssence","Strawberry"],"acts_visited":["Exordium","Gensokyo:Gensokyo"],"potions_floor_usage":[12,14,19,24],"damage_taken":[{"damage":0,"enemies":"Gensokyo:3_Fairies","floor":1,"turns":4},{"damage":0,"enemies":"Gensokyo:Python","floor":3,"turns":2},{"damage":2,"enemies":"Gensokyo:Gryphon","floor":7,"turns":3},{"damage":0,"enemies":"Gensokyo:LivingMonolith","floor":10,"turns":3},{"damage":0,"enemies":"Gensokyo:5_Fairies","floor":11,"turns":3},{"damage":16,"enemies":"Gensokyo:Cirno","floor":12,"turns":5},{"damage":12,"enemies":"Gensokyo:Aya","floor":14,"turns":3},{"damage":16,"enemies":"Gensokyo:Reimu","floor":16,"turns":6},{"damage":4,"enemies":"Gensokyo:2_Gloops","floor":18,"turns":4},{"damage":2,"enemies":"Gensokyo:3_Dogs","floor":19,"turns":3},{"damage":27,"enemies":"Gensokyo:Slime_Group","floor":22,"turns":6},{"damage":39,"enemies":"Gensokyo:Tenshi","floor":24,"turns":3}],"seed_played":"2581395997014829885","potions_obtained":[{"floor":7,"key":"FearPotion"},{"floor":10,"key":"Weak Potion"},{"floor":14,"key":"blueLaboratory:BubblePotion"},{"floor":18,"key":"jedi:tentaclejuice"},{"floor":19,"key":"blueLaboratory:BottleOfRum"}],"is_trial":false,"path_per_floor":["M","?","M","?","T","R","M","R","T","M","M","E","R","E","R_BF","B",null,"M","M","COS","?","M","R","E"],"character_chosen":"THE_DEFAULT","items_purchased":[],"campfire_rested":0,"item_purchase_floors":[],"current_hp_per_floor":[63,63,63,63,63,63,61,61,61,61,61,45,45,33,33,17,57,53,51,51,51,24,24,0,0],"gold":214,"neow_bonus":"RANDOM_COLORLESS","is_daily":false,"chose_seed":false,"campfire_upgraded":6,"win_rate":0.0,"timestamp":1610850668,"path_taken":["M","?","M","?","?","R","?","R","T","M","M","E","R","E","R_BF","BOSS","M","M","COS","?","?","R","E"],"items_purchased_type":[],"build_version":"2020-12-22","purchased_purges":0,"victory":false,"max_hp_per_floor":[70,70,70,70,70,70,70,70,70,70,70,70,70,70,70,70,70,70,70,70,70,70,70,77,77],"card_choices":[{"not_picked":["Panacea","ReplayTheSpireMod:Trickstab"],"picked":"jedi:forcepush","floor":0},{"not_picked":["theMarked:EnhanceMovement","theMarked:Static"],"picked":"theMarked:BanishingWave","floor":1},{"not_picked":["theMarked:SwordAndMagic","theMarked:WastefulDefense"],"picked":"theMarked:ResourceFulStrike","floor":3},{"not_picked":["theMarked:Panic","theMarked:Improvise"],"picked":"theMarked:Polarize","floor":7},{"not_picked":["theMarked:WastefulAttack","theMarked:CreepingChasm"],"picked":"theMarked:Parkour","floor":10},{"not_picked":["theMarked:ElectricStrings","theMarked:HeightenedSenses"],"picked":"theMarked:TwofoldDefense","floor":11},{"not_picked":["theMarked:Improvise","theMarked:ChannelForce"],"picked":"theMarked:WastefulDefense","floor":12},{"not_picked":["theMarked:Reabsorb","theMarked:AttractMetal"],"picked":"theMarked:TakeOffHeels","floor":14},{"not_picked":["theMarked:Vacuum","theMarked:Snap"],"picked":"theMarked:DispelDoubt","floor":16},{"not_picked":["theMarked:RepellingDischarge","theMarked:ResourceFulStrike"],"picked":"theMarked:StartUp","floor":18},{"not_picked":["theMarked:Aftermath","theMarked:DeterminationOfTheMarked","theMarked:SwordAndMagic"],"picked":"SKIP","floor":19},{"not_picked":["theMarked:Overcharge","theMarked:StartUp"],"picked":"theMarked:AttractMetal+1","floor":22}],"player_experience":1808743,"relics_obtained":[{"floor":5,"key":"Oddly Smooth Stone"},{"floor":9,"key":"jedi:arcanewood"},{"floor":12,"key":"halation:PenCase"},{"floor":14,"key":"construct:BoolHorns"}],"event_choices":[{"damage_healed":0,"gold_gain":0,"player_choice":"Leave","damage_taken":0,"max_hp_gain":0,"max_hp_loss":0,"event_name":"conspire:Investor","floor":4,"gold_loss":0}],"is_beta":false,"boss_relics":[{"not_picked":["conspire:RunicOctahedron","energizedSpire:EnergizedDie"],"picked":"hubris:Backtick"}],"items_purged_floors":[],"is_endless":false,"potions_floor_spawned":[7,10,14,18,19],"killed_by":"Gensokyo:Tenshi","ascension_level":7}}