{"host":"vl29iwkwnyytuw8q","time":1610841632,"event":{"mods":["BaseMod","Minty Spire (QoL Compilation)","Permanent Neow","Relic Stats","StSLib"],"gold_per_floor":[18,18,43,43,43,43,68,83,162,195,220,220,245,245,245],"floor_reached":14,"language":"ENG","playtime":411,"items_purged":[],"score":184,"play_id":"0a1a6cf4-ad6e-4ca6-a4df-798dd0b0c313","local_time":"20210117010032","is_ascension_mode":true,"campfire_choices":[{"data":"Phantasmal Killer","floor":6.0,"key":"SMITH"}],"circlet_count":0,"master_deck":["AscendersBane","Strike_G","Strike_G","Strike_G","Strike_G","Strike_G","Defend_G","Defend_G","Defend_G","Defend_G","Defend_G","Survivor","Neutralize","Phantasmal Killer+1","PiercingWail","Quick Slash","Caltrops","Endless Agony","Deadly Poison","Slice","Dagger Spray","Decay","Cloak And Dagger"],"relics":["Ring of the Snake","Golden Idol","Kunai","Snake Skull"],"acts_visited":["Exordium"],"potions_floor_usage":[],"damage_taken":[{"damage":13.0,"enemies":"Jaw Worm","floor":1.0,"turns":7.0},{"damage":4.0,"enemies":"Small Slimes","floor":3.0,"turns":6.0},{"damage":0.0,"enemies":"2 Louse","floor":7.0,"turns":2.0},{"damage":12.0,"enemies":"Exordium Thugs","floor":8.0,"turns":4.0},{"damage":25.0,"enemies":"3 Sentries","floor":10.0,"turns":10.0},{"damage":6.0,"enemies":"Blue Slaver","floor":11.0,"turns":4.0},{"damage":8.0,"enemies":"3 Louse","floor":13.0,"turns":4.0},{"damage":2,"enemies":"Gremlin Nob","floor":14,"turns":2}],"seed_played":"8787358946945550889","potions_obtained":[{"floor":3.0,"key":"DuplicationPotion"},{"floor":8.0,"key":"Weak Potion"},{"floor":10.0,"key":"Regen Potion"},{"floor":13.0,"key":"Strength Potion"}],"is_trial":false,"path_per_floor":["M","?","M","?","?","R","M","M","T","E","M","?","M","E"],"character_chosen":"THE_SILENT","items_purchased":[],"campfire_rested":0,"item_purchase_floors":[],"current_hp_per_floor":[46,46,42,42,42,42,42,30,30,5,13,13,5,3,3],"gold":245,"neow_bonus":"THREE_RARE_CARDS","is_daily":false,"chose_seed":false,"campfire_upgraded":1,"win_rate":0.0,"timestamp":1610841632,"path_taken":["M","?","M","?","?","R","M","M","T","E","?","?","M","E"],"items_purchased_type":[],"build_version":"2020-12-22","purchased_purges":0,"victory":false,"max_hp_per_floor":[66,66,66,66,66,66,66,66,66,66,66,66,66,66,66],"relic_stats":{"counters":[8,39],"Golden Idol":30,"Snake Skull":[3],"Kunai":[4],"obtain_stats":[{"Golden Idol":2,"Snake Skull":10,"Kunai":9,"Ring of the Snake":0},{"Golden Idol":1,"Snake Skull":5,"Kunai":4,"Ring of the Snake":0},{"Golden Idol":7,"Snake Skull":29,"Kunai":19,"Ring of the Snake":0}],"Ring of the Snake":[16]},"card_choices":[{"not_picked":["Burst","A Thousand Cuts"],"picked":"Phantasmal Killer","floor":0.0},{"not_picked":["Bane","Prepared"],"picked":"PiercingWail","floor":1.0},{"not_picked":["Reflex","Choke"],"picked":"Quick Slash","floor":3.0},{"not_picked":["Quick Slash","Bane"],"picked":"Endless Agony","floor":7.0},{"not_picked":["Predator","Underhanded Strike"],"picked":"Deadly Poison","floor":8.0},{"not_picked":["Choke","Die Die Die"],"picked":"Slice","floor":10.0},{"not_picked":["Tactician","Outmaneuver"],"picked":"Dagger Spray","floor":11.0},{"not_picked":["Skewer","Catalyst"],"picked":"Cloak And Dagger","floor":13.0}],"player_experience":629323,"relics_obtained":[{"floor":9.0,"key":"Kunai"},{"floor":10.0,"key":"Snake Skull"}],"event_choices":[{"damage_healed":0.0,"max_hp_gain":0.0,"max_hp_loss":0.0,"gold_gain":0.0,"event_name":"Golden Idol","player_choice":"Take Wound","floor":2.0,"gold_loss":0.0,"damage_taken":0.0,"relics_obtained":["Golden Idol"],"cards_obtained":["Injury"]},{"cards_removed":["Injury"],"damage_healed":0.0,"max_hp_gain":0.0,"max_hp_loss":0.0,"gold_gain":0.0,"event_name":"Living Wall","player_choice":"Forget","floor":4.0,"gold_loss":0.0,"damage_taken":0.0},{"damage_healed":0.0,"max_hp_gain":0.0,"max_hp_loss":0.0,"gold_gain":0.0,"event_name":"Match and Keep!","player_choice":"1 cards matched","floor":5.0,"gold_loss":0.0,"damage_taken":0.0,"cards_obtained":["Caltrops"]},{"damage_healed":0.0,"max_hp_gain":0.0,"max_hp_loss":0.0,"gold_gain":0.0,"event_name":"Wheel of Change","player_choice":"Cursed","floor":12.0,"gold_loss":0.0,"damage_taken":0.0,"cards_obtained":["Decay"]}],"is_beta":false,"boss_relics":[],"items_purged_floors":[],"is_endless":false,"potions_floor_spawned":[3,8,10,13],"killed_by":"Gremlin Nob","ascension_level":20}}