{"host":"vl29iwkwnyytuw8q","time":1610896671,"event":{"mods":["BaseMod","Minty Spire (QoL Compilation)","Permanent Neow","Relic Stats","StSLib"],"gold_per_floor":[119,135,154,166,185,185,220,220,247,247,272,291,291,291],"floor_reached":13,"language":"ENG","playtime":526,"items_purged":[],"score":179,"play_id":"88e4dd2f-cbcd-48ef-8c44-1239ee293e68","local_time":"20210117161751","is_ascension_mode":true,"campfire_choices":[{"data":"Searing Blow","floor":6,"key":"SMITH"},{"data":"Armaments","floor":8,"key":"SMITH"}],"circlet_count":0,"master_deck":["AscendersBane","Strike_R","Strike_R","Strike_R","Strike_R","Strike_R","Defend_R","Defend_R","Defend_R","Defend_R","Bash","Rage","Searing Blow+1","Shrug It Off","Armaments+1","Feed","Doubt","Pain","Reaper","Anger"],"relics":["Cursed Key","Red Skull","Dream Catcher","Pen Nib","Strawberry"],"acts_visited":["Exordium"],"potions_floor_usage":[7,7],"damage_taken":[{"damage":2,"enemies":"Cultist","floor":1,"turns":4},{"damage":7,"enemies":"Jaw Worm","floor":2,"turns":3},{"damage":1,"enemies":"Small Slimes","floor":3,"turns":3},{"damage":6,"enemies":"Exordium Wildlife","floor":4,"turns":4},{"damage":6,"enemies":"2 Fungi Beasts","floor":5,"turns":4},{"damage":7,"enemies":"3 Sentries","floor":7,"turns":8},{"damage":33,"enemies":"Lagavulin","floor":11,"turns":6},{"damage":12,"enemies":"Exordium Thugs","floor":12,"turns":4},{"damage":28,"enemies":"3 Sentries","floor":13,"turns":6}],"seed_played":"6382391530573159026","potions_obtained":[{"floor":1,"key":"GamblersBrew"},{"floor":2,"key":"LiquidMemories"}],"is_trial":false,"path_per_floor":["M","M","M","M","M","R","E","R","T","T","E","M","E"],"character_chosen":"IRONCLAD","items_purchased":[],"campfire_rested":0,"item_purchase_floors":[],"current_hp_per_floor":[66,59,58,52,46,46,39,39,39,39,17,13,0,0],"gold":291,"neow_bonus":"BOSS_RELIC","is_daily":false,"chose_seed":false,"campfire_upgraded":2,"win_rate":0.0,"timestamp":1610896671,"path_taken":["M","M","M","?","M","R","E","R","T","?","E","M","E"],"items_purchased_type":[],"build_version":"2020-12-22","purchased_purges":0,"victory":false,"max_hp_per_floor":[75,75,75,75,75,75,75,75,75,75,86,89,89,89],"relic_stats":{"Dream Catcher":0,"counters":[9,42],"Pen Nib":[2],"Cursed Key":2,"obtain_stats":[{"Dream Catcher":9,"Strawberry":11,"Pen Nib":10,"Cursed Key":0,"Burning Blood":0,"Red Skull":7},{"Dream Catcher":6,"Strawberry":7,"Pen Nib":6,"Cursed Key":0,"Burning Blood":0,"Red Skull":6},{"Dream Catcher":26,"Strawberry":32,"Pen Nib":26,"Cursed Key":0,"Burning Blood":0,"Red Skull":26}]},"card_choices":[{"not_picked":["Sever Soul","Fire Breathing"],"picked":"Rage","floor":1},{"not_picked":["Havoc","Iron Wave"],"picked":"Searing Blow","floor":2},{"not_picked":["Pummel","Wild Strike","Perfected Strike"],"picked":"SKIP","floor":3},{"not_picked":["Flex","Evolve"],"picked":"Shrug It Off","floor":4},{"not_picked":["Sword Boomerang","Clothesline"],"picked":"Armaments","floor":5},{"not_picked":["Iron Wave","Ghostly Armor"],"picked":"Feed","floor":7},{"not_picked":["Headbutt","Twin Strike"],"picked":"Reaper","floor":11},{"not_picked":["Iron Wave","Dropkick"],"picked":"Anger","floor":12}],"player_experience":629753,"relics_obtained":[{"floor":7,"key":"Red Skull"},{"floor":9,"key":"Dream Catcher"},{"floor":10,"key":"Pen Nib"},{"floor":11,"key":"Strawberry"}],"event_choices":[],"is_beta":false,"boss_relics":[],"items_purged_floors":[],"is_endless":false,"potions_floor_spawned":[1,2,4,5],"killed_by":"3 Sentries","ascension_level":17}}