{"host":"qj49eghpaxba70kv","time":1610913373,"event":{"mods":["ATMod(阿瑾Mod)","Act Like it!","Arknights The Spire","Aspiration","BaseMod","Dota2Spire","Energized Spire","Gensokyo","GungeonMod","Hermit","Hunter 猎人","KinomotoSakuraMod(木之本樱)","Koishi","Luminous","Minty Spire (QoL Compilation)","Pale of the Ancients","Permanent Neow","Prisma Mod","Quick Restart","Replay The Spire","Robot Space Explorer","StSLib","The Administrix","The Alterego","The Bug Knight","The Construct","The Hierophant","The Marked","The Senshi","UnlockEverythingMod","[GremlinLeader]The Maniac","vexMod","【功能Mod】混沌之环修复补丁","【遗物卡牌】REMEMod","篝火指南"],"gold_per_floor":[116,216,216,235,246,246,274,286,286,302,277,287,90,20,20,20,20],"floor_reached":16,"language":"ZHS","playtime":959,"items_purged":["Pain"],"score":102,"play_id":"46700207-5a25-4f33-ac14-446ab4fc129a","local_time":"20210117135613","is_ascension_mode":false,"campfire_choices":[{"data":"PrismaMod:MiyuCheapChannelDefend","floor":6,"key":"SMITH"},{"floor":15,"key":"REST"}],"circlet_count":1,"master_deck":["PrismaMod:MiyuCommonDefend+1","PrismaMod:MiyuCommonDefend","PrismaMod:MiyuCommonDefend","PrismaMod:MiyuCommonDefend","PrismaMod:MiyuCommonDefend","PrismaMod:MiyuCommonAttack","PrismaMod:MiyuCommonAttack","PrismaMod:MiyuCommonAttack","PrismaMod:MiyuCommonAttack","PrismaMod:MiyuCommonAttack","PrismaMod:MiyuCheapChannelAttack+1","PrismaMod:MiyuCheapChannelDefend+1","PrismaMod:MiyuUberAOEAttack","PrismaMod:MiyuCheapAttack2","PrismaMod:MiyuCheapEvoke","PrismaMod:MiyuCheapChannelRandom","PrismaMod:MiyuOrbIncreasePerm","PrismaMod:MiyuCheapChannelRandom","PrismaMod:MiyuUberAOEAttack","PrismaMod:MiyuUberAttack","PrismaMod:MiyuCheapStrBuff","PrismaMod:MiyuAttackChannelAttack+1"],"relics":["PrismaMod:PrismaSapphire","AT_ATBox","REME_ComplimentaryCards","Gensokyo:LunaticRedEyes","aspiration:SeaSaltIceCream","Circlet","Dota2Spire:OrchidMalevolence"],"acts_visited":["Exordium"],"potions_floor_usage":[],"damage_taken":[{"damage":0,"enemies":"Gensokyo:Gryphon","floor":1,"turns":4},{"damage":4,"enemies":"Gensokyo:2_Kodama","floor":4,"turns":3},{"damage":0,"enemies":"Gensokyo:Python","floor":5,"turns":4},{"damage":14,"enemies":"Gensokyo:Cirno","floor":7,"turns":7},{"damage":14,"enemies":"Gensokyo:Kitsune","floor":8,"turns":3},{"damage":4,"enemies":"Gensokyo:Gryphon_and_Rabbit","floor":10,"turns":5},{"damage":18,"enemies":"Gensokyo:LivingMonolith","floor":12,"turns":4},{"damage":19,"enemies":"Gensokyo:Kokoro","floor":16,"turns":10}],"seed_played":"-6793346514431443208","potions_obtained":[{"floor":1,"key":"Weak Potion"},{"floor":4,"key":"Adrenaline Potion"}],"is_trial":false,"path_per_floor":["M","?","?","M","M","R","E","M","T","M","?","M","$","?","R","B"],"character_chosen":"MIYU","items_purchased":["PrismaMod:MiyuCheapStrBuff","PrismaMod:MiyuAttackChannelAttack"],"campfire_rested":1,"item_purchase_floors":[13,13],"current_hp_per_floor":[75,75,75,71,71,71,57,43,43,39,39,21,21,21,43,28,28],"gold":20,"neow_bonus":"RANDOM_EVENT","is_daily":false,"chose_seed":false,"campfire_upgraded":1,"win_rate":0.0,"timestamp":1610913373,"path_taken":["M","?","?","M","M","R","E","M","T","M","?","M","?","?","R","BOSS"],"items_purchased_type":["Card","Card"],"build_version":"2020-12-22","purchased_purges":1,"victory":false,"max_hp_per_floor":[75,75,75,75,75,75,75,75,75,75,75,75,75,75,75,75,75],"card_choices":[{"not_picked":["PrismaMod:MiyuDefenseExplosion","PrismaMod:MiyuCheapAttack2"],"picked":"PrismaMod:MiyuUberAOEAttack","floor":1},{"not_picked":["PrismaMod:MiyuCommonAOEAttack","PrismaMod:MiyuDefenseExplosion"],"picked":"PrismaMod:MiyuCheapAttack2","floor":4},{"not_picked":["PrismaMod:MiyuCheapDexBuff","PrismaMod:MiyuChristmas"],"picked":"PrismaMod:MiyuCheapEvoke","floor":5},{"not_picked":["PrismaMod:MiyuEvokeBuffDex","PrismaMod:MiyuCommonAOEAttack"],"picked":"PrismaMod:MiyuCheapChannelRandom","floor":7},{"not_picked":["PrismaMod:MiyuUncommonAttack","PrismaMod:MiyuBride"],"picked":"PrismaMod:MiyuOrbIncreasePerm","floor":8},{"not_picked":["PrismaMod:MiyuCheapChannelAttack","PrismaMod:MiyuEvokeCheapDefend"],"picked":"PrismaMod:MiyuUberAOEAttack","floor":10},{"not_picked":["PrismaMod:MiyuAttackChannelWeak","PrismaMod:MiyuCheapAttack1"],"picked":"PrismaMod:MiyuUberAttack","floor":12}],"player_experience":36806,"relics_obtained":[{"floor":7,"key":"aspiration:SeaSaltIceCream"},{"floor":9,"key":"Dota2Spire:OrchidMalevolence"}],"event_choices":[],"is_beta":false,"boss_relics":[],"items_purged_floors":[13],"is_endless":false,"potions_floor_spawned":[1,4],"killed_by":"Gensokyo:Kokoro","ascension_level":0}}