{"host":"hcg1n1zeml53gytb","time":1610909959,"event":{"mods":["BaseMod","Better Third Choice","Colored Powertips","Displayed Cursed Tome","Hermit","Highlight Path","Minty Spire (QoL Compilation)","Quick Restart","Rare Cards Sparkle","Relic Stats","Replay The Spire","StSLib","The Cursed"],"gold_per_floor":[12,27,27,47,47,82,82,111,134,152,164,164,193,193,193,296,296,307,321,341,52,71,71,97,28,28,54,54,70,18,42,42,141,141,141],"floor_reached":34,"language":"ENG","playtime":1716,"items_purged":["Strike_R"],"score":519,"play_id":"34d52130-1692-40cb-a312-3a185c76a80b","local_time":"20210117125919","is_ascension_mode":true,"campfire_choices":[{"data":"Bash","floor":7,"key":"SMITH"},{"data":"Armaments","floor":15,"key":"SMITH"},{"data":"Corruption","floor":23,"key":"SMITH"},{"floor":28,"key":"REST"},{"floor":32,"key":"REST"}],"circlet_count":0,"master_deck":["Strike_R","Strike_R","Defend_R","Defend_R","Defend_R","Bash+1","Clash","Armaments+1","Thunderclap+1","Corruption+1","Shrug It Off","Run Through","Pommel Strike","Rampage","Limit Break","Burning Pact","Clothesline","Flame Barrier","Shrug It Off","Shrug It Off+1","ReplayTheSpireMod:Muscle Training","Feel No Pain","Shrug It Off","Offering"],"relics":["Burning Blood","ReplayFunnel","Bronze Scales","Happy Flower","Art of War","Tiny Chest","Sozu","ReplayTheSpireMod:TigerMarble","King of Hearts","Akabeko","Regal Pillow"],"acts_visited":["Exordium","TheCity"],"potions_floor_usage":[10,12],"damage_taken":[{"damage":1,"enemies":"Small Slimes","floor":1,"turns":5},{"damage":4,"enemies":"Jaw Worm","floor":2,"turns":3},{"damage":0,"enemies":"Cultist","floor":4,"turns":2},{"damage":21,"enemies":"Gremlin Nob","floor":6,"turns":4},{"damage":29,"enemies":"Replay:BlueRogue","floor":8,"turns":5},{"damage":6,"enemies":"Exordium Thugs","floor":10,"turns":3},{"damage":0,"enemies":"3 Louse","floor":11,"turns":3},{"damage":0,"enemies":"Lots of Slimes","floor":12,"turns":1},{"damage":19,"enemies":"Gremlin Nob","floor":13,"turns":4},{"damage":17,"enemies":"Hexaghost","floor":16,"turns":7},{"damage":0,"enemies":"Chosen","floor":18,"turns":3},{"damage":0,"enemies":"Spheric Guardian","floor":19,"turns":3},{"damage":16,"enemies":"Chosen and Byrds","floor":20,"turns":4},{"damage":37,"enemies":"Snake Plant","floor":22,"turns":4},{"damage":18,"enemies":"Book of Stabbing","floor":24,"turns":5},{"damage":23,"enemies":"Slavers","floor":27,"turns":6},{"damage":8,"enemies":"Snecko","floor":29,"turns":6},{"damage":66,"enemies":"Champ","floor":33,"turns":13}],"seed_played":"5659616717677155616","potions_obtained":[{"floor":2,"key":"Elixir"},{"floor":6,"key":"SteroidPotion"},{"floor":8,"key":"SmokeBomb"},{"floor":16,"key":"BlessingOfTheForge"}],"is_trial":false,"path_per_floor":["M","M","?","M","?","E","R","E","T","M","M","M","E","?","R","B",null,"M","M","M","$","M","R","E","$","T","E","R","M","$","T","R","B",null],"character_chosen":"IRONCLAD","items_purchased":["Flame Barrier","ReplayTheSpireMod:TigerMarble","ReplayTheSpireMod:Muscle Training","Shrug It Off"],"campfire_rested":2,"item_purchase_floors":[21,21,25,30],"current_hp_per_floor":[80,80,80,80,80,65,65,42,42,42,48,54,41,41,41,30,80,80,80,70,70,39,39,27,27,27,10,34,32,32,32,71,11,11,11],"gold":141,"neow_bonus":"REMOVE_TWO","is_daily":false,"chose_seed":false,"campfire_upgraded":3,"win_rate":0.0,"timestamp":1610909959,"path_taken":["M","M","?","M","?","E","R","E","T","M","?","M","E","?","R","BOSS","M","M","M","$","M","R","E","?","T","E","R","M","$","?","R","BOSS"],"items_purchased_type":["Card","Relic","Card","Card"],"build_version":"2020-12-22","purchased_purges":1,"victory":false,"max_hp_per_floor":[80,80,80,80,80,80,80,80,80,80,80,80,80,80,80,80,80,80,80,80,80,80,80,80,80,80,80,80,80,80,80,80,80,80,80],"relic_stats":{"Sozu":4,"Regal Pillow":15,"Happy Flower":[20],"counters":[18,81],"Bronze Scales":[195],"Tiny Chest":0,"Art of War":[3],"obtain_stats":[{"ReplayFunnel":6,"Sozu":17,"Regal Pillow":31,"Happy Flower":9,"Bronze Scales":8,"Tiny Chest":14,"King of Hearts":24,"Art of War":13,"ReplayTheSpireMod:TigerMarble":21,"Burning Blood":0,"Akabeko":27},{"ReplayFunnel":4,"Sozu":10,"Regal Pillow":17,"Happy Flower":5,"Bronze Scales":5,"Tiny Chest":9,"King of Hearts":15,"Art of War":9,"ReplayTheSpireMod:TigerMarble":13,"Burning Blood":0,"Akabeko":16},{"ReplayFunnel":14,"Sozu":37,"Regal Pillow":68,"Happy Flower":19,"Bronze Scales":19,"Tiny Chest":30,"King of Hearts":56,"Art of War":30,"ReplayTheSpireMod:TigerMarble":47,"Burning Blood":0,"Akabeko":62}],"Burning Blood":83},"card_choices":[{"not_picked":["Anger","Evolve"],"picked":"Clash","floor":1},{"not_picked":["Rupture","True Grit"],"picked":"Armaments","floor":2},{"not_picked":["Armaments","Havoc","Heavy Blade"],"picked":"SKIP","floor":4},{"not_picked":["Dark Embrace","Clash"],"picked":"Corruption","floor":6},{"not_picked":["Armaments","ReplayTheSpireMod:Corrosion Curse"],"picked":"Shrug It Off","floor":8},{"not_picked":["Infernal Blade","Heavy Blade"],"picked":"Run Through","floor":10},{"not_picked":["Heavy Blade","Headbutt"],"picked":"Pommel Strike","floor":11},{"not_picked":["Clothesline","Eclipse"],"picked":"Rampage","floor":13},{"not_picked":["Brutality","Corruption"],"picked":"Limit Break","floor":16},{"not_picked":["Whirlwind","Infernal Blade"],"picked":"Burning Pact","floor":18},{"not_picked":["Infernal Blade+1","ReplayReversal"],"picked":"Clothesline","floor":19},{"not_picked":["Clash","Iron Wave+1","Pommel Strike"],"picked":"SKIP","floor":20},{"not_picked":["Replay:Undeath\u0027s Touch","Wild Strike"],"picked":"Shrug It Off","floor":22},{"not_picked":["Berserk","Heavy Blade"],"picked":"Shrug It Off+1","floor":24},{"not_picked":["Anger","Clash"],"picked":"Feel No Pain","floor":27},{"not_picked":["Pummel+1","True Grit","Wild Strike+1"],"picked":"SKIP","floor":29},{"not_picked":["Reaper","Demonic Infusion"],"picked":"Offering","floor":33}],"player_experience":485383,"relics_obtained":[{"floor":6,"key":"ReplayFunnel"},{"floor":8,"key":"Bronze Scales"},{"floor":9,"key":"Happy Flower"},{"floor":13,"key":"Art of War"},{"floor":24,"key":"King of Hearts"},{"floor":27,"key":"Akabeko"},{"floor":31,"key":"Regal Pillow"}],"event_choices":[{"damage_healed":0,"gold_gain":0,"player_choice":"Leave","damage_taken":0,"max_hp_gain":0,"max_hp_loss":0,"event_name":"The Cleric","floor":5,"gold_loss":0},{"damage_healed":0,"gold_gain":0,"player_choice":"Gave Potion","damage_taken":0,"relics_obtained":["Tiny Chest"],"max_hp_gain":0,"max_hp_loss":0,"event_name":"WeMeetAgain","floor":14,"gold_loss":0}],"is_beta":false,"boss_relics":[{"not_picked":["Runic Cube","Fusion Hammer"],"picked":"Sozu"}],"items_purged_floors":[21],"is_endless":false,"potions_floor_spawned":[2,6,8,12,16,20,22,24,29],"ascension_level":4}}