{"host":"5l8aagjp5pbsh4rj","time":1610907158,"event":{"mods":["BaseMod","DeckTracker","Defuse TimeMaze Blight","Minty Spire (QoL Compilation)","Relic Stats","StSLib"],"gold_per_floor":[112,77,77,97,97,97,97,97,124,141,94,94,94,122,122,225,225,242,93,93,93,108,108,139,173,173,224,243,243,23,104,104,209,209,227,78,78,78,78,78,78,78,78,89,89,0,0,0,0,0,0],"floor_reached":50,"language":"ENG","playtime":1534,"items_purged":["Writhe"],"score":666,"play_id":"2984cab4-54f7-498f-b453-84f45a4bbe0c","local_time":"20210117131238","daily_mods":["Draft","Heirloom","Time Dilation","Flight","Lethality"],"is_ascension_mode":false,"campfire_choices":[{"data":"Blur","floor":8,"key":"SMITH"},{"data":"Cloak And Dagger","floor":15,"key":"SMITH"},{"data":"Tools of the Trade","floor":23,"key":"SMITH"},{"data":"Accuracy","floor":32,"key":"SMITH"},{"data":"Cloak And Dagger","floor":40,"key":"SMITH"},{"data":"Adrenaline","floor":42,"key":"SMITH"},{"data":"Backflip","floor":45,"key":"SMITH"},{"data":"Footwork","floor":49,"key":"SMITH"}],"circlet_count":0,"master_deck":["Blur+1","Cloak And Dagger+1","Blur+1","Dagger Spray","Cloak And Dagger+1","Sucker Punch","Backflip+1","Accuracy+1","Sucker Punch","Footwork+1","Cloak And Dagger+1","Prepared","Flying Knee","Flying Knee","Cloak And Dagger+1","Acrobatics","Dagger Throw","Outmaneuver","Dagger Spray","Noxious Fumes","Dagger Spray","Escape Plan","Infinite Blades+1","Adrenaline","Adrenaline+1","Accuracy","Acrobatics","Prepared+1","Backflip+1","Writhe","Phantasmal Killer","Blur+1"],"relics":["Ring of the Serpent","FossilizedHelix","Happy Flower","Vajra","Tiny Chest","Nloth\u0027s Gift","Ninja Scroll","MealTicket","War Paint","Blood Vial","Meat on the Bone","TheAbacus","Bottled Flame","Orrery","Nunchaku","Pantograph","Red Mask"],"acts_visited":["TheCity","TheBeyond"],"potions_floor_usage":[14,18,24,24,35,50],"damage_taken":[{"damage":0,"enemies":"2 Louse","floor":1,"turns":2},{"damage":10,"enemies":"Jaw Worm","floor":4,"turns":3},{"damage":0,"enemies":"Small Slimes","floor":10,"turns":3},{"damage":0,"enemies":"Gremlin Nob","floor":14,"turns":2},{"damage":0,"enemies":"The Guardian","floor":16,"turns":9},{"damage":0,"enemies":"2 Thieves","floor":18,"turns":3},{"damage":0,"enemies":"Shell Parasite","floor":22,"turns":2},{"damage":7,"enemies":"Book of Stabbing","floor":24,"turns":4},{"damage":0,"enemies":"Gremlin Leader","floor":25,"turns":4},{"damage":0,"enemies":"Snecko","floor":28,"turns":1},{"damage":0,"enemies":"Champ","floor":33,"turns":7},{"damage":0,"enemies":"3 Shapes","floor":35,"turns":3},{"damage":0,"enemies":"Orb Walker","floor":44,"turns":1},{"damage":77,"enemies":"Time Eater","floor":50,"turns":6}],"seed_played":"-276477569251320253","potions_obtained":[{"floor":1,"key":"Dexterity Potion"},{"floor":4,"key":"SteroidPotion"},{"floor":16,"key":"AttackPotion"},{"floor":22,"key":"SpeedPotion"},{"floor":33,"key":"GamblersBrew"},{"floor":35,"key":"Fruit Juice"}],"is_trial":true,"path_per_floor":["M","?","?","M","?","$","?","R","T","M","$","?","T","E","R","B",null,"M","$","?","?","M","R","E","E","T","T","M","?","$","T","R","B",null,"M","$","?","?","?","R","T","R","T","M","R","?","$","?","R","B"],"character_chosen":"THE_SILENT","items_purchased":["Outmaneuver","Tiny Chest","TheAbacus","Orrery"],"campfire_rested":0,"item_purchase_floors":[11,19,30,36],"current_hp_per_floor":[70,70,70,60,42,42,70,70,70,70,70,70,70,70,70,70,70,70,70,70,70,70,70,63,63,63,63,65,65,70,70,70,70,70,75,75,75,75,75,75,75,75,75,75,75,75,75,75,75,0,0],"gold":0,"neow_bonus":"","is_daily":false,"chose_seed":false,"campfire_upgraded":8,"win_rate":0.0,"timestamp":1610907158,"path_taken":["M","?","?","?","?","$","?","R","T","?","$","?","?","E","R","BOSS","M","$","?","?","?","R","E","E","T","?","?","?","?","?","R","BOSS","M","$","?","?","?","R","?","R","T","?","R","?","$","?","R","BOSS"],"items_purchased_type":["Card","Relic","Relic","Relic"],"build_version":"2020-12-22","purchased_purges":1,"victory":false,"max_hp_per_floor":[70,70,70,70,70,70,70,70,70,70,70,70,70,70,70,70,70,70,70,70,70,70,70,70,70,70,70,70,70,70,70,70,70,70,75,75,75,75,75,75,75,75,75,75,75,75,75,75,75,75,75],"relic_stats":{"Blood Vial":2,"Nunchaku":[2],"TheAbacus":[18],"Happy Flower":[15],"counters":[14,50],"Pantograph":0,"Tiny Chest":3,"MealTicket":5,"Nloth\u0027s Gift":1,"War Paint":["Cloak And Dagger","Cloak And Dagger"],"obtain_stats":[{"Happy Flower":9,"Vajra":14,"War Paint":26,"Blood Vial":27,"Bottled Flame":31,"Nunchaku":41,"TheAbacus":30,"Ninja Scroll":24,"Bird Faced Urn":0,"Pantograph":43,"Orrery":36,"Tiny Chest":19,"MealTicket":25,"Nloth\u0027s Gift":21,"Red Mask":46,"FossilizedHelix":5,"Ring of the Serpent":34,"Ring of the Snake":0,"Meat on the Bone":29},{"Happy Flower":2,"Vajra":4,"War Paint":9,"Blood Vial":9,"Bottled Flame":10,"Nunchaku":12,"TheAbacus":10,"Ninja Scroll":8,"Bird Faced Urn":0,"Pantograph":12,"Orrery":12,"Tiny Chest":6,"MealTicket":9,"Nloth\u0027s Gift":6,"Red Mask":13,"FossilizedHelix":2,"Ring of the Serpent":11,"Ring of the Snake":0,"Meat on the Bone":10},{"Happy Flower":5,"Vajra":10,"War Paint":32,"Blood Vial":32,"Bottled Flame":33,"Nunchaku":43,"TheAbacus":33,"Ninja Scroll":28,"Bird Faced Urn":0,"Pantograph":43,"Orrery":43,"Tiny Chest":22,"MealTicket":32,"Nloth\u0027s Gift":22,"Red Mask":44,"FossilizedHelix":5,"Ring of the Serpent":40,"Ring of the Snake":0,"Meat on the Bone":33}],"Meat on the Bone":0},"card_choices":[{"not_picked":["Skewer","Accuracy"],"picked":"Blur","floor":0},{"not_picked":["Noxious Fumes","Masterful Stab"],"picked":"Cloak And Dagger","floor":0},{"not_picked":["Blade Dance","Deflect"],"picked":"Blur","floor":0},{"not_picked":["PiercingWail","Prepared"],"picked":"Dagger Spray","floor":0},{"not_picked":["Heel Hook","Slice"],"picked":"Cloak And Dagger","floor":0},{"not_picked":["Dash","Deflect"],"picked":"Sucker Punch","floor":0},{"not_picked":["Quick Slash","Escape Plan"],"picked":"Backflip","floor":0},{"not_picked":["Dagger Throw","Escape Plan"],"picked":"Accuracy","floor":0},{"not_picked":["Slice","Endless Agony"],"picked":"Sucker Punch","floor":0},{"not_picked":["Dagger Spray","Skewer"],"picked":"Footwork","floor":0},{"not_picked":["Riddle With Holes","Deadly Poison"],"picked":"Cloak And Dagger","floor":0},{"not_picked":["Concentrate","Tactician"],"picked":"Prepared","floor":0},{"not_picked":["Heel Hook","Escape Plan"],"picked":"Flying Knee","floor":0},{"not_picked":["Prepared","Heel Hook"],"picked":"Flying Knee","floor":0},{"not_picked":["Predator","Well Laid Plans"],"picked":"Heel Hook","floor":0},{"not_picked":["Bane","Prepared"],"picked":"Cloak And Dagger","floor":1},{"not_picked":["Slice","Underhanded Strike"],"picked":"Acrobatics","floor":4},{"not_picked":["Slice","Prepared"],"picked":"Dagger Throw","floor":10},{"not_picked":["Leg Sweep","Terror"],"picked":"Dagger Spray","floor":14},{"not_picked":["Wraith Form v2","Night Terror"],"picked":"Tools of the Trade","floor":16},{"not_picked":["Dagger Throw+1","Flying Knee"],"picked":"Noxious Fumes","floor":18},{"not_picked":["Concentrate+1","Catalyst"],"picked":"Dagger Spray","floor":22},{"not_picked":["Corpse Explosion","Grand Finale"],"picked":"Escape Plan","floor":24},{"not_picked":["Tactician","Underhanded Strike","Catalyst+1"],"picked":"SKIP","floor":25},{"not_picked":["Dodge and Roll","Prepared"],"picked":"Infinite Blades+1","floor":28},{"not_picked":["Envenom","Glass Knife"],"picked":"Adrenaline","floor":33},{"not_picked":["Sucker Punch+1","Dagger Throw","Eviscerate+1"],"picked":"SKIP","floor":35},{"not_picked":["Slice+1","All Out Attack"],"picked":"Adrenaline","floor":36},{"not_picked":["Acrobatics","Quick Slash+1"],"picked":"Accuracy","floor":36},{"not_picked":["Bane","Crippling Poison+1"],"picked":"Acrobatics","floor":36},{"not_picked":["Deadly Poison+1","Deflect+1"],"picked":"Prepared+1","floor":36},{"not_picked":["Corpse Explosion","Flying Knee+1"],"picked":"Backflip+1","floor":36},{"not_picked":["Dash","Sucker Punch+1","PiercingWail+1"],"picked":"SKIP","floor":44}],"player_experience":179175,"relics_obtained":[{"floor":9,"key":"Happy Flower"},{"floor":14,"key":"Vajra"},{"floor":24,"key":"Ninja Scroll"},{"floor":25,"key":"MealTicket"},{"floor":26,"key":"War Paint"},{"floor":27,"key":"Blood Vial"},{"floor":31,"key":"Bottled Flame"},{"floor":41,"key":"Nunchaku"},{"floor":43,"key":"Pantograph"}],"event_choices":[{"damage_healed":17,"gold_gain":0,"player_choice":"Healed","damage_taken":0,"max_hp_gain":0,"max_hp_loss":0,"event_name":"The Cleric","floor":2,"gold_loss":35},{"damage_healed":0,"gold_gain":0,"player_choice":"Grow","damage_taken":0,"max_hp_gain":0,"max_hp_loss":0,"event_name":"Living Wall","floor":3,"gold_loss":0,"cards_upgraded":["Blur"]},{"damage_healed":0,"gold_gain":0,"player_choice":"Success","damage_taken":18,"relics_obtained":["FossilizedHelix"],"max_hp_gain":0,"max_hp_loss":0,"event_name":"Scrap Ooze","floor":5,"gold_loss":0},{"cards_removed":["Heel Hook"],"damage_healed":28,"gold_gain":0,"player_choice":"Offered Uncommon","damage_taken":0,"max_hp_gain":0,"max_hp_loss":0,"event_name":"Bonfire Elementals","floor":7,"gold_loss":0},{"damage_healed":0,"gold_gain":0,"player_choice":"Ignored","damage_taken":0,"max_hp_gain":0,"max_hp_loss":0,"event_name":"Golden Wing","floor":12,"gold_loss":0},{"damage_healed":0,"gold_gain":0,"player_choice":"Simplicity","damage_taken":0,"max_hp_gain":0,"max_hp_loss":0,"event_name":"Back to Basics","floor":20,"gold_loss":0,"cards_upgraded":[]},{"damage_healed":0,"gold_gain":0,"player_choice":"Traded Relic","damage_taken":0,"relics_obtained":["Nloth\u0027s Gift"],"max_hp_gain":0,"max_hp_loss":0,"event_name":"N\u0027loth","floor":21,"relics_lost":["Bird Faced Urn"],"gold_loss":0},{"damage_healed":0,"gold_gain":0,"player_choice":"Opened","damage_taken":0,"relics_obtained":["Meat on the Bone"],"max_hp_gain":0,"max_hp_loss":0,"event_name":"The Mausoleum","floor":29,"gold_loss":0,"cards_obtained":["Writhe"]},{"damage_healed":19,"gold_gain":0,"player_choice":"Writhe","damage_taken":0,"max_hp_gain":0,"max_hp_loss":0,"event_name":"Winding Halls","floor":37,"gold_loss":0,"cards_obtained":["Writhe"]},{"damage_healed":0,"gold_gain":0,"player_choice":"Memory 1","damage_taken":0,"max_hp_gain":0,"max_hp_loss":0,"event_name":"SensoryStone","floor":38,"gold_loss":0},{"damage_healed":0,"gold_gain":0,"cards_transformed":["Tools of the Trade"],"player_choice":"Transformed","damage_taken":0,"max_hp_gain":0,"max_hp_loss":0,"event_name":"Transmorgrifier","floor":39,"gold_loss":0,"cards_obtained":["Phantasmal Killer"]},{"damage_healed":0,"gold_gain":0,"player_choice":"Paid","damage_taken":0,"relics_obtained":["Red Mask"],"max_hp_gain":0,"max_hp_loss":0,"event_name":"Tomb of Lord Red Mask","floor":46,"gold_loss":89},{"damage_healed":0,"gold_gain":0,"player_choice":"Copied","damage_taken":0,"max_hp_gain":0,"max_hp_loss":0,"event_name":"Duplicator","floor":48,"gold_loss":0,"cards_obtained":["Blur"]}],"is_beta":false,"boss_relics":[{"not_picked":["Snecko Eye","Busted Crown","Fusion Hammer"]},{"not_picked":["Empty Cage","Runic Dome"],"picked":"Ring of the Serpent"}],"items_purged_floors":[30],"is_endless":true,"potions_floor_spawned":[1,4,16,22,33,35],"killed_by":"Time Eater","ascension_level":0}}