{"host":"uka1ahftzzr5chfh","time":1610919157,"event":{"mods":["A Magickal Journey","Act Like it!","Ascension Reborn","Aspiration","BaseMod","BetterRewards","Block Reminder","Card Forge","Challenge The Spire","Clockwork Mod","Colored Powertips","Colorless Booster Pack","Conjunction","Conspire","Custom Start","Defuse TimeMaze Blight","Elementarium","Fiend Mod","Friendly Minions","Gremlin Mod","Halation","Hallownest","Hubris","Infinite Spire","Lobotomy","LobotomyExtend","Luminous","Minty Spire (QoL Compilation)","Permanent Neow","Relic Filter","Remove Card Discount Mod","Replay The Spire","Reworked Bosses","SacredBarkPlus","StSLib","SuperFastMode","Synergy Search","The Blackbeard","The Bladedancer","The Construct","The Cursed","The Disciple","The Elementalist","The Factory","The Gatherer","The Jungle","The Marked","The Necromancer","The Runesmith","TheFirefly","Trackpad","Transform Curses","Wandering Minibosses","vexMod"],"gold_per_floor":[109,125,141,152,152,187,187,187,260,260,260,260,260,260,260,363,363,373,407,256,256,274,309,334,334,334,334,297,297,322,417,417,711,711,780,780,871,981,981,1140,1233,1447,1447,1620,1798,1819,1831,1969,1981,2362,2374,2431,2473,2485,2530,2625,2734,2778,2846,2929,3016,3119,3194,3295,3344,3356,3513,3525,3540,3540],"floor_reached":69,"language":"ENG","playtime":4215,"items_purged":[],"score":1775,"play_id":"f69601d0-862d-4ae9-87db-85fa17fe0696","local_time":"20210117163237","daily_mods":["SealedDeck","Heirloom","Flight"],"is_ascension_mode":true,"campfire_choices":[{"data":"Luminous:Light_Glare","floor":7.0,"key":"SMITH"},{"data":"Luminous:Magic_Boost_Luminous","floor":8.0,"key":"SMITH"},{"data":"Luminous:Equalize_Luminous","floor":13.0,"key":"SMITH"},{"data":"Luminous:Dark_Apocalypse","floor":15.0,"key":"SMITH"},{"floor":32.0,"key":"REST"},{"floor":47.0,"key":"REST"},{"floor":49.0,"key":"REST"},{"data":"Luminous:Freud_Wisdom1_Luminous+1","floor":66.0,"key":"SMITH"}],"circlet_count":1,"master_deck":["Luminous:Lights_Protection_Luminous+1","Luminous:Magic_Boost_Luminous+1","Luminous:Mana_Well_Luminous+1","Luminous:Light_Glare+1","Luminous:Equalize_Luminous+1","Luminous:Light_Gather+1","Luminous:Light_Spectral_Light+1","Luminous:Light_Spectral_Light+1","Luminous:Fast_Spell_Luminous+1","infinitespire:UltimateForm+1","Luminous:Freud_Wisdom1_Luminous+6","Luminous:Concentrate_Luminous+1","Luminous:Light_Sylvan_Lance+1","Luminous:Light_Gather+1","Luminous:Concentrate_Luminous+1"],"relics":["Luminous:MirrorRelic","Hammer of Thor","Seething Fire","Anvil of the Gods","Ring of Chaos","Dead Branch","LetterFromLob","infinitespire:Broken Mirror","Replay:Ringing Soul","conspire:Dentures","InspiredRelic","Heaven_r","halation:EternalFortune","construct:ClawGrip","Red Mask","trackpad:SappingStone","Circlet","Quantum Egg","aspiration:Lifesprig","Replay:Bandana","Fiend:Scarf","halation:PromiseList","hubris:ToyBattleship","infinitespire:EmpoweringShard","MawBank","CeramicFish","hubris:BlackHole","Toy Ornithopter","Oddly Smooth Stone","halation:SelfBoilingWater","trackpad:HandOfMidas","ReplayTheSpireMod:Lightbulb","Bag of Marbles","aspiration:WatcherSkillbook"],"acts_visited":["Exordium","TheCity","TheBeyond","TheBeyond","TheCity"],"potions_floor_usage":[],"damage_taken":[{"damage":0.0,"enemies":"Cultist","floor":1.0,"turns":4.0},{"damage":0.0,"enemies":"2 Louse","floor":2.0,"turns":3.0},{"damage":4.0,"enemies":"conspire:RoseBush","floor":3.0,"turns":2.0},{"damage":5.0,"enemies":"Large Slime","floor":4.0,"turns":7.0},{"damage":7.0,"enemies":"Replay:BlueRogue","floor":6.0,"turns":5.0},{"damage":6.0,"enemies":"Gremlin Nob","floor":10.0,"turns":3.0},{"damage":4.0,"enemies":"Gremlin Nob","floor":10.0,"turns":5.0},{"damage":4.0,"enemies":"Fading Forest","floor":16.0,"turns":11.0},{"damage":0.0,"enemies":"Chosen","floor":18.0,"turns":3.0},{"damage":0.0,"enemies":"Masked Bandits","floor":19.0,"turns":2.0},{"damage":0.0,"enemies":"Shell Parasite","floor":22.0,"turns":2.0},{"damage":0.0,"enemies":"conspire:SneckoGhost","floor":23.0,"turns":8.0},{"damage":0.0,"enemies":"Nightmare","floor":24.0,"turns":5.0},{"damage":0.0,"enemies":"Cultist and Chosen","floor":28.0,"turns":5.0},{"damage":0.0,"enemies":"Book of Stabbing","floor":30.0,"turns":4.0},{"damage":8.0,"enemies":"Snecko","floor":31.0,"turns":3.0},{"damage":0.0,"enemies":"bossMod:newCollector","floor":33.0,"turns":6.0},{"damage":0.0,"enemies":"Orb Walker","floor":35.0,"turns":2.0},{"damage":0.0,"enemies":"3 Darklings","floor":37.0,"turns":2.0},{"damage":7.0,"enemies":"Jaw Worm Horde","floor":38.0,"turns":2.0},{"damage":0.0,"enemies":"R_Hoarder","floor":40.0,"turns":3.0},{"damage":0.0,"enemies":"Spire Growth","floor":41.0,"turns":3.0},{"damage":0.0,"enemies":"Giant Head","floor":42.0,"turns":5.0},{"damage":0.0,"enemies":"Reptomancer","floor":44.0,"turns":3.0},{"damage":15.0,"enemies":"R_Hoarder","floor":45.0,"turns":5.0},{"damage":16.0,"enemies":"Sphere and 2 Shapes","floor":48.0,"turns":2.0},{"damage":0.0,"enemies":"bossMod:newAwakened","floor":50.0,"turns":6.0},{"damage":0.0,"enemies":"Hallownest:2_MossCreeps","floor":52.0,"turns":1.0},{"damage":0.0,"enemies":"Hallownest:monsterHuskWarrior","floor":53.0,"turns":1.0},{"damage":0.0,"enemies":"Hallownest:monsterHuskGuard","floor":55.0,"turns":1.0},{"damage":0.0,"enemies":"Hallownest:Guard_and_Warrior","floor":56.0,"turns":1.0},{"damage":0.0,"enemies":"Hallownest:eliteCrystalGuardian","floor":57.0,"turns":1.0},{"damage":0.0,"enemies":"Hallownest:monsterMossCharger","floor":58.0,"turns":1.0},{"damage":0.0,"enemies":"Hallownest:eliteVengeflyKing","floor":59.0,"turns":1.0},{"damage":0.0,"enemies":"Hallownest:eliteMossKnight","floor":61.0,"turns":1.0},{"damage":0.0,"enemies":"Hallownest:eliteCrystalGuardian","floor":62.0,"turns":1.0},{"damage":0.0,"enemies":"Hallownest:Wandering_and_Horned","floor":63.0,"turns":1.0},{"damage":0.0,"enemies":"Hallownest:eliteVengeflyKing","floor":64.0,"turns":1.0},{"damage":0.0,"enemies":"Hallownest:1_Baldur_1_Crawlid_1_Warrior","floor":65.0,"turns":1.0},{"damage":0.0,"enemies":"Hallownest:BossBrokenVessel","floor":67.0,"turns":1.0},{"damage":0,"enemies":"Spheric Guardian","floor":69,"turns":1}],"seed_played":"2034028910791678185","potions_obtained":[{"floor":1.0,"key":"BlessingOfTheForge"},{"floor":2.0,"key":"construct:ShiftPotion"},{"floor":16.0,"key":"champ:CounterPotion"},{"floor":19.0,"key":"PowerPotion"},{"floor":33.0,"key":"Adrenaline Potion"},{"floor":35.0,"key":"Guardian:BlockOnCardUsePotion"}],"is_trial":true,"path_per_floor":["M","M","M","M","T","E","R","R","T","E","?","?","R","?","R","B",null,"M","?","$","?","M","E","NM","?","T","?","M","?","E","M","R","B",null,"M","$","M","M","?","E","M","E","T","E","E","AVR","R","M","R","B",null,"M","M","$","M","M","E","M","E","T","?","E","M","E","M","R","B",null,"M"],"character_chosen":"LuminousClass","items_purchased":["trackpad:SappingStone"],"campfire_rested":3,"item_purchase_floors":[20],"current_hp_per_floor":[75,75,71,66,66,62,62,62,62,58,61,61,61,61,61,64,64,67,70,70,70,73,73,73,73,73,73,76,76,76,68,76,79,79,82,82,85,78,85,85,85,88,88,88,79,82,97,81,97,100,100,100,103,103,106,106,109,112,112,112,112,112,112,112,112,112,112,112,112,112],"gold":3540,"neow_bonus":"","is_daily":false,"chose_seed":false,"campfire_upgraded":5,"win_rate":0.0,"timestamp":1610919157,"path_taken":["M","M","?","M","?","E","R","R","T","E","?","?","R","?","R","BOSS","M","?","$","?","M","E","NM","?","T","?","?","?","E","M","R","BOSS","M","$","M","M","?","E","M","E","T","E","E","AVR","R","M","R","BOSS","M","M","$","M","M","E","M","E","T","?","E","M","E","M","R","BOSS","M"],"items_purchased_type":["Relic"],"build_version":"2020-12-22","purchased_purges":0,"victory":false,"max_hp_per_floor":[75,75,75,75,75,78,78,78,78,58,61,61,61,61,61,64,64,67,70,70,70,73,73,73,73,73,73,76,76,76,76,76,79,79,82,82,85,85,85,85,85,88,88,88,94,97,97,97,97,100,100,100,103,103,106,106,109,112,112,112,112,112,112,112,112,112,112,112,112,112],"card_choices":[{"not_picked":["Luminous:Accumulation_Luminous","Luminous:Dusk_Guard_Luminous","Luminous:Blinding_Pillar_Luminous"],"picked":"SKIP","floor":1.0},{"not_picked":["Luminous:Photic_Meditation_Luminous","Luminous:Light_Wash_Luminous"],"picked":"Luminous:Light_Glare","floor":2.0},{"not_picked":["Luminous:Accumulation_Luminous","Luminous:Dark_Pressure_Void"],"picked":"Luminous:Equalize_Luminous","floor":3.0},{"not_picked":["Luminous:Blinding_Pillar_Luminous","Luminous:Light_Reflection"],"picked":"Luminous:Magic_Accelerate_Luminous","floor":4.0},{"not_picked":["Luminous:Photic_Meditation_Luminous","Luminous:Fast_Spell_Luminous"],"picked":"Luminous:Light_Gather","floor":6.0},{"not_picked":["Luminous:Balance_Baptism","Luminous:Arcane_Rage_Luminous"],"picked":"Luminous:Lania_Blessing_Luminous","floor":16.0},{"not_picked":["Luminous:Light_Glare","Luminous:Dark_Moonlight_Spear+1"],"picked":"Luminous:Light_Spectral_Light","floor":18.0},{"not_picked":["Luminous:Light_Wash_Luminous","Luminous:Accumulation_Luminous"],"picked":"Luminous:Light_Gather+1","floor":19.0},{"not_picked":["Luminous:Dark_Morning_Star","Luminous:Light_Ray_of_Redemption"],"picked":"Luminous:Tune_Luminous","floor":22.0},{"not_picked":["Luminous:Sympathy_Luminous","Luminous:Dark_Moonlight_Spear","Luminous:Reverse_Spell_Luminous"],"picked":"SKIP","floor":23.0},{"not_picked":["Luminous:Dark_Dim_Erosion","Luminous:Dusk_Guard_Luminous+1","Luminous:Date_of_Light_Luminous"],"picked":"SKIP","floor":24.0},{"not_picked":["Luminous:Blinding_Pillar_Luminous","Luminous:Dark_Raid+1"],"picked":"Luminous:Light_Gather","floor":28.0},{"not_picked":["Luminous:Darks_Surge_Luminous","Luminous:Sympathy_Luminous","Luminous:Dark_Dim_Erosion"],"picked":"SKIP","floor":30.0},{"not_picked":["Luminous:Light_Disperse","Luminous:Dark_Dim_Erosion","Luminous:Shadow_Shell_Luminous+1"],"picked":"SKIP","floor":31.0},{"not_picked":["Luminous:Light_Disperse","Luminous:Dark_Dim_Erosion","Luminous:Shadow_Shell_Luminous+1"],"picked":"SKIP","floor":31.0},{"not_picked":["Luminous:Equalize_Luminous","Luminous:Chaos_Field_Luminous"],"picked":"Luminous:Balance_Baptism","floor":33.0},{"not_picked":["Luminous:Light_Disperse","Luminous:Light_Wash_Luminous"],"picked":"Luminous:Light_Spectral_Light+1","floor":35.0},{"not_picked":["Luminous:Accumulation_Luminous","Luminous:Dark_Raid+1","Luminous:Balance_Ender+1"],"picked":"SKIP","floor":37.0},{"not_picked":["Luminous:Shadow_Shell_Luminous","Luminous:Magic_Accelerate_Luminous","Luminous:Light_Gather"],"picked":"SKIP","floor":38.0},{"not_picked":["Luminous:Phantom_Treasure_Luminous","Luminous:Dark_Crescendo_Luminous","Luminous:Dark_Dim_Erosion"],"picked":"SKIP","floor":40.0},{"not_picked":["Luminous:Dark_Apocalypse+1","Luminous:Dark_Dim_Erosion","Luminous:Light_Sylvan_Lance"],"picked":"SKIP","floor":41.0},{"not_picked":["Luminous:Light_Disperse+1","Luminous:Light_Gather+1","Luminous:Reverse_Spell_Luminous+1"],"picked":"SKIP","floor":42.0},{"not_picked":["Luminous:Concentrate_Luminous+1","Luminous:Dark_Pressure_Void+1","Luminous:Light_Glare"],"picked":"SKIP","floor":44.0},{"not_picked":["Luminous:Dark_Extract","Luminous:Phantom_Treasure_Luminous"],"picked":"Luminous:Fast_Spell_Luminous+1","floor":45.0},{"not_picked":["Luminous:Light_Spectral_Light","Luminous:Concentrate_Luminous","Luminous:Dark_Pressure_Void"],"picked":"SKIP","floor":48.0},{"not_picked":["Luminous:Balance_Baptism","Luminous:Chaos_Field_Luminous"],"picked":"Luminous:Freud_Wisdom1_Luminous","floor":50.0},{"not_picked":["Luminous:Concentrate_Luminous","Luminous:Light_Gather","Luminous:Dark_Dim_Erosion"],"picked":"SKIP","floor":52.0},{"not_picked":["Luminous:Shadow_Shell_Luminous","Luminous:Dark_Pressure_Void"],"picked":"Luminous:Concentrate_Luminous","floor":53.0},{"not_picked":["Luminous:Accumulation_Luminous","Luminous:Reverse_Spell_Luminous"],"picked":"Luminous:Light_Sylvan_Lance","floor":55.0},{"not_picked":["Luminous:Chaos_Field_Luminous","Luminous:Light_Gather","Luminous:Light_Glare"],"picked":"SKIP","floor":56.0},{"not_picked":["Luminous:Accumulation_Luminous","Luminous:Flash_Blink_Luminous"],"picked":"Luminous:Light_Gather","floor":57.0},{"not_picked":["Luminous:Reverse_Spell_Luminous","Luminous:Darks_Surge_Luminous"],"picked":"Luminous:Concentrate_Luminous","floor":58.0},{"not_picked":["Luminous:Magic_Accelerate_Luminous","Luminous:Dark_Pressure_Void","Luminous:Blinding_Pillar_Luminous"],"picked":"SKIP","floor":59.0},{"not_picked":["Luminous:Flash_Blink_Luminous","Luminous:Dark_Dim_Erosion","Luminous:Accumulation_Luminous"],"picked":"SKIP","floor":61.0},{"not_picked":["Luminous:Dark_Morning_Star","Luminous:Blinding_Pillar_Luminous","Luminous:Light_Sylvan_Lance"],"picked":"SKIP","floor":62.0},{"not_picked":["Luminous:Hero_Will_Luminous","Luminous:Dark_Pressure_Void","Luminous:Mana_Well_Luminous"],"picked":"SKIP","floor":63.0},{"not_picked":["Luminous:Light_Disperse","Luminous:Chaos_Field_Luminous","Luminous:Dark_Dim_Erosion"],"picked":"SKIP","floor":64.0},{"not_picked":["Luminous:Mana_Well_Luminous","Luminous:Dark_Pressure_Void","Luminous:Light_Disperse"],"picked":"SKIP","floor":65.0}],"player_experience":792574,"relics_obtained":[{"floor":1.0,"key":"LetterFromLob"},{"floor":5.0,"key":"infinitespire:Broken Mirror"},{"floor":6.0,"key":"Replay:Ringing Soul"},{"floor":9.0,"key":"conspire:Dentures"},{"floor":19.0,"key":"Red Mask"},{"floor":23.0,"key":"hexamod:BolsterEngine"},{"floor":24.0,"key":"Quantum Egg"},{"floor":26.0,"key":"aspiration:Lifesprig"},{"floor":30.0,"key":"Replay:Bandana"},{"floor":37.0,"key":"halation:EternalFortune"},{"floor":40.0,"key":"halation:PromiseList"},{"floor":42.0,"key":"halation:EternalFortune"},{"floor":42.0,"key":"hubris:ToyBattleship"},{"floor":43.0,"key":"infinitespire:EmpoweringShard"},{"floor":44.0,"key":"MawBank"},{"floor":45.0,"key":"halation:EternalFortune"},{"floor":45.0,"key":"CeramicFish"},{"floor":57.0,"key":"Toy Ornithopter"},{"floor":59.0,"key":"Oddly Smooth Stone"},{"floor":60.0,"key":"halation:SelfBoilingWater"},{"floor":61.0,"key":"trackpad:HandOfMidas"},{"floor":62.0,"key":"ReplayTheSpireMod:Lightbulb"},{"floor":64.0,"key":"Bag of Marbles"}],"event_choices":[{"damage_healed":0.0,"max_hp_gain":0.0,"max_hp_loss":0.0,"gold_gain":0.0,"event_name":"Golden Idol","player_choice":"Ignored","floor":14.0,"gold_loss":0.0,"damage_taken":0.0},{"damage_healed":0.0,"max_hp_gain":0.0,"max_hp_loss":0.0,"gold_gain":0.0,"event_name":"Masked Bandits","player_choice":"Fought Bandits","floor":19.0,"gold_loss":0.0,"damage_taken":0.0},{"damage_healed":0.0,"max_hp_gain":0.0,"max_hp_loss":0.0,"gold_gain":0.0,"event_name":"Ghosts","player_choice":"Ignored","floor":25.0,"gold_loss":0.0,"damage_taken":0.0},{"damage_healed":0.0,"max_hp_gain":0.0,"max_hp_loss":0.0,"gold_gain":0.0,"event_name":"Beggar","player_choice":"Ignored","floor":29.0,"gold_loss":0.0,"damage_taken":0.0}],"is_beta":false,"boss_relics":[{"not_picked":["vexMod:CursedCompass","halation:PlatinumPhoenix"],"picked":"construct:ClawGrip"},{"not_picked":["vexMod:MysteryBossChallenge","ReplayTheSpireMod:SealedPack"],"picked":"Fiend:Scarf"},{"not_picked":["halation:MonkeysPaw","conspire:RunicOctahedron"],"picked":"hubris:BlackHole"},{"not_picked":["Snecko Heart","Calling Bell"],"picked":"aspiration:WatcherSkillbook"}],"items_purged_floors":[],"is_endless":true,"potions_floor_spawned":[1,2,10,16,19,22,24,28,33,35,38,41,44,45,53,55,58,61,63,64,65],"killed_by":"Spheric Guardian","ascension_level":0}}