{"host":"y4sghvfd0ewtcchd","time":1610901729,"event":{"mods":["Aspiration","BaseMod","Better Debug","Better Note","Better Third Choice","BetterRewards","Block Reminder","Colored Map","Colored Powertips","Highlight Path","Hubris","Infinite Spire","Minty Spire (QoL Compilation)","Relic Sorter","Relic Stats","Replay The Spire","Robot Space Explorer","Shop Mod","Spicy Shops","StSLib","The Jungle","The Saiyan"],"gold_per_floor":[124,148,169,169,199,199,220,220,220,220,298,325,364,381,381,470,470,488,88,104,146,175,175,216,216,216,239,239,257,257,300,300,383,383,405,430,472,490,418,418,418,433,481,481,481,500,500,500,500,500,11,45,45],"floor_reached":56,"language":"ENG","playtime":4204,"items_purged":["Writhe","Normality","Writhe"],"score":2473,"play_id":"b8e7af46-9c4f-45e7-9cbd-38d200ac2b55","local_time":"20210117194209","is_ascension_mode":true,"campfire_choices":[{"data":"ReplayTheSpireMod:GoodbyeWorld","floor":6,"key":"SMITH"},{"data":"Zap","floor":8,"key":"SMITH"},{"data":"Static Discharge","floor":10,"key":"SMITH"},{"data":"Thunder Strike","floor":15,"key":"SMITH"},{"floor":23,"key":"REST"},{"data":"Electrodynamics","floor":25,"key":"SMITH"},{"data":"Defragment","floor":28,"key":"SMITH"},{"data":"Aggregate","floor":30,"key":"SMITH"},{"data":"Buffer","floor":32,"key":"SMITH"},{"data":"Storm","floor":40,"key":"SMITH"},{"floor":44,"key":"RECALL"},{"data":"Saiyan:PlotArmor","floor":46,"key":"SMITH"},{"data":"infinitespire:Punishment","floor":49,"key":"SMITH"},{"floor":52,"key":"REST"}],"circlet_count":0,"master_deck":["AscendersBane","Strike_B","Strike_B","Strike_B","Strike_B","Defend_B","Defend_B","Defend_B","Defend_B","Zap+1","Dualcast","Conserve Battery","ReplayTheSpireMod:GoodbyeWorld+1","Self Repair","Ball Lightning","BootSequence","BootSequence","Static Discharge+1","Melter","Leap","Stack","Hologram","Aggregate+1","Echo Form","Leap","Thunder Strike+1","Doom and Gloom","Electrodynamics+1","BasicCrystalCard+1","Ball Lightning","Leap","Echo Form","Coolheaded","Stack+1","Defragment+1","Steam Power","Ball Lightning","Melter+1","Steam Power","Buffer+1","ReplayTheSpireMod:Omega Cannon","Sweeping Beam+1","Skim","Saiyan:PlotArmor+1","Reinforced Body+1","Aggregate","Saiyan:TransfigurationBeam","Storm+1","infinitespire:Punishment+1","Static Discharge+1","Capacitor+1","Steam Power","Turbo","Loop+1","Consume","Good Instincts","Turbo"],"relics":["Frozen Egg 2","ReplayTheSpireMod:Ring of Exchange","Ice Cream","hubris:KleinBottle","OrangePellets","Iron Core","GremlinMask","Bottled Tornado","infinitespire:Broken Mirror","theJungle:WildStrawberry","Meat on the Bone","Ring of Fangs","Chemical X","theJungle:SpiritDisease","Black Star","Spirit Poop","Membership Card","MerchantsRug","infinitespire:Satchel","hubris:PeanutButter","Symbiotic Virus","aspiration:EnhancedActuators","hubris:64BitClover","infinitespire:ShieldingShard"],"acts_visited":["Exordium","TheCity","TheBeyond","TheEnding"],"potions_floor_usage":[13,22,31,50,55],"damage_taken":[{"damage":2,"enemies":"2 Louse","floor":1,"turns":3},{"damage":0,"enemies":"Small Slimes","floor":2,"turns":4},{"damage":5,"enemies":"Cultist","floor":3,"turns":4},{"damage":0,"enemies":"Large Slime","floor":5,"turns":4},{"damage":18,"enemies":"Lots of Slimes","floor":7,"turns":4},{"damage":0,"enemies":"2 Fungi Beasts","floor":12,"turns":3},{"damage":3,"enemies":"3 Sentries","floor":13,"turns":6},{"damage":0,"enemies":"Exordium Wildlife","floor":14,"turns":5},{"damage":14,"enemies":"The Guardian","floor":16,"turns":8},{"damage":21,"enemies":"3 Byrds","floor":18,"turns":4},{"damage":0,"enemies":"Shell Parasite","floor":20,"turns":4},{"damage":13,"enemies":"Shelled Parasite and Fungi","floor":22,"turns":5},{"damage":0,"enemies":"Replay:Snechameleon","floor":24,"turns":5},{"damage":8,"enemies":"Centurion and Healer","floor":27,"turns":6},{"damage":0,"enemies":"Snake Plant","floor":29,"turns":4},{"damage":26,"enemies":"Slavers","floor":31,"turns":4},{"damage":14,"enemies":"Automaton","floor":33,"turns":7},{"damage":0,"enemies":"3 Darklings","floor":35,"turns":5},{"damage":0,"enemies":"3 Shapes","floor":36,"turns":4},{"damage":30,"enemies":"Spire Growth","floor":37,"turns":4},{"damage":0,"enemies":"Writhing Mass","floor":38,"turns":6},{"damage":0,"enemies":"Maw","floor":42,"turns":6},{"damage":7,"enemies":"4 Shapes","floor":47,"turns":2},{"damage":49,"enemies":"Donu and Deca","floor":50,"turns":7},{"damage":28,"enemies":"Shield and Spear","floor":54,"turns":4},{"damage":141,"enemies":"The Heart","floor":55,"turns":8}],"seed_played":"6194870707353482508","potions_obtained":[{"floor":1,"key":"Block Potion"},{"floor":21,"key":"Weak Potion"},{"floor":22,"key":"FocusPotion"},{"floor":35,"key":"PotionOfCapacity"},{"floor":37,"key":"Weak Potion"}],"is_trial":false,"path_per_floor":["M","M","M","?","M","R","M","R","T","R","?","M","E","M","R","B",null,"M","$","M","?","M","R","E","R","T","M","R","M","R","E","R","B",null,"M","M","M","M","$","R","?","M","T","R","R","M","R","B",null,"R","$","E","B",null],"character_chosen":"DEFECT","items_purchased":["Replay:Ringing Soul","Replay:Frozen Program","ReplayTheSpireMod:TigerMarble","Conserve Battery","ReplayTheSpireMod:GoodbyeWorld","hubris:MedicalManual","Self Repair","Runic Capacitor","Blue Doll","Replay:WaspNest","hubris:Reverence","Ball Lightning","BootSequence","Replay:Rubber Ducky","Static Discharge","Replay:Bandana","Melter","Prayer Wheel","Ball Lightning","ReplayTheSpireMod:CursedCoin","infinitespire:Chaos","Static Discharge","Membership Card","MerchantsRug","infinitespire:Satchel","hubris:PeanutButter","Symbiotic Virus","aspiration:EnhancedActuators","Loop+1","Regen Potion","Consume","Good Instincts"],"campfire_rested":2,"item_purchase_floors":[0,0,0,0,0,0,0,0,0,0,0,0,0,0,0,0,0,19,19,39,39,39,53,53,53,53,53,53,53,53,53,53],"current_hp_per_floor":[33,43,48,72,82,82,74,74,74,74,74,77,84,98,98,94,99,88,91,94,61,51,85,108,108,108,117,117,120,120,97,97,86,120,123,126,106,116,125,125,125,125,125,125,125,118,118,88,141,159,159,131,24],"gold":45,"neow_bonus":"","is_daily":false,"chose_seed":false,"campfire_upgraded":11,"win_rate":0.0,"timestamp":1610901729,"path_taken":["M","M","M","?","M","R","M","R","T","R","?","M","E","M","R","BOSS","M","$","M","?","M","R","E","R","T","M","R","M","R","E","R","BOSS","M","M","M","M","$","R","?","M","T","R","R","M","R","BOSS","R","$","E","BOSS"],"items_purchased_type":["Relic","Relic","Relic","Card","Card","Relic","Card","Relic","Relic","Relic","Relic","Card","Card","Relic","Card","Relic","Card","Relic","Card","Relic","Relic","Card","Relic","Relic","Relic","Relic","Relic","Relic","Card","Potion","Card","Card"],"build_version":"2020-12-22","purchased_purges":3,"victory":true,"max_hp_per_floor":[77,80,83,83,86,86,89,89,89,89,89,92,95,98,98,101,101,104,107,110,113,116,116,119,119,119,122,122,125,125,128,128,131,131,134,137,140,143,159,159,159,159,159,159,159,159,159,159,159,159,159,159,159],"relic_stats":{"OrangePellets":[5],"counters":[422,1474],"Black Star":1,"Chemical X":[3],"obtain_stats":[{"Replay:Accelerometer":49,"Spirit Poop":43,"aspiration:PoetsPen_weak":17,"hubris:MysteriousPyramids":44,"Sling":45,"Blood Vial":0,"infinitespire:ShieldingShard":54,"hubris:AstralHammer":38,"Replay:Bronze Core":17,"Fusion Hammer":34,"HandDrill":0,"hubris:RGBLights":12,"Replay:Bottled Steam":23,"aspiration:FaultyCoupler":12,"MerchantsRug":53,"Velvet Choker":34,"Eternal Feather":20,"ReplayTheSpireMod:SealedPack":20,"Pen Nib":53,"infinitespire:Magic Flask":0,"Cables":44,"infinitespire:EvilPickle":33,"Snecko Scales":39,"infinitespire:Lychee Nut":0,"infinitespire:Broken Mirror":10,"Bird Faced Urn":30,"aspiration:MysteriousAuxiliaryCore":38,"Unceasing Top":0,"hubris:Reverence":24,"Solar Panel":0,"Carrot":0,"Singing Bowl":26,"Torii":0,"GremlinMask":39,"hubris:EmptyBottle":38,"Smiling Mask":31,"Ancient Tea Set":5,"Pet Ghost":50,"hubris:BlackHole":17,"hubris:Backtick":17,"Ring of Fangs":39,"Toolbox":54,"Chemical X":39,"infinitespire:Eraser":54,"Replay:Bottled Eggs":17,"InkBottle":54,"aspiration:ChemicalBlood":0,"Potion Belt":29,"Lee\u0027s Waffle":0,"NeowsBlessing":0,"Replay:Fungal Core":17,"Golden Idol":7,"hubris:64BitClover":54,"PreservedInsect":0,"infinitespire:Lucky Rock":54,"hubris:Towel":13,"Replay:Arrowhead":23,"Nuclear Battery":34,"Ornamental Fan":47,"Garlic":16,"Art of War":48,"hubris:BottledRain":26,"Ice Cream":31,"Tiny House":44,"Calipers":0,"Gremlin Horn":40,"aspiration:Stabinomicon":25,"Runic Capacitor":50,"Raider\u0027s Mask":0,"hubris:TerracottaHorce":17,"Sozu":12,"Centennial Puzzle":27,"infinitespire:SolderingIron":43,"Philosopher\u0027s Stone":17,"Prayer Wheel":37,"Iron Hammer":29,"Girya":26,"hubris:Teleporter":39,"hubris:DuctTape":34,"ReplayTheSpireMod:CursedCoin":0,"hubris:SoftwareUpdate":41,"Replay:Grab Bag":17,"aspiration:HiddenCompartment":53,"Du-Vu Doll":24,"OrangePellets":39,"hubris:PeanutButter":0,"Onion Ring":26,"theJungle:WildStrawberry":39,"Mirror":0,"Symbiotic Virus":43,"Iron Core":39,"aspiration:TomeofQuesting":10,"Juzu Bracelet":47,"Replay:Mystery Machine":7,"aspiration:StickyExplosives_weak":30,"Nunchaku":25,"Emotion Chip":38,"Dream Catcher":42,"Chameleon Ring":45,"hubris:Icosahedron":48,"TheAbacus":53,"hubris:Stopwatch":17,"Replay:Bottled Snecko":9,"Replay:Antivirus Software":7,"hubris:KleinBottle":39,"Guide Book":53,"aspiration:RunicSpoon":34,"RobotSpaceExplorer:RoboCore":0,"Replay:WaspNest":53,"infinitespire:FocusingShard":0,"hubris:MedicalManual":0,"theJungle:SpiritDisease":39,"Odd Mushroom":13,"Calling Bell":17,"Strange Spoon":46,"Cauldron":56,"DataDisk":27,"Pondfish Scales":43,"infinitespire:Satchel":17,"hubris:BundleOfHerbs":0,"Bag of Marbles":0,"Membership Card":0,"ReplayTheSpireMod:ShopPack":21,"infinitespire:BottledMercury":11,"hubris:BallOfYels":29,"Golden Egg":11,"Whetstone":27,"Ginger":17,"Bottled Tornado":0,"Boot":54,"Old Coin":45,"Replay:Ringing Soul":40,"aspiration:EnhancedActuators":53,"MealTicket":0,"hubris:DeckOfHolding":53,"infinitespire:Golems Mask":54,"Kunai":40,"hubris:TinFlute":23,"Pear":43,"Counterbalance":2,"hubris:SphereOfDissonance":0,"aspiration:IroncladSkillbook":34,"Runic Dome":17,"Pandora\u0027s Box":17,"hubris:TenFootPole":0,"infinitespire:PuzzleCube":28,"aspiration:Lifesprig":9,"hubris:Metronome":17,"Lantern":19,"Blue Doll":46,"Painkiller Herb":17,"StoneCalendar":45,"Replay:Multitool":41,"Bag of Preparation":45,"Cursed Key":34,"Replay:Rubber Ducky":53,"BranchBurnRelic":30,"Matryoshka":0,"WingedGreaves":20,"hubris:FunFungus":46,"Inserter":48,"The Courier":24,"infinitespire:Joker Card":44,"Geode":30,"Omamori":46,"Frozen Egg 2":13,"Busted Crown":17,"Orrery":48,"Turnip":45,"Bottled Lightning":12,"ReplayTheSpireMod:Lightbulb":40,"Toy Ornithopter":31,"infinitespire:Freezer":55,"Lizard Tail":8,"Replay:Frozen Program":0,"DollysMirror":53,"Strawberry":14,"aspiration:ArtOfWarUpgrade":52,"Toxic Egg 2":5,"Happy Flower":0,"aspiration:Nostalgia":53,"Astrolabe":34,"Dead Branch":25,"Oddly Smooth Stone":0,"infinitespire:Beetle Shell":48,"Replay:Kaleidoscope":43,"aspiration:SeaSaltIceCream":0,"Letter Opener":4,"Question Card":47,"Replay:Baseball":45,"ReplayTheSpireMod:Shallot":48,"Shuriken":43,"Bronze Scales":0,"Simple Rune":9,"Molten Egg 2":43,"ReplayTheSpireMod:TigerMarble":23,"Black Star":22,"hubris:ToyBattleship":31,"Meat on the Bone":0,"ReplayFunnel":44,"Darkstone Periapt":10,"ReplayTheSpireMod:Ring of Exchange":39,"SacredBark":17,"hubris:SlimyHat":43,"Incense Burner":34,"ClockworkSouvenir":23,"Frozen Eye":53,"Replay:Bandana":0,"Tiny Chest":7,"Cracked Core":0,"Replay:Drink Me":21,"infinitespire:Chaos":39,"hubris:DisguiseKit":46,"BargainBundle":0,"Replay:Towering Pillar of Hats":30,"aspiration:FetidBarrel":47,"infinitespire:CursedDice":53,"infinitespire:EmptyRelic":39,"aspiration:HummingbirdHeart":0,"Orichalcum":56,"White Beast Statue":20,"Peace Pipe":39,"CaptainsWheel":0,"Anchor":0,"infinitespire:WardingShard":42,"ChewingGum":34,"hubris:GrandSneckoEye":36,"Snack Pack":31,"PureWater":53,"hubris:Potato":31,"TungstenRod":17,"hubris:NiceRug":53},{"Replay:Accelerometer":97,"Spirit Poop":418,"aspiration:PoetsPen_weak":194,"hubris:MysteriousPyramids":178,"Sling":153,"Blood Vial":0,"infinitespire:ShieldingShard":421,"hubris:AstralHammer":294,"Replay:Bronze Core":7,"Fusion Hammer":42,"HandDrill":337,"hubris:RGBLights":248,"Replay:Bottled Steam":114,"aspiration:FaultyCoupler":164,"MerchantsRug":420,"Velvet Choker":14,"Eternal Feather":8,"ReplayTheSpireMod:SealedPack":32,"Pen Nib":132,"infinitespire:Magic Flask":369,"Cables":95,"infinitespire:EvilPickle":62,"Snecko Scales":417,"infinitespire:Lychee Nut":273,"infinitespire:Broken Mirror":372,"Bird Faced Urn":40,"aspiration:MysteriousAuxiliaryCore":65,"Unceasing Top":306,"hubris:Reverence":288,"Solar Panel":22,"Carrot":0,"Singing Bowl":59,"Torii":273,"GremlinMask":417,"hubris:EmptyBottle":232,"Smiling Mask":356,"Ancient Tea Set":371,"Pet Ghost":332,"hubris:BlackHole":219,"hubris:Backtick":139,"Ring of Fangs":417,"Toolbox":304,"Chemical X":417,"infinitespire:Eraser":133,"Replay:Bottled Eggs":251,"InkBottle":304,"aspiration:ChemicalBlood":46,"Potion Belt":227,"Lee\u0027s Waffle":0,"NeowsBlessing":0,"Replay:Fungal Core":405,"Golden Idol":50,"hubris:64BitClover":421,"PreservedInsect":134,"infinitespire:Lucky Rock":72,"hubris:Towel":138,"Replay:Arrowhead":170,"Nuclear Battery":387,"Ornamental Fan":96,"Garlic":80,"Art of War":269,"hubris:BottledRain":9,"Ice Cream":228,"Tiny House":95,"Calipers":159,"Gremlin Horn":325,"aspiration:Stabinomicon":35,"Runic Capacitor":97,"Raider\u0027s Mask":306,"hubris:TerracottaHorce":283,"Sozu":280,"Centennial Puzzle":10,"infinitespire:SolderingIron":68,"Philosopher\u0027s Stone":7,"Prayer Wheel":44,"Iron Hammer":199,"Girya":197,"hubris:Teleporter":417,"hubris:DuctTape":172,"ReplayTheSpireMod:CursedCoin":46,"hubris:SoftwareUpdate":67,"Replay:Grab Bag":7,"aspiration:HiddenCompartment":132,"Du-Vu Doll":9,"OrangePellets":417,"hubris:PeanutButter":73,"Onion Ring":116,"theJungle:WildStrawberry":417,"Mirror":185,"Symbiotic Virus":266,"Iron Core":417,"aspiration:TomeofQuesting":5,"Juzu Bracelet":300,"Replay:Mystery Machine":4,"aspiration:StickyExplosives_weak":40,"Nunchaku":116,"Emotion Chip":149,"Dream Catcher":235,"Chameleon Ring":19,"hubris:Icosahedron":69,"TheAbacus":271,"hubris:Stopwatch":283,"Replay:Bottled Snecko":309,"Replay:Antivirus Software":279,"hubris:KleinBottle":417,"Guide Book":157,"aspiration:RunicSpoon":321,"RobotSpaceExplorer:RoboCore":273,"Replay:WaspNest":211,"infinitespire:FocusingShard":273,"hubris:MedicalManual":396,"theJungle:SpiritDisease":417,"Odd Mushroom":249,"Calling Bell":166,"Strange Spoon":268,"Cauldron":335,"DataDisk":86,"Pondfish Scales":206,"infinitespire:Satchel":166,"hubris:BundleOfHerbs":159,"Bag of Marbles":213,"Membership Card":100,"ReplayTheSpireMod:ShopPack":8,"infinitespire:BottledMercury":105,"hubris:BallOfYels":118,"Golden Egg":247,"Whetstone":36,"Ginger":166,"Bottled Tornado":100,"Boot":184,"Old Coin":298,"Replay:Ringing Soul":234,"aspiration:EnhancedActuators":71,"MealTicket":22,"hubris:DeckOfHolding":71,"infinitespire:Golems Mask":367,"Kunai":125,"hubris:TinFlute":142,"Pear":126,"Counterbalance":338,"hubris:SphereOfDissonance":306,"aspiration:IroncladSkillbook":147,"Runic Dome":313,"Pandora\u0027s Box":30,"hubris:TenFootPole":100,"infinitespire:PuzzleCube":86,"aspiration:Lifesprig":26,"hubris:Metronome":166,"Lantern":167,"Blue Doll":268,"Painkiller Herb":283,"StoneCalendar":363,"Replay:Multitool":45,"Bag of Preparation":95,"Cursed Key":413,"Replay:Rubber Ducky":157,"BranchBurnRelic":289,"Matryoshka":100,"WingedGreaves":32,"hubris:FunFungus":268,"Inserter":21,"The Courier":170,"infinitespire:Joker Card":207,"Geode":12,"Omamori":237,"Frozen Egg 2":53,"Busted Crown":109,"Orrery":21,"Turnip":127,"Bottled Lightning":28,"ReplayTheSpireMod:Lightbulb":44,"Toy Ornithopter":41,"infinitespire:Freezer":98,"Lizard Tail":309,"Replay:Frozen Program":306,"DollysMirror":71,"Strawberry":79,"aspiration:ArtOfWarUpgrade":270,"Toxic Egg 2":3,"Happy Flower":46,"aspiration:Nostalgia":211,"Astrolabe":120,"Dead Branch":288,"Oddly Smooth Stone":22,"infinitespire:Beetle Shell":181,"Replay:Kaleidoscope":178,"aspiration:SeaSaltIceCream":337,"Letter Opener":371,"Question Card":21,"Replay:Baseball":153,"ReplayTheSpireMod:Shallot":155,"Shuriken":152,"Bronze Scales":46,"Simple Rune":104,"Molten Egg 2":235,"ReplayTheSpireMod:TigerMarble":59,"Black Star":223,"hubris:ToyBattleship":320,"Meat on the Bone":134,"ReplayFunnel":178,"Darkstone Periapt":247,"ReplayTheSpireMod:Ring of Exchange":417,"SacredBark":7,"hubris:SlimyHat":17,"Incense Burner":291,"ClockworkSouvenir":9,"Frozen Eye":395,"Replay:Bandana":46,"Tiny Chest":162,"Cracked Core":0,"Replay:Drink Me":8,"infinitespire:Chaos":417,"hubris:DisguiseKit":128,"BargainBundle":22,"Replay:Towering Pillar of Hats":259,"aspiration:FetidBarrel":269,"infinitespire:CursedDice":395,"infinitespire:EmptyRelic":417,"aspiration:HummingbirdHeart":273,"Orichalcum":99,"White Beast Statue":196,"Peace Pipe":417,"CaptainsWheel":46,"Anchor":241,"infinitespire:WardingShard":126,"ChewingGum":62,"hubris:GrandSneckoEye":90,"Snack Pack":290,"PureWater":211,"hubris:Potato":61,"TungstenRod":251,"hubris:NiceRug":71},{"Replay:Accelerometer":396,"Spirit Poop":1453,"aspiration:PoetsPen_weak":711,"hubris:MysteriousPyramids":659,"Sling":564,"Blood Vial":0,"infinitespire:ShieldingShard":1466,"hubris:AstralHammer":1035,"Replay:Bronze Core":30,"Fusion Hammer":182,"HandDrill":1135,"hubris:RGBLights":878,"Replay:Bottled Steam":441,"aspiration:FaultyCoupler":609,"MerchantsRug":1462,"Velvet Choker":72,"Eternal Feather":33,"ReplayTheSpireMod:SealedPack":147,"Pen Nib":481,"infinitespire:Magic Flask":1265,"Cables":384,"infinitespire:EvilPickle":245,"Snecko Scales":1447,"infinitespire:Lychee Nut":972,"infinitespire:Broken Mirror":1274,"Bird Faced Urn":173,"aspiration:MysteriousAuxiliaryCore":252,"Unceasing Top":1067,"hubris:Reverence":1017,"Solar Panel":111,"Carrot":0,"Singing Bowl":235,"Torii":972,"GremlinMask":1447,"hubris:EmptyBottle":835,"Smiling Mask":1197,"Ancient Tea Set":1270,"Pet Ghost":1121,"hubris:BlackHole":796,"hubris:Backtick":507,"Ring of Fangs":1447,"Toolbox":1061,"Chemical X":1447,"infinitespire:Eraser":482,"Replay:Bottled Eggs":895,"InkBottle":1061,"aspiration:ChemicalBlood":195,"Potion Belt":822,"Lee\u0027s Waffle":0,"NeowsBlessing":0,"Replay:Fungal Core":1389,"Golden Idol":205,"hubris:64BitClover":1466,"PreservedInsect":485,"infinitespire:Lucky Rock":276,"hubris:Towel":497,"Replay:Arrowhead":636,"Nuclear Battery":1318,"Ornamental Fan":391,"Garlic":302,"Art of War":955,"hubris:BottledRain":37,"Ice Cream":825,"Tiny House":384,"Calipers":592,"Gremlin Horn":1106,"aspiration:Stabinomicon":156,"Runic Capacitor":396,"Raider\u0027s Mask":1067,"hubris:TerracottaHorce":1002,"Sozu":991,"Centennial Puzzle":42,"infinitespire:SolderingIron":262,"Philosopher\u0027s Stone":30,"Prayer Wheel":188,"Iron Hammer":728,"Girya":720,"hubris:Teleporter":1447,"hubris:DuctTape":646,"ReplayTheSpireMod:CursedCoin":195,"hubris:SoftwareUpdate":260,"Replay:Grab Bag":30,"aspiration:HiddenCompartment":481,"Du-Vu Doll":37,"OrangePellets":1447,"hubris:PeanutButter":281,"Onion Ring":447,"theJungle:WildStrawberry":1447,"Mirror":684,"Symbiotic Virus":942,"Iron Core":1447,"aspiration:TomeofQuesting":17,"Juzu Bracelet":1051,"Replay:Mystery Machine":13,"aspiration:StickyExplosives_weak":173,"Nunchaku":447,"Emotion Chip":545,"Dream Catcher":843,"Chameleon Ring":98,"hubris:Icosahedron":265,"TheAbacus":962,"hubris:Stopwatch":1002,"Replay:Bottled Snecko":1072,"Replay:Antivirus Software":989,"hubris:KleinBottle":1447,"Guide Book":582,"aspiration:RunicSpoon":1100,"RobotSpaceExplorer:RoboCore":972,"Replay:WaspNest":767,"infinitespire:FocusingShard":972,"hubris:MedicalManual":1348,"theJungle:SpiritDisease":1447,"Odd Mushroom":881,"Calling Bell":622,"Strange Spoon":950,"Cauldron":1129,"DataDisk":338,"Pondfish Scales":752,"infinitespire:Satchel":622,"hubris:BundleOfHerbs":592,"Bag of Marbles":773,"Membership Card":415,"ReplayTheSpireMod:ShopPack":33,"infinitespire:BottledMercury":423,"hubris:BallOfYels":451,"Golden Egg":876,"Whetstone":160,"Ginger":622,"Bottled Tornado":415,"Boot":680,"Old Coin":1045,"Replay:Ringing Soul":841,"aspiration:EnhancedActuators":274,"MealTicket":111,"hubris:DeckOfHolding":274,"infinitespire:Golems Mask":1254,"Kunai":462,"hubris:TinFlute":518,"Pear":466,"Counterbalance":1138,"hubris:SphereOfDissonance":1067,"aspiration:IroncladSkillbook":539,"Runic Dome":1082,"Pandora\u0027s Box":140,"hubris:TenFootPole":415,"infinitespire:PuzzleCube":338,"aspiration:Lifesprig":124,"hubris:Metronome":622,"Lantern":627,"Blue Doll":950,"Painkiller Herb":1002,"StoneCalendar":1236,"Replay:Multitool":193,"Bag of Preparation":384,"Cursed Key":1428,"Replay:Rubber Ducky":582,"BranchBurnRelic":1018,"Matryoshka":415,"WingedGreaves":147,"hubris:FunFungus":950,"Inserter":104,"The Courier":636,"infinitespire:Joker Card":755,"Geode":57,"Omamori":850,"Frozen Egg 2":214,"Busted Crown":433,"Orrery":104,"Turnip":468,"Bottled Lightning":131,"ReplayTheSpireMod:Lightbulb":189,"Toy Ornithopter":176,"infinitespire:Freezer":404,"Lizard Tail":1072,"Replay:Frozen Program":1067,"DollysMirror":274,"Strawberry":299,"aspiration:ArtOfWarUpgrade":959,"Toxic Egg 2":7,"Happy Flower":195,"aspiration:Nostalgia":767,"Astrolabe":454,"Dead Branch":1017,"Oddly Smooth Stone":111,"infinitespire:Beetle Shell":669,"Replay:Kaleidoscope":659,"aspiration:SeaSaltIceCream":1135,"Letter Opener":1270,"Question Card":104,"Replay:Baseball":564,"ReplayTheSpireMod:Shallot":573,"Shuriken":560,"Bronze Scales":195,"Simple Rune":422,"Molten Egg 2":843,"ReplayTheSpireMod:TigerMarble":235,"Black Star":810,"hubris:ToyBattleship":1097,"Meat on the Bone":485,"ReplayFunnel":659,"Darkstone Periapt":876,"ReplayTheSpireMod:Ring of Exchange":1447,"SacredBark":30,"hubris:SlimyHat":85,"Incense Burner":1026,"ClockworkSouvenir":37,"Frozen Eye":1345,"Replay:Bandana":195,"Tiny Chest":603,"Cracked Core":0,"Replay:Drink Me":33,"infinitespire:Chaos":1447,"hubris:DisguiseKit":471,"BargainBundle":111,"Replay:Towering Pillar of Hats":917,"aspiration:FetidBarrel":955,"infinitespire:CursedDice":1345,"infinitespire:EmptyRelic":1447,"aspiration:HummingbirdHeart":972,"Orichalcum":408,"White Beast Statue":717,"Peace Pipe":1447,"CaptainsWheel":195,"Anchor":861,"infinitespire:WardingShard":466,"ChewingGum":245,"hubris:GrandSneckoEye":356,"Snack Pack":1021,"PureWater":767,"hubris:Potato":241,"TungstenRod":895,"hubris:NiceRug":274}],"Meat on the Bone":24},"card_choices":[{"not_picked":["ReplayTheSpireMod:System Scan","Panic Button"],"picked":"Leap","floor":1},{"not_picked":["Redo","Streamline"],"picked":"Stack","floor":2},{"not_picked":["Compile Driver","Stack"],"picked":"Hologram","floor":3},{"not_picked":["Barrage","Panic Button"],"picked":"Aggregate","floor":5},{"not_picked":["Turbo","White Noise"],"picked":"Echo Form","floor":7},{"not_picked":["BootSequence","Hologram"],"picked":"Leap","floor":12},{"not_picked":["Barrage","ReplayTheSpireMod:System Scan"],"picked":"Thunder Strike","floor":13},{"not_picked":["Gash","Rebound"],"picked":"Doom and Gloom","floor":14},{"not_picked":["Hyperbeam","Core Surge"],"picked":"Electrodynamics","floor":16},{"not_picked":["Gash","Stack"],"picked":"BasicCrystalCard+1","floor":18},{"not_picked":["ReplayTheSpireMod:Repulse","Rebound+1"],"picked":"Leap","floor":20},{"not_picked":["Leap","Blizzard"],"picked":"Echo Form","floor":20},{"not_picked":["Barrage","ReplayTheSpireMod:Reroute Power"],"picked":"Coolheaded","floor":21},{"not_picked":["FTL","Beam Cell"],"picked":"Stack+1","floor":22},{"not_picked":["ReplayTheSpireMod:Reroute Power","Rebound"],"picked":"Defragment","floor":22},{"not_picked":["Ball Lightning","Steam"],"picked":"Steam Power","floor":24},{"not_picked":["Beam Cell","Rip and Tear","Saiyan:MeteorDash"],"picked":"Ball Lightning","floor":27},{"not_picked":["Go for the Eyes","Rebound","Saiyan:LastResort"],"picked":"Melter+1","floor":27},{"not_picked":["Recycle","Fusion+1","Saiyan:BurningSoul"],"picked":"Steam Power","floor":29},{"not_picked":["Reprogram","Hologram","Coolheaded","Saiyan:DoubleMasenko"],"picked":"SKIP","floor":29},{"not_picked":["Defragment","Self Repair","Saiyan:DrainingStrike"],"picked":"Buffer","floor":31},{"not_picked":["Creative AI","hubris:Prefetch","Saiyan:Rekindle"],"picked":"ReplayTheSpireMod:Omega Cannon","floor":33},{"not_picked":["Panic Button","Coolheaded","Saiyan:KameHameHa"],"picked":"Sweeping Beam+1","floor":35},{"not_picked":["Tempest","ReplayTheSpireMod:System Scan","Saiyan:BigBangAttack"],"picked":"Skim","floor":35},{"not_picked":["Genetic Algorithm","BasicCrystalCard","Stack"],"picked":"Saiyan:PlotArmor","floor":36},{"not_picked":["Genetic Algorithm","Ball Lightning","Stack","Saiyan:Overexert"],"picked":"SKIP","floor":36},{"not_picked":["Gash","Leap","Saiyan:PowerUp"],"picked":"Reinforced Body+1","floor":37},{"not_picked":["ReplayTheSpireMod:Repulse+1","Double Energy+1","Saiyan:Pacing"],"picked":"Aggregate","floor":37},{"not_picked":["Fusion","Rebound","Leap"],"picked":"Saiyan:TransfigurationBeam","floor":38},{"not_picked":["Hologram","Go for the Eyes","Saiyan:PowerUp"],"picked":"Storm","floor":38},{"not_picked":["Replay:Fractal Strike","ReplayTheSpireMod:Echoes of Time"],"picked":"infinitespire:Punishment","floor":39},{"not_picked":["Panic Button","ReplayReversal"],"picked":"Capacitor+1","floor":42},{"not_picked":["Multi-Cast","Recycle"],"picked":"Steam Power","floor":47},{"not_picked":["Panic Button","Streamline"],"picked":"Turbo","floor":52},{"not_picked":["Compile Driver","Sweeping Beam"],"picked":"Turbo","floor":54}],"player_experience":623742,"relics_obtained":[{"floor":13,"key":"hubris:AstralHammer"},{"floor":21,"key":"Oddly Smooth Stone"},{"floor":24,"key":"aspiration:FetidBarrel"},{"floor":26,"key":"hubris:DisguiseKit"},{"floor":31,"key":"Darkstone Periapt"},{"floor":43,"key":"Spirit Poop"},{"floor":54,"key":"hubris:64BitClover"},{"floor":54,"key":"infinitespire:ShieldingShard"}],"event_choices":[{"damage_healed":0,"gold_gain":78,"player_choice":"Gained Gold","damage_taken":0,"max_hp_gain":0,"max_hp_loss":0,"event_name":"Golden Wing","floor":11,"gold_loss":0},{"damage_healed":0,"gold_gain":0,"player_choice":"1 cards matched","damage_taken":0,"max_hp_gain":0,"max_hp_loss":0,"event_name":"Match and Keep!","floor":41,"gold_loss":0,"cards_obtained":["Writhe"]}],"is_beta":false,"boss_relics":[{"not_picked":["Replay:Drink Me","aspiration:SecretTechniqueScroll"],"picked":"Replay:Fungal Core"},{"not_picked":["Runic Dome","aspiration:PoetsPen_weak"],"picked":"Cursed Key"}],"items_purged_floors":[0,39,53],"is_endless":false,"potions_floor_spawned":[1,2,12,22,24,27,35,37,42],"ascension_level":16}}