{"host":"5l8aagjp5pbsh4rj","time":1610890416,"event":{"mods":["BaseMod","DeckTracker","Defuse TimeMaze Blight","Minty Spire (QoL Compilation)","Relic Stats","StSLib"],"gold_per_floor":[214,232,232,32,57,57,57,57,57,7,7,45,120,138,138,138,138],"floor_reached":16,"language":"ENG","playtime":579,"items_purged":[],"score":98,"play_id":"1bbc501b-23a0-4806-9da5-d34f882ca5a0","local_time":"20210117083336","is_ascension_mode":false,"campfire_choices":[{"data":"Fusion","floor":6,"key":"SMITH"},{"data":"Redo","floor":8,"key":"SMITH"},{"data":"Coolheaded","floor":11,"key":"SMITH"},{"floor":15,"key":"REST"}],"circlet_count":0,"master_deck":["Strike_B","Strike_B","Strike_B+1","Defend_B","Defend_B","Defend_B","Defend_B+1","Zap","Dualcast","Redo+1","Sweeping Beam","Injury","Coolheaded+1","Fusion+1","Storm","Stack"],"relics":["Cracked Core","Golden Idol","Happy Flower","Shuriken","Omamori"],"acts_visited":["Exordium"],"potions_floor_usage":[16,16],"damage_taken":[{"damage":1,"enemies":"Jaw Worm","floor":1,"turns":4},{"damage":0,"enemies":"2 Louse","floor":2,"turns":2},{"damage":0,"enemies":"Cultist","floor":5,"turns":3},{"damage":21,"enemies":"Lagavulin","floor":12,"turns":7},{"damage":10,"enemies":"Lots of Slimes","floor":14,"turns":5},{"damage":31,"enemies":"The Guardian","floor":16,"turns":10}],"seed_played":"2528013296827402434","potions_obtained":[{"floor":2,"key":"Weak Potion"},{"floor":12,"key":"BlessingOfTheForge"}],"is_trial":false,"path_per_floor":["M","M","?","$","M","R","?","R","T","?","R","E","?","M","R","B"],"character_chosen":"DEFECT","items_purchased":["Happy Flower","Coolheaded"],"campfire_rested":1,"item_purchase_floors":[4,4],"current_hp_per_floor":[74,74,74,74,74,74,59,59,59,59,59,38,27,17,39,8,8],"gold":138,"neow_bonus":"HUNDRED_GOLD","is_daily":false,"chose_seed":false,"campfire_upgraded":3,"win_rate":0.0,"timestamp":1610890416,"path_taken":["M","M","?","$","M","R","?","R","T","?","R","E","?","M","R","BOSS"],"items_purchased_type":["Relic","Card"],"build_version":"2020-12-22","purchased_purges":0,"victory":false,"max_hp_per_floor":[75,75,75,75,75,75,75,75,75,75,75,75,75,75,75,75,75],"relic_stats":{"Happy Flower":[8],"counters":[6,31],"Golden Idol":17,"Shuriken":[1],"obtain_stats":[{"Happy Flower":4,"Golden Idol":3,"Shuriken":9,"Omamori":12,"Cracked Core":0},{"Happy Flower":2,"Golden Idol":2,"Shuriken":3,"Omamori":4,"Cracked Core":0},{"Happy Flower":6,"Golden Idol":6,"Shuriken":9,"Omamori":16,"Cracked Core":0}]},"card_choices":[{"not_picked":["Barrage","Steam"],"picked":"Redo","floor":1},{"not_picked":["Tempest","Compile Driver"],"picked":"Sweeping Beam","floor":2},{"not_picked":["Steam","Beam Cell"],"picked":"Fusion","floor":5},{"not_picked":["Reprogram","Undo"],"picked":"Storm","floor":12},{"not_picked":["Steam Power","Barrage"],"picked":"Stack","floor":14}],"player_experience":177414,"relics_obtained":[{"floor":9,"key":"Shuriken"},{"floor":12,"key":"Omamori"}],"event_choices":[{"damage_healed":0,"gold_gain":0,"player_choice":"Take Wound","damage_taken":0,"relics_obtained":["Golden Idol"],"max_hp_gain":0,"max_hp_loss":0,"event_name":"Golden Idol","floor":3,"gold_loss":0,"cards_obtained":["Injury"]},{"damage_healed":0,"gold_gain":0,"player_choice":"Entered Light","damage_taken":15,"max_hp_gain":0,"max_hp_loss":0,"event_name":"Shining Light","floor":7,"gold_loss":0,"cards_upgraded":["Strike_B","Defend_B"]},{"cards_removed":["Strike_B"],"damage_healed":0,"gold_gain":0,"player_choice":"Card Removal","damage_taken":0,"max_hp_gain":0,"max_hp_loss":0,"event_name":"The Cleric","floor":10,"gold_loss":50},{"damage_healed":0,"gold_gain":75,"player_choice":"Gather Gold","damage_taken":11,"max_hp_gain":0,"max_hp_loss":0,"event_name":"World of Goop","floor":13,"gold_loss":0}],"is_beta":false,"boss_relics":[],"items_purged_floors":[],"is_endless":false,"potions_floor_spawned":[2,12],"killed_by":"The Guardian","ascension_level":0}}