{"host":"92108ef2q9tm8rod","time":1610860945,"event":{"mods":["BaseMod","Defuse TimeMaze Blight","Minty Spire (QoL Compilation)","StSLib","The Jungle"],"gold_per_floor":[115,115,131,145,159,188,188,214,214,214,214,240,240,266,266,362,362,379,389,389,389,405,405,405,425,425,453,486,486,366,385,385,490,490,503,517,530,548,548,548,561,435,435,466,479,479,489,18,18,18],"floor_reached":51,"language":"ENG","playtime":1939,"items_purged":[],"score":1172,"play_id":"4758807f-0d01-47fe-b487-6dfe62f514d0","local_time":"20210117052225","daily_mods":["SealedDeck","Purple Cards","Heirloom","Flight"],"is_ascension_mode":false,"campfire_choices":[{"data":"Tactician","floor":7,"key":"SMITH"},{"data":"Acrobatics","floor":10,"key":"SMITH"},{"data":"Wallop","floor":11,"key":"SMITH"},{"data":"Underhanded Strike","floor":13,"key":"SMITH"},{"data":"Underhanded Strike","floor":15,"key":"SMITH"},{"data":"Escape Plan","floor":23,"key":"SMITH"},{"data":"Dagger Throw","floor":24,"key":"SMITH"},{"data":"Slice","floor":29,"key":"SMITH"},{"data":"Slice","floor":32,"key":"SMITH"},{"floor":40,"key":"REST"},{"data":"PiercingWail","floor":49,"key":"SMITH"}],"circlet_count":0,"master_deck":["Slice+1","Slice+1","Underhanded Strike+1","Wallop+1","PiercingWail+1","Dagger Throw+1","Underhanded Strike+1","Escape Plan+1","Tactician+1","Acrobatics+1"],"relics":["Ring of the Serpent","Tough Bandages","Akabeko","Molten Egg 2","Bottled Flame","Bronze Scales","WristBlade","The Courier","Happy Flower","Dream Catcher","Medical Kit","Anchor","Bag of Marbles","Pantograph","Tingsha","Unceasing Top"],"acts_visited":["Exordium","Exordium","TheBeyond"],"potions_floor_usage":[12,37,38,50,50,50],"damage_taken":[{"damage":0,"enemies":"Cultist","floor":1,"turns":1},{"damage":0,"enemies":"2 Louse","floor":3,"turns":1},{"damage":0,"enemies":"Small Slimes","floor":4,"turns":1},{"damage":0,"enemies":"Looter","floor":5,"turns":1},{"damage":0,"enemies":"Gremlin Nob","floor":6,"turns":2},{"damage":9,"enemies":"3 Sentries","floor":8,"turns":3},{"damage":0,"enemies":"Lagavulin","floor":12,"turns":1},{"damage":0,"enemies":"3 Sentries","floor":14,"turns":2},{"damage":0,"enemies":"Slime Boss","floor":16,"turns":2},{"damage":0,"enemies":"Shell Parasite","floor":18,"turns":1},{"damage":0,"enemies":"theJungle:GiantWrat","floor":19,"turns":1},{"damage":0,"enemies":"theJungle:Lyon","floor":22,"turns":1},{"damage":0,"enemies":"Snake Plant","floor":25,"turns":1},{"damage":0,"enemies":"theJungle:Cassacara","floor":27,"turns":2},{"damage":0,"enemies":"theJungle:2_Phrogs","floor":28,"turns":2},{"damage":0,"enemies":"theJungle:Snecko_Cultist_And_Trap","floor":31,"turns":1},{"damage":0,"enemies":"theJungle:FunGuy","floor":33,"turns":5},{"damage":0,"enemies":"3 Darklings","floor":35,"turns":2},{"damage":0,"enemies":"3 Shapes","floor":36,"turns":1},{"damage":0,"enemies":"Maw","floor":37,"turns":3},{"damage":17,"enemies":"Writhing Mass","floor":38,"turns":4},{"damage":0,"enemies":"Jaw Worm Horde","floor":41,"turns":2},{"damage":0,"enemies":"Nemesis","floor":44,"turns":1},{"damage":0,"enemies":"Sphere and 2 Shapes","floor":45,"turns":2},{"damage":0,"enemies":"4 Shapes","floor":47,"turns":1},{"damage":0,"enemies":"Donu and Deca","floor":50,"turns":4}],"seed_played":"-720257100581234156","potions_obtained":[{"floor":1,"key":"Ancient Potion"},{"floor":6,"key":"BlessingOfTheForge"},{"floor":8,"key":"GamblersBrew"},{"floor":12,"key":"EssenceOfSteel"},{"floor":19,"key":"Block Potion"},{"floor":36,"key":"Ancient Potion"},{"floor":41,"key":"Explosive Potion"},{"floor":45,"key":"DuplicationPotion"}],"is_trial":true,"path_per_floor":["M","$","M","M","M","E","R","E","T","R","R","E","R","E","R","B",null,"M","M","$","?","M","R","R","M","T","E","E","R","$","M","R","B",null,"M","M","M","M","?","R","M","$","T","E","M","$","M","$","R","B",null],"character_chosen":"THE_SILENT","items_purchased":["Medical Kit","Anchor","Tingsha","Unceasing Top"],"campfire_rested":1,"item_purchase_floors":[30,42,48,48],"current_hp_per_floor":[70,70,70,70,70,70,70,61,61,61,61,61,61,61,61,61,70,70,70,70,70,70,70,70,70,70,70,70,70,70,70,70,70,70,70,70,70,53,53,70,70,70,70,70,70,70,70,70,70,70],"gold":18,"neow_bonus":"","is_daily":false,"chose_seed":false,"campfire_upgraded":10,"win_rate":0.0,"timestamp":1610860945,"path_taken":["M","$","?","M","M","E","R","E","T","R","R","E","R","E","R","BOSS","M","M","$","?","M","R","R","M","T","E","E","R","$","M","R","BOSS","M","M","M","M","?","R","M","$","T","E","M","$","M","$","R","BOSS"],"items_purchased_type":["Relic","Relic","Relic","Relic"],"build_version":"2020-12-22","purchased_purges":0,"victory":true,"max_hp_per_floor":[70,70,70,70,70,70,70,70,70,70,70,70,70,70,70,70,70,70,70,70,70,70,70,70,70,70,70,70,70,70,70,70,70,70,70,70,70,70,70,70,70,70,70,70,70,70,70,70,70,70],"card_choices":[{"not_picked":["Noxious Fumes","Sucker Punch","Consecrate"],"picked":"SKIP","floor":1},{"not_picked":["FlurryOfBlows","CutThroughFate","All Out Attack"],"picked":"SKIP","floor":3},{"not_picked":["Dagger Throw","Underhanded Strike","Cloak And Dagger"],"picked":"SKIP","floor":4},{"not_picked":["Weave","Outmaneuver","Bouncing Flask"],"picked":"SKIP","floor":5},{"not_picked":["Dash","DeceiveReality","Protect"],"picked":"SKIP","floor":6},{"not_picked":["Crescendo","Reflex","LikeWater"],"picked":"SKIP","floor":8},{"not_picked":["BattleHymn","LikeWater","Deadly Poison"],"picked":"SKIP","floor":12},{"not_picked":["Dagger Spray+1","Vengeance","Backflip"],"picked":"SKIP","floor":14},{"not_picked":["EmptyFist+1","FlyingSleeves+1","Blade Dance+1"],"picked":"SKIP","floor":18},{"not_picked":["Infinite Blades","Underhanded Strike+1","Prostrate"],"picked":"SKIP","floor":19},{"not_picked":["Prepared","Acrobatics","Caltrops"],"picked":"SKIP","floor":22},{"not_picked":["PiercingWail","Bane+1","EmptyMind"],"picked":"SKIP","floor":25},{"not_picked":["ClearTheMind","Conclude+1","DevaForm"],"picked":"SKIP","floor":27},{"not_picked":["Slice+1","ReachHeaven+1","Cloak And Dagger"],"picked":"SKIP","floor":28},{"not_picked":["Deadly Poison","Dagger Spray+1","EmptyMind"],"picked":"SKIP","floor":31},{"not_picked":["Backflip","Underhanded Strike+1","FlyingSleeves+1"],"picked":"SKIP","floor":35},{"not_picked":["Conclude+1","Consecrate+1","Concentrate"],"picked":"SKIP","floor":36},{"not_picked":["Heel Hook+1","Acrobatics","Blade Dance"],"picked":"SKIP","floor":37},{"not_picked":["Underhanded Strike+1","Evaluate+1","Flechettes+1"],"picked":"SKIP","floor":38},{"not_picked":["Sucker Punch+1","EmptyBody","All Out Attack+1"],"picked":"SKIP","floor":41},{"not_picked":["Flechettes+1","Evaluate+1","FollowUp+1"],"picked":"SKIP","floor":44},{"not_picked":["CutThroughFate+1","Vault","DeceiveReality"],"picked":"SKIP","floor":45},{"not_picked":["Blade Dance","Dodge and Roll","Quick Slash+1"],"picked":"SKIP","floor":47}],"player_experience":3307221,"relics_obtained":[{"floor":6,"key":"Akabeko"},{"floor":9,"key":"Molten Egg 2"},{"floor":12,"key":"Bottled Flame"},{"floor":14,"key":"Bronze Scales"},{"floor":26,"key":"The Courier"},{"floor":27,"key":"Happy Flower"},{"floor":28,"key":"Dream Catcher"},{"floor":43,"key":"Bag of Marbles"},{"floor":44,"key":"Pantograph"}],"event_choices":[{"damage_healed":0,"gold_gain":0,"player_choice":"Ignored","damage_taken":0,"max_hp_gain":0,"max_hp_loss":0,"event_name":"Tomb of Lord Red Mask","floor":39,"gold_loss":0}],"is_beta":false,"boss_relics":[{"not_picked":["HoveringKite","Astrolabe"],"picked":"WristBlade"},{"not_picked":["Tiny House","SlaversCollar"],"picked":"Ring of the Serpent"}],"items_purged_floors":[],"is_endless":false,"potions_floor_spawned":[1,6,8,12,19,25,31,36,41,45],"ascension_level":0}}