{"host":"siro","time":1610885803,"event":{"mods":["Act Like it!","BaseMod","Colored Powertips","Defuse TimeMaze Blight","Gensokyo","Hallownest","Marisa£¨ìFÓê¡¡Ä§ÀíÉ³£©","Minty Spire (QoL Compilation)","Replay The Spire","RumiaBox-Â¶Ã×æ«µÄÉñÃØºÐ×Ó","StSLib","The Bug Knight","The Cursed","The Hierophant","The Senshi","Youmu£¨»êÆÇÑýÃÎ£©","[IsaacMod]ÒÔÈö¼âËþ","¡¾ÒÅÎï¿¨ÅÆ¡¿REMEMod"],"gold_per_floor":[116,116,166,186,196,196,428,459,482,482,412,443,458,474,474,577,577,593,543,543,571,571],"floor_reached":21,"language":"ZHS","playtime":1152,"items_purged":[],"score":339,"play_id":"3588be3f-c049-4a0c-a431-a70fd69b1f8a","local_time":"20210117201643","daily_mods":["Heirloom","Time Dilation"],"is_ascension_mode":false,"campfire_choices":[{"data":"REME_EyeOfCthun","floor":6,"key":"SMITH"},{"data":"SuddenPhantomFormationSlashOfKarmicWind","floor":15,"key":"SMITH"}],"circlet_count":0,"master_deck":["Strike_YM","Strike_YM","Strike_YM","Defend_YM","Defend_YM","Defend_YM","SlashOfPresentWorld","WheelOfPainOfLivingAndDead","BettingIsNotGood","REME_EyeOfCthun+1","RapidSlash","Gensokyo:CrescentMoonSlash","SuddenPhantomFormationSlashOfKarmicWind+1","SpiritCuttingSword","SwordExtraction","ObsessionWithThePresentWorld","HeartExcerptSlash","HumanKnowledgeSword","TwoHundredYojanaInOneSlash","SlashOfTheEternalFuture","DispleasureOfTheSevenHakus+1"],"relics":["HalfPhantom","HushsDoor","REME_ComplimentaryCards","Du-Vu Doll","Simple Rune","Matryoshka","REME_HandOfSuture","MoneyPower","Art of War","Toy Ornithopter","Happy Flower"],"acts_visited":["Exordium","Gensokyo:Gensokyo"],"potions_floor_usage":[3,12,16,16],"damage_taken":[{"damage":2,"enemies":"Gensokyo:2_Kodama","floor":1,"turns":5},{"damage":8,"enemies":"Hiden Room Battle","floor":3,"turns":2},{"damage":2,"enemies":"Gensokyo:Gryphon","floor":4,"turns":2},{"damage":0,"enemies":"Gensokyo:Python","floor":5,"turns":2},{"damage":0,"enemies":"Gensokyo:Cirno","floor":8,"turns":4},{"damage":0,"enemies":"Gensokyo:Aya","floor":12,"turns":2},{"damage":8,"enemies":"Gensokyo:CorruptedTreant","floor":13,"turns":1},{"damage":9,"enemies":"Gensokyo:Gryphon_and_Rabbit","floor":14,"turns":2},{"damage":6,"enemies":"Gensokyo:Kokoro","floor":16,"turns":5},{"damage":0,"enemies":"Gensokyo:2_Gloops","floor":18,"turns":2},{"damage":6,"enemies":"Gensokyo:3_Dogs","floor":21,"turns":4}],"seed_played":"6221493540440243364","potions_obtained":[{"floor":1,"key":"Energy Potion"},{"floor":3,"key":"Adrenaline Potion"},{"floor":4,"key":"Fire Potion"},{"floor":7,"key":"Adrenaline Potion"},{"floor":13,"key":"Reflective Coating"},{"floor":16,"key":"SkillPotion"}],"is_trial":true,"path_per_floor":["M","?","?","M","M","R","?","E","T","?","?","E","M","M","R","B",null,"M","?","?","M"],"character_chosen":"YOUMU","items_purchased":[],"campfire_rested":0,"item_purchase_floors":[],"current_hp_per_floor":[73,62,39,37,37,37,37,37,37,37,37,42,34,25,25,29,75,75,82,82,76,76],"gold":571,"neow_bonus":"","is_daily":false,"chose_seed":false,"campfire_upgraded":2,"win_rate":0.0,"timestamp":1610885803,"path_taken":["M","?","?","M","M","R","?","E","T","?","?","E","M","?","R","BOSS","M","?","?","M"],"items_purchased_type":[],"build_version":"2020-12-18","purchased_purges":0,"victory":false,"max_hp_per_floor":[75,75,75,75,75,75,75,75,75,75,75,75,75,75,75,75,75,75,82,82,82,82],"card_choices":[{"not_picked":[],"picked":"BettingIsNotGood","floor":0},{"not_picked":["CherryBlossomFlashing","SanzenSekai"],"picked":"RapidSlash","floor":1},{"not_picked":["CherryBlossomFlashing","HellFireSword"],"picked":"SuddenPhantomFormationSlashOfKarmicWind","floor":3},{"not_picked":["FlashingScatteredFlowers","SpiritMediumsBind"],"picked":"SpiritCuttingSword","floor":4},{"not_picked":["FlashingScatteredFlowers","RapidSlash"],"picked":"SwordExtraction","floor":5},{"not_picked":["LotusPostureSlash","FlashingScatteredFlowers"],"picked":"ObsessionWithThePresentWorld","floor":7},{"not_picked":["SwordExtraction","ThreeKonsSevenHakus"],"picked":"HeartExcerptSlash","floor":8},{"not_picked":["SpiritCuttingSword","CelestialStarSword","TwoHundredYojanaInOneSlash"],"picked":"SKIP","floor":12},{"not_picked":["DispleasureOfTheSevenHakus","TwoHundredYojanaInOneSlash"],"picked":"HumanKnowledgeSword","floor":13},{"not_picked":["ObsessionSword","SlashOfMeditation"],"picked":"TwoHundredYojanaInOneSlash","floor":14},{"not_picked":["AsuraSword","ASingleThoughtAndInfiniteKalpas"],"picked":"SlashOfTheEternalFuture","floor":16},{"not_picked":["HumanKnowledgeSword","KarmicPunishmentOfTheIdleAndUnfocused"],"picked":"DispleasureOfTheSevenHakus+1","floor":18}],"player_experience":191217,"relics_obtained":[{"floor":3,"key":"Simple Rune"},{"floor":3,"key":"Matryoshka"},{"floor":7,"key":"REME_HandOfSuture"},{"floor":8,"key":"MoneyPower"},{"floor":9,"key":"Art of War"},{"floor":9,"key":"Toy Ornithopter"},{"floor":12,"key":"Happy Flower"}],"event_choices":[{"damage_healed":0,"gold_gain":0,"player_choice":"Fight","damage_taken":0,"max_hp_gain":0,"max_hp_loss":0,"event_name":"HidenRoomEvent","floor":3,"gold_loss":0}],"is_beta":true,"boss_relics":[{"not_picked":["ReplayTheSpireMod:DimensionalGlitch","Busted Crown","Snecko Heart"]}],"items_purged_floors":[],"is_endless":true,"potions_floor_spawned":[1,3,4,13,16],"killed_by":"Gensokyo:3_Dogs","ascension_level":0}}