{"host":"bux1pdxjwq4dkad9","time":1610866449,"event":{"mods":["Act Like it!","BaseMod","Colored Map","Minty Spire (QoL Compilation)","Spicy Shops","StSLib","SuperFastMode","°æ“≈ŒÔMod°øºÚµ•”Œœ∑","ƒßΩ‰"],"gold_per_floor":[118,118,118,118,138,170,170,194,194,194,214,164,19,44,44,143,193,211,136,136,149,149,183,197,210,235,235,235,248,58,72,72,174,174,191,191,191,206,226,251,263,313,365,394,409,409,409,440,440,440,440,440,18,48,48],"floor_reached":56,"language":"ZHS","playtime":2616,"items_purged":["RingOfDestiny:Defend_SF","RingOfDestiny:Strike_SF+1"],"score":1713,"play_id":"a8f74bbb-6ede-4dd9-9812-9fb1e19a4049","local_time":"20210117145409","is_ascension_mode":false,"campfire_choices":[{"data":"RingOfDestiny:DarkLight","floor":7,"key":"SMITH"},{"data":"RingOfDestiny:WoodRelease","floor":10,"key":"SMITH"},{"floor":15,"key":"RECALL"},{"data":"RingOfDestiny:FrozenDark","floor":27,"key":"SMITH"},{"data":"RingOfDestiny:ForbiddenArts","floor":32,"key":"SMITH"},{"data":"Madness","floor":46,"key":"SMITH"},{"data":"Madness","floor":49,"key":"SMITH"},{"data":"RingOfDestiny:FallenFlower","floor":52,"key":"SMITH"}],"circlet_count":0,"master_deck":["RingOfDestiny:ShadowCard+1","RingOfDestiny:PoisonedShiv+1","RingOfDestiny:FallenFlower+1","RingOfDestiny:RattanBeetle+1","RingOfDestiny:Recollection+1","RingOfDestiny:DarkLight+1","RingOfDestiny:WoodRelease+1","RingOfDestiny:ForbiddenArts+1","RingOfDestiny:FrozenDark+1","RingOfDestiny:Spur+1","Madness+1","Madness+1","RingOfDestiny:BeeZone+1"],"relics":["RingOfDestiny:ShadowKunai","ImprovedEquipment","Eternal Feather","Singing Bowl","Odd Mushroom","Happy Flower","Medical Kit","Whetstone","Tiny House","CultistMask","Kunai","Smiling Mask","Anchor","Membership Card","OrangePellets","Philosopher\u0027s Stone","Juzu Bracelet","Turnip","CaptainsWheel","Akabeko","Bag of Marbles","TungstenRod","Torii","War Paint"],"acts_visited":["Exordium","TheCity","TheBeyond","TheEnding"],"potions_floor_usage":[16,55,55,55],"damage_taken":[{"damage":0,"enemies":"Small Slimes","floor":1,"turns":2},{"damage":0,"enemies":"2 Louse","floor":5,"turns":1},{"damage":0,"enemies":"3 Sentries","floor":6,"turns":3},{"damage":0,"enemies":"The Mushroom Lair","floor":8,"turns":2},{"damage":0,"enemies":"Cultist","floor":11,"turns":2},{"damage":0,"enemies":"Lagavulin","floor":14,"turns":3},{"damage":0,"enemies":"Slime Boss","floor":16,"turns":2},{"damage":9,"enemies":"Chosen","floor":18,"turns":1},{"damage":9,"enemies":"3 Byrds","floor":21,"turns":1},{"damage":21,"enemies":"Slavers","floor":23,"turns":1},{"damage":9,"enemies":"Sentry and Sphere","floor":24,"turns":2},{"damage":21,"enemies":"Chosen and Byrds","floor":25,"turns":1},{"damage":0,"enemies":"3 Cultists","floor":29,"turns":2},{"damage":0,"enemies":"Shelled Parasite and Fungi","floor":31,"turns":2},{"damage":15,"enemies":"Collector","floor":33,"turns":1},{"damage":9,"enemies":"3 Shapes","floor":35,"turns":2},{"damage":9,"enemies":"3 Darklings","floor":38,"turns":1},{"damage":6,"enemies":"Writhing Mass","floor":39,"turns":2},{"damage":6,"enemies":"Nemesis","floor":40,"turns":1},{"damage":6,"enemies":"4 Shapes","floor":41,"turns":1},{"damage":6,"enemies":"Mind Bloom Boss Battle","floor":42,"turns":1},{"damage":6,"enemies":"Reptomancer","floor":44,"turns":1},{"damage":15,"enemies":"Maw","floor":45,"turns":1},{"damage":15,"enemies":"Giant Head","floor":48,"turns":1},{"damage":0,"enemies":"Time Eater","floor":50,"turns":4},{"damage":5,"enemies":"Shield and Spear","floor":54,"turns":1},{"damage":40,"enemies":"The Heart","floor":55,"turns":3}],"seed_played":"-9027693795703065378","potions_obtained":[{"floor":1,"key":"Dexterity Potion"},{"floor":8,"key":"FearPotion"},{"floor":16,"key":"FearPotion"},{"floor":17,"key":"SteroidPotion"},{"floor":37,"key":"DuplicationPotion"}],"is_trial":false,"path_per_floor":["M","?","?","?","M","E","R","?","T","R","M","?","$","E","R","B",null,"M","$","?","M","$","E","M","M","T","R","?","M","$","M","R","B",null,"M","?","?","M","M","E","M","?","T","E","M","R","?","E","R","B",null,"R","$","E","B",null],"character_chosen":"ShadowFlower","items_purchased":["Medical Kit","Membership Card","OrangePellets","Bag of Marbles","TungstenRod","Torii"],"campfire_rested":0,"item_purchase_floors":[13,30,30,53,53,53],"current_hp_per_floor":[78,62,55,52,53,60,66,71,71,77,81,81,81,85,86,86,93,90,90,90,86,86,83,78,71,71,77,77,86,86,88,94,94,105,105,92,92,97,103,108,113,115,115,115,117,117,117,119,119,119,119,119,119,121,93],"gold":48,"neow_bonus":"TRANSFORM_TWO_CARDS","is_daily":false,"chose_seed":false,"campfire_upgraded":7,"win_rate":0.0,"timestamp":1610866449,"path_taken":["M","?","?","?","M","E","R","?","T","R","M","?","$","E","R","BOSS","M","$","?","?","$","E","M","M","T","R","?","M","?","M","R","BOSS","M","?","?","M","M","E","M","?","T","E","M","R","?","E","R","BOSS","R","$","E","BOSS"],"items_purchased_type":["Relic","Relic","Relic","Relic","Relic","Relic"],"build_version":"2020-12-22","purchased_purges":2,"victory":true,"max_hp_per_floor":[78,78,78,78,78,80,80,82,82,82,84,84,84,86,86,86,93,95,95,95,97,97,99,99,101,101,101,101,103,103,105,105,105,105,105,105,105,107,109,111,113,115,115,115,117,117,117,119,119,119,119,119,119,121,121],"card_choices":[{"not_picked":["RingOfDestiny:StaminaBook","RingOfDestiny:ShadowStab"],"picked":"RingOfDestiny:WoodRelease","floor":1},{"not_picked":["RingOfDestiny:WristBlade","RingOfDestiny:ShadowRose","RingOfDestiny:StaminaBook"],"picked":"SKIP","floor":5},{"not_picked":["RingOfDestiny:FinalAttack","RingOfDestiny:EarthRelease","RingOfDestiny:HexaMudra"],"picked":"Singing Bowl","floor":6},{"not_picked":["RingOfDestiny:FlashOfSlash","RingOfDestiny:MetalRelease","RingOfDestiny:ShurikenFlip"],"picked":"Singing Bowl","floor":8},{"not_picked":["RingOfDestiny:Servicing","RingOfDestiny:ShadowCorrosion","RingOfDestiny:HexaMudra"],"picked":"Singing Bowl","floor":11},{"not_picked":["RingOfDestiny:HexaMudra","RingOfDestiny:ShadowCorrosion","RingOfDestiny:ShurikenFlip"],"picked":"Singing Bowl","floor":14},{"not_picked":["RingOfDestiny:InfectMark","RingOfDestiny:ShadowPortal"],"picked":"RingOfDestiny:ForbiddenArts","floor":16},{"not_picked":["RingOfDestiny:Agile","RingOfDestiny:ShadowStab","RingOfDestiny:OctMudra"],"picked":"Singing Bowl","floor":17},{"not_picked":["RingOfDestiny:PoisonedShiv","RingOfDestiny:Belt","RingOfDestiny:Spur"],"picked":"Singing Bowl","floor":18},{"not_picked":["RingOfDestiny:Ridicule","RingOfDestiny:HexaMudra+1","RingOfDestiny:WoodRelease"],"picked":"Singing Bowl","floor":21},{"not_picked":["RingOfDestiny:FallenFlower+1","RingOfDestiny:FireRelease+1","RingOfDestiny:HexaMudra"],"picked":"Singing Bowl","floor":23},{"not_picked":["RingOfDestiny:ShadowStab","RingOfDestiny:StaminaBook"],"picked":"RingOfDestiny:FrozenDark","floor":24},{"not_picked":["RingOfDestiny:Servicing","RingOfDestiny:FlashOfSlash+1","RingOfDestiny:Conspiracy"],"picked":"Singing Bowl","floor":25},{"not_picked":["RingOfDestiny:MethMudra","RingOfDestiny:Stealth","RingOfDestiny:ShadowCorrosion+1"],"picked":"Singing Bowl","floor":29},{"not_picked":["RingOfDestiny:FireRelease","RingOfDestiny:ShadowShackles","RingOfDestiny:KunaiSpray"],"picked":"Singing Bowl","floor":31},{"not_picked":["RingOfDestiny:RepeatOffender","RingOfDestiny:Makibisi"],"picked":"RingOfDestiny:BottlePoison","floor":33},{"not_picked":["RingOfDestiny:ButaMudra","RingOfDestiny:WoodRelease"],"picked":"RingOfDestiny:Spur+1","floor":35},{"not_picked":["RingOfDestiny:Agile","RingOfDestiny:ShadowShackles+1","RingOfDestiny:Servicing+1"],"picked":"Singing Bowl","floor":38},{"not_picked":["RingOfDestiny:ButaMudra","RingOfDestiny:MetalRelease+1","RingOfDestiny:ShadowBlossom"],"picked":"Singing Bowl","floor":39},{"not_picked":["RingOfDestiny:HeptMudra","RingOfDestiny:ShadowBlossom","RingOfDestiny:Stealth"],"picked":"Singing Bowl","floor":40},{"not_picked":["RingOfDestiny:ShadowStab+1","RingOfDestiny:Ridicule","RingOfDestiny:Belt"],"picked":"Singing Bowl","floor":41},{"not_picked":["RingOfDestiny:ShadowBlossom+1","RingOfDestiny:ShadowCutter","RingOfDestiny:HeptMudra"],"picked":"Singing Bowl","floor":42},{"not_picked":["RingOfDestiny:ShadowCutter","RingOfDestiny:RepeatOffender"],"picked":"RingOfDestiny:BeeZone+1","floor":44},{"not_picked":["RingOfDestiny:Spur+1","RingOfDestiny:HexaMudra+1","RingOfDestiny:GasBomb"],"picked":"Singing Bowl","floor":45},{"not_picked":["RingOfDestiny:ShadowPortal","RingOfDestiny:ShadowStab+1","RingOfDestiny:StaminaBook"],"picked":"Singing Bowl","floor":48},{"not_picked":["RingOfDestiny:UndecMudra+1","RingOfDestiny:FlashOfSlash+1","RingOfDestiny:HexaMudra"],"picked":"Singing Bowl","floor":54}],"player_experience":2435061,"relics_obtained":[{"floor":6,"key":"Singing Bowl"},{"floor":8,"key":"Odd Mushroom"},{"floor":9,"key":"Happy Flower"},{"floor":14,"key":"Whetstone"},{"floor":23,"key":"Kunai"},{"floor":26,"key":"Smiling Mask"},{"floor":40,"key":"Juzu Bracelet"},{"floor":42,"key":"Turnip"},{"floor":44,"key":"CaptainsWheel"},{"floor":48,"key":"Akabeko"},{"floor":54,"key":"War Paint"}],"event_choices":[{"damage_healed":0,"gold_gain":0,"player_choice":"Entered Light","damage_taken":16,"max_hp_gain":0,"max_hp_loss":0,"event_name":"Shining Light","floor":2,"gold_loss":0,"cards_upgraded":["RingOfDestiny:Recollection","RingOfDestiny:Strike_SF"]},{"cards_removed":["RingOfDestiny:Strike_SF"],"damage_healed":0,"gold_gain":0,"player_choice":"Card Removal","damage_taken":7,"max_hp_gain":0,"max_hp_loss":0,"event_name":"Golden Wing","floor":3,"gold_loss":0},{"damage_healed":0,"gold_gain":0,"player_choice":"Success","damage_taken":3,"relics_obtained":["Eternal Feather"],"max_hp_gain":0,"max_hp_loss":0,"event_name":"Scrap Ooze","floor":4,"gold_loss":0},{"damage_healed":0,"gold_gain":0,"player_choice":"Fought Mushrooms","damage_taken":0,"max_hp_gain":0,"max_hp_loss":0,"event_name":"Mushrooms","floor":8,"gold_loss":0},{"cards_removed":["RingOfDestiny:Defend_SF"],"damage_healed":0,"gold_gain":0,"player_choice":"Card Removal","damage_taken":0,"max_hp_gain":0,"max_hp_loss":0,"event_name":"The Cleric","floor":12,"gold_loss":50},{"damage_healed":0,"gold_gain":0,"player_choice":"Trade","damage_taken":0,"relics_obtained":["CultistMask"],"max_hp_gain":0,"max_hp_loss":0,"event_name":"FaceTrader","floor":20,"gold_loss":0},{"damage_healed":0,"gold_gain":0,"player_choice":"Opened","damage_taken":0,"relics_obtained":["Anchor"],"max_hp_gain":0,"max_hp_loss":0,"event_name":"The Mausoleum","floor":28,"gold_loss":0},{"damage_healed":0,"gold_gain":0,"player_choice":"Embrace Madness","damage_taken":13,"max_hp_gain":0,"max_hp_loss":0,"event_name":"Winding Halls","floor":36,"gold_loss":0,"cards_obtained":["Madness","Madness"]},{"damage_healed":0,"gold_gain":0,"player_choice":"Got Potions","damage_taken":0,"max_hp_gain":0,"max_hp_loss":0,"event_name":"Lab","floor":37,"gold_loss":0},{"damage_healed":0,"gold_gain":0,"player_choice":"Fight","damage_taken":0,"max_hp_gain":0,"max_hp_loss":0,"event_name":"MindBloom","floor":42,"gold_loss":0},{"cards_removed":["RingOfDestiny:BottlePoison"],"damage_healed":0,"gold_gain":0,"player_choice":"Removed Power","damage_taken":0,"max_hp_gain":0,"max_hp_loss":0,"event_name":"Falling","floor":47,"gold_loss":0}],"is_beta":false,"boss_relics":[{"not_picked":["Calling Bell","Cursed Key"],"picked":"Tiny House"},{"not_picked":["Pandora\u0027s Box","Velvet Choker"],"picked":"Philosopher\u0027s Stone"}],"items_purged_floors":[19,53],"is_endless":false,"potions_floor_spawned":[1,8,16,24,25,29,39,41,42,44],"ascension_level":0}}