{"host":"r10yh36zs2k9z1sa","time":1610885098,"event":{"mods":["Astrologer","BaseMod","Colored Map","Hermit","Marisa¡]Ãú«B¡@Å]²z¨F¡^","Minty Spire (QoL Compilation)","Permanent Neow","Remilia¡]Á¢¦Ì²ú?¡^","StSLib","The Animator","The Bug Knight","The Cursed","The Gatherer","The Hierophant","The Necromancer","The Runesmith","The Servant 0.9.4"],"gold_per_floor":[116,126,126,76,88,116,116,148,148,58,74,88,122,135,135,237,237,257,50,50,50,66,66,101,114,161,191,203,215,255,118,118,216,216,232,252,60,0,50,82,82,162,185,185,237,263,281,315,315,315],"floor_reached":51,"language":"ZHS","playtime":7828,"items_purged":["Strike_S","Defend_S","Strike_S","Defend_S","Strike_S"],"score":1137,"play_id":"818d98a8-db33-4b79-aeea-831ce38eadf2","local_time":"20210117200458","is_ascension_mode":true,"campfire_choices":[{"data":"Sunlight","floor":7.0,"key":"SMITH"},{"data":"DualDimension","floor":15.0,"key":"SMITH"},{"data":"SoulSculpture","floor":23.0,"key":"SMITH"},{"data":"InstantArmor","floor":29.0,"key":"SMITH"},{"data":"Sunlight","floor":32.0,"key":"SMITH"},{"data":"TheWorld","floor":41.0,"key":"SMITH"},{"data":"MurderousAura","floor":44.0,"key":"SMITH"},{"data":"InstantArmor","floor":49,"key":"SMITH"}],"circlet_count":0,"master_deck":["Strike_S","Defend_S","KidneyShot","Exchange","Dilation","Foresight","Moonlight","Read","Sunlight+1","RealityMarble","DualDimension+1","SilverBlades","Defy","SoulSculpture+1","InstantArmor+1","Shame","Comet","Sunlight+1","MurderousAura+1","TheWorld+1","SpecialFormula","Barrier","Alleviate+1","InstantArmor+1","Sunlight+1","StarChef+1","Defy+1"],"relics":["Uniform","Smiling Mask","HollowMod:LifeEnderRelic","Bottled Lightning","MealTicket","Vajra","SlaversCollar","Runesmith:AutoHammer","Lizard Tail","Orichalcum","Anchor","MawBank","Broom","Philosopher\u0027s Stone","Red Mask","Pocketwatch","TungstenRod","Molten Egg 2","Happy Flower","Du-Vu Doll","Prayer Wheel","Blue Candle"],"acts_visited":["Exordium","TheCity","TheBeyond"],"potions_floor_usage":[50,50],"damage_taken":[{"damage":0.0,"enemies":"Cultist","floor":1.0,"turns":4.0},{"damage":0.0,"enemies":"2 Louse","floor":2.0,"turns":3.0},{"damage":1.0,"enemies":"Jaw Worm","floor":5.0,"turns":4.0},{"damage":0.0,"enemies":"Lagavulin","floor":6.0,"turns":10.0},{"damage":4.0,"enemies":"3 Sentries","floor":8.0,"turns":5.0},{"damage":7.0,"enemies":"Exordium Thugs","floor":11.0,"turns":2.0},{"damage":0.0,"enemies":"Large Slime","floor":12.0,"turns":4.0},{"damage":0.0,"enemies":"Lagavulin","floor":13.0,"turns":8.0},{"damage":0.0,"enemies":"Looter","floor":14.0,"turns":4.0},{"damage":0.0,"enemies":"The Guardian","floor":16.0,"turns":9.0},{"damage":0.0,"enemies":"Shell Parasite","floor":18.0,"turns":4.0},{"damage":0.0,"enemies":"Spheric Guardian","floor":22.0,"turns":4.0},{"damage":0.0,"enemies":"HollowMod:Nosk","floor":24.0,"turns":5.0},{"damage":0.0,"enemies":"Centurion and Healer","floor":25.0,"turns":9.0},{"damage":0.0,"enemies":"Gremlin Leader","floor":27.0,"turns":5.0},{"damage":0.0,"enemies":"HollowMod:Nosk","floor":30.0,"turns":6.0},{"damage":7.0,"enemies":"Champ","floor":33.0,"turns":13.0},{"damage":30.0,"enemies":"3 Darklings","floor":35.0,"turns":3.0},{"damage":0.0,"enemies":"Orb Walker","floor":36.0,"turns":3.0},{"damage":0.0,"enemies":"Mind Bloom Boss Battle","floor":39.0,"turns":5.0},{"damage":0.0,"enemies":"Giant Head","floor":40.0,"turns":8.0},{"damage":11.0,"enemies":"2 Orb Walkers","floor":45.0,"turns":4.0},{"damage":0.0,"enemies":"Nemesis","floor":46.0,"turns":5.0},{"damage":0.0,"enemies":"Writhing Mass","floor":47.0,"turns":5.0},{"damage":0,"enemies":"Reptomancer","floor":48,"turns":5},{"damage":0,"enemies":"Donu and Deca","floor":50,"turns":6}],"seed_played":"-2985939638774882916","potions_obtained":[{"floor":1.0,"key":"DistilledChaos"},{"floor":2.0,"key":"SkillPotion"},{"floor":5.0,"key":"ColorlessPotion"},{"floor":8.0,"key":"SkillPotion"},{"floor":12.0,"key":"Ancient Potion"},{"floor":16.0,"key":"AttackPotion"},{"floor":18.0,"key":"SmokeBomb"},{"floor":25.0,"key":"Fruit Juice"},{"floor":33.0,"key":"PowerPotion"},{"floor":35.0,"key":"Swift Potion"},{"floor":36.0,"key":"DistilledChaos"},{"floor":45.0,"key":"Fire Potion"},{"floor":46.0,"key":"BlessingOfTheForge"}],"is_trial":false,"path_per_floor":["M","M","?","$","M","E","R","E","T","$","M","M","E","M","R","B",null,"M","$","?","?","M","R","E","M","T","E","?","R","E","$","R","B",null,"M","M","$","?","?","E","R","T","T","R","?","E","M","E","R","B",null],"character_chosen":"THE_SERVANT","items_purchased":["RealityMarble","Runesmith:AutoHammer","Fruit Juice","TheWorld"],"campfire_rested":0,"item_purchase_floors":[10,19,31,37],"current_hp_per_floor":[65,65,58,58,57,57,57,53,53,65,58,58,58,58,58,58,65,65,65,65,65,65,65,65,65,65,70,70,70,70,70,70,68,75,45,45,60,60,60,65,65,65,65,65,59,64,69,74,74,75],"gold":315,"neow_bonus":"ONE_RANDOM_RARE_CARD","is_daily":false,"chose_seed":false,"campfire_upgraded":8,"win_rate":0.0,"timestamp":1610885098,"path_taken":["M","M","?","$","M","E","R","E","T","$","M","M","E","M","R","BOSS","M","$","?","?","?","R","E","M","T","E","?","R","E","$","R","BOSS","M","M","$","?","?","E","R","?","T","R","?","E","M","E","R","BOSS"],"items_purchased_type":["Card","Relic","Potion","Card"],"build_version":"2020-12-22","purchased_purges":5,"victory":true,"max_hp_per_floor":[65,65,65,65,65,65,65,65,65,65,65,65,65,65,65,65,65,65,65,65,65,65,65,65,65,65,70,70,70,70,70,70,75,75,75,75,75,75,75,75,75,75,75,75,75,75,75,75,75,75],"card_choices":[{"not_picked":["Moondial","TimeWarp"],"picked":"Foresight","floor":1.0},{"not_picked":["Rewind","FastForward"],"picked":"Moonlight","floor":2.0},{"not_picked":["Initiator","Desolation"],"picked":"Read","floor":5.0},{"not_picked":["Spin","TimeWarp"],"picked":"Sunlight","floor":6.0},{"not_picked":["Alleviate","Potential","Starlight"],"picked":"SKIP","floor":8.0},{"not_picked":["Rearm","Shuttle"],"picked":"DualDimension","floor":11.0},{"not_picked":["Potential","Duplication"],"picked":"SilverBlades","floor":12.0},{"not_picked":["Contraction","Alleviate"],"picked":"Defy","floor":13.0},{"not_picked":["Replace","FastForward","FloweringNight"],"picked":"SKIP","floor":14.0},{"not_picked":["KillingDoll","LightFlow"],"picked":"SoulSculpture","floor":16.0},{"not_picked":["FastForward","Spin"],"picked":"InstantArmor","floor":18.0},{"not_picked":["Hightail","Replace","Starlight"],"picked":"SKIP","floor":22.0},{"not_picked":["Rearm","RealityMarble"],"picked":"Sunlight","floor":24.0},{"not_picked":["Rearm","DoubleEdge+1","Desolation"],"picked":"SKIP","floor":25.0},{"not_picked":["Defy","Ricochet","Potential"],"picked":"SKIP","floor":27.0},{"not_picked":["Embodiment","Snipe","DoubleEdge"],"picked":"SKIP","floor":30.0},{"not_picked":["Dilation","Solidify"],"picked":"MurderousAura","floor":33.0},{"not_picked":["FastForward+1","Hightail+1","Rearm"],"picked":"SKIP","floor":35.0},{"not_picked":["Moondial+1","WasteNot","ReturningBlade"],"picked":"SKIP","floor":36.0},{"not_picked":["ReturningBlade+1","Misdirection+1"],"picked":"SpecialFormula","floor":39.0},{"not_picked":["Reset+1","Unruled+1"],"picked":"Barrier","floor":40.0},{"not_picked":["Potential+1","Starlight+1"],"picked":"Alleviate+1","floor":45.0},{"not_picked":["Replace","Gouge+1"],"picked":"InstantArmor","floor":46.0},{"not_picked":["MoonPhase","Reset"],"picked":"Sunlight+1","floor":47.0},{"not_picked":["TimeWarp+1","Revamp"],"picked":"StarChef+1","floor":47.0},{"not_picked":["FloweringNight","GearUp+1"],"picked":"Defy+1","floor":48}],"player_experience":220306,"relics_obtained":[{"floor":6.0,"key":"HollowMod:LifeEnderRelic"},{"floor":8.0,"key":"Bottled Lightning"},{"floor":9.0,"key":"MealTicket"},{"floor":13.0,"key":"Vajra"},{"floor":24.0,"key":"Orichalcum"},{"floor":26.0,"key":"Anchor"},{"floor":27.0,"key":"MawBank"},{"floor":30.0,"key":"Broom"},{"floor":39.0,"key":"Pocketwatch"},{"floor":40.0,"key":"TungstenRod"},{"floor":42.0,"key":"Molten Egg 2"},{"floor":43.0,"key":"Happy Flower"},{"floor":45.0,"key":"Du-Vu Doll"},{"floor":46.0,"key":"Prayer Wheel"},{"floor":48,"key":"Blue Candle"}],"event_choices":[{"damage_healed":0.0,"max_hp_gain":0.0,"max_hp_loss":0.0,"gold_gain":0.0,"event_name":"Scrap Ooze","player_choice":"Success","floor":3.0,"gold_loss":0.0,"damage_taken":7.0,"relics_obtained":["Smiling Mask"]},{"damage_healed":0.0,"max_hp_gain":0.0,"max_hp_loss":0.0,"gold_gain":0.0,"event_name":"Addict","player_choice":"Stole Relic","floor":20.0,"gold_loss":0.0,"damage_taken":0.0,"relics_obtained":["Lizard Tail"],"cards_obtained":["Shame"]},{"damage_healed":0.0,"max_hp_gain":0.0,"max_hp_loss":0.0,"gold_gain":0.0,"event_name":"The Library","player_choice":"Read","floor":21.0,"gold_loss":0.0,"damage_taken":0.0,"cards_obtained":["Comet"]},{"cards_removed":["Defend_S"],"damage_healed":0.0,"max_hp_gain":0.0,"max_hp_loss":0.0,"gold_gain":0.0,"event_name":"Back to Basics","player_choice":"Elegance","floor":28.0,"gold_loss":0.0,"damage_taken":0.0},{"damage_healed":0.0,"max_hp_gain":0.0,"max_hp_loss":0.0,"gold_gain":0.0,"event_name":"Tomb of Lord Red Mask","player_choice":"Paid","floor":38.0,"gold_loss":60.0,"damage_taken":0.0,"relics_obtained":["Red Mask"]},{"damage_healed":0.0,"max_hp_gain":0.0,"max_hp_loss":0.0,"gold_gain":0.0,"event_name":"MindBloom","player_choice":"Fight","floor":39.0,"gold_loss":0.0,"damage_taken":0.0},{"damage_healed":0.0,"max_hp_gain":0.0,"max_hp_loss":0.0,"gold_gain":0.0,"event_name":"Mysterious Sphere","player_choice":"Fight","floor":45.0,"gold_loss":0.0,"damage_taken":0.0}],"is_beta":false,"boss_relics":[{"not_picked":["Snecko Eye","Pandora\u0027s Box"],"picked":"SlaversCollar"},{"not_picked":["Empty Cage","Astrolabe"],"picked":"Philosopher\u0027s Stone"}],"items_purged_floors":[4,10,19,31,37],"is_endless":false,"potions_floor_spawned":[1,2,5,8,12,16,18,25,33,35,36,45,46,48],"ascension_level":1}}