{"host":"cdcsem0stf6rethc","time":1610862897,"event":{"mods":["AchievementEnabler","BaseMod","Colored Map","Highlight Path","Minty Spire (QoL Compilation)","StSLib","The Animator"],"gold_per_floor":[127,127,127,74,74,100,100,116,116,188,211,239,239,268,268,363,363,395,320,320,330,346,346,346,346],"floor_reached":24,"language":"ENG","playtime":1385,"items_purged":["animator:Defend"],"score":196,"play_id":"bb1039ec-a815-4a2b-af60-fbeffa75faee","local_time":"20210117135457","is_ascension_mode":false,"campfire_choices":[{"data":"animator:MumenRider","floor":7,"key":"SMITH"},{"floor":13,"key":"REST"},{"floor":15,"key":"REST"},{"data":"animator:UneriGinkaku","floor":23,"key":"SMITH"}],"circlet_count":0,"master_deck":["animator:Strike_OnePunchMan","animator:Defend_OnePunchMan","animator:Defend","animator:Genos","animator:MumenRider+1","animator:Shichika","animator:YoshinoHaruhiko+1","animator:ToukaNishikujou","animator:UneriGinkaku+1","animator:Melzalgald","animator:ZankiKiguchi","animator:Shuna","animator:Rimuru","animator:Shimako","animator:ShizuruNakatsu","animator:YoshinoHaruhiko","animator:Hakurou","animator:Konayuki","animator:IzunaHatsuse"],"relics":["animator:LivingPicture","animator:TheMissingPiece","Ginger","Potion Belt","Paper Crane","animator:RacePiece"],"acts_visited":["Exordium","TheCity"],"potions_floor_usage":[16,16,16,24,24],"damage_taken":[{"damage":2,"enemies":"Small Slimes","floor":1,"turns":4},{"damage":34,"enemies":"3 Sentries","floor":6,"turns":6},{"damage":6,"enemies":"2 Louse","floor":8,"turns":2},{"damage":0,"enemies":"Cultist","floor":11,"turns":2},{"damage":16,"enemies":"Lots of Slimes","floor":12,"turns":3},{"damage":11,"enemies":"2 Fungi Beasts","floor":14,"turns":3},{"damage":16,"enemies":"Hexaghost","floor":16,"turns":7},{"damage":18,"enemies":"2 Thieves","floor":18,"turns":2},{"damage":2,"enemies":"3 Byrds","floor":21,"turns":4},{"damage":35,"enemies":"Centurion and Healer","floor":22,"turns":7},{"damage":19,"enemies":"Snecko","floor":24,"turns":4}],"seed_played":"2490966165901473577","potions_obtained":[{"floor":11,"key":"Fire Potion"},{"floor":12,"key":"Explosive Potion"},{"floor":14,"key":"Ancient Potion"},{"floor":21,"key":"PowerPotion"},{"floor":22,"key":"BlessingOfTheForge"}],"is_trial":false,"path_per_floor":["M","?","?","$","?","E","R","M","T","T","M","M","R","M","R","B",null,"M","$","?","M","M","R","M"],"character_chosen":"THE_ANIMATOR","items_purchased":["animator:YoshinoHaruhiko"],"campfire_rested":2,"item_purchase_floors":[4],"current_hp_per_floor":[64,64,69,69,69,35,35,30,30,30,30,14,35,24,45,30,73,55,55,55,54,19,19,0,0],"gold":346,"neow_bonus":"THREE_CARDS","is_daily":false,"chose_seed":true,"campfire_upgraded":2,"win_rate":0.0,"timestamp":1610862897,"path_taken":["M","?","?","$","?","E","R","M","T","?","M","?","R","?","R","BOSS","M","$","?","M","M","R","M"],"items_purchased_type":["Card"],"build_version":"2020-12-22","purchased_purges":1,"victory":false,"max_hp_per_floor":[66,66,71,71,71,71,71,72,72,72,72,72,72,72,72,73,73,73,73,73,74,74,74,74,74],"card_choices":[{"not_picked":["animator:DolaStephanie","animator:Kagari"],"picked":"animator:Shichika","floor":0},{"not_picked":["animator:Shimako","animator:Shichika","animator:Azekura"],"picked":"SKIP","floor":1},{"not_picked":["animator:Shichika","animator:DolaSchwi"],"picked":"animator:ToukaNishikujou","floor":6},{"not_picked":["animator:Konayuki","animator:Nanami"],"picked":"animator:UneriGinkaku","floor":8},{"not_picked":["animator:MumenRider","animator:Genos"],"picked":"animator:Melzalgald","floor":11},{"not_picked":["animator:SanaeKochiya","animator:Shichika"],"picked":"animator:ZankiKiguchi","floor":12},{"not_picked":["animator:MumenRider","animator:MarisaKirisame"],"picked":"animator:Shuna","floor":14},{"not_picked":["animator:Boros","animator:Shiro"],"picked":"animator:Rimuru","floor":16},{"not_picked":["animator:SilverFang","animator:ReimuHakurei"],"picked":"animator:Hakurou","floor":18},{"not_picked":["animator:Azekura","animator:Hitei"],"picked":"animator:Konayuki","floor":21},{"not_picked":["animator:Azekura","animator:Rayneshia"],"picked":"animator:IzunaHatsuse","floor":22}],"player_experience":186268,"relics_obtained":[{"floor":6,"key":"Ginger"},{"floor":9,"key":"Potion Belt"},{"floor":10,"key":"Paper Crane"}],"event_choices":[{"damage_healed":0,"gold_gain":0,"player_choice":"Donut","damage_taken":0,"max_hp_gain":5,"max_hp_loss":0,"event_name":"Big Fish","floor":3,"gold_loss":0},{"damage_healed":0,"gold_gain":0,"player_choice":"Grow","damage_taken":0,"max_hp_gain":0,"max_hp_loss":0,"event_name":"Living Wall","floor":5,"gold_loss":0,"cards_upgraded":["animator:YoshinoHaruhiko"]},{"cards_removed":["animator:Defend"],"damage_healed":0,"gold_gain":0,"player_choice":"Elegance","damage_taken":0,"max_hp_gain":0,"max_hp_loss":0,"event_name":"Back to Basics","floor":20,"gold_loss":0}],"is_beta":false,"boss_relics":[{"not_picked":["SacredBark","Empty Cage"],"picked":"animator:RacePiece"}],"items_purged_floors":[19],"is_endless":false,"potions_floor_spawned":[11,12,14,21,22],"killed_by":"Snecko","ascension_level":0}}