{"host":"j6mgjir4ee1lqn1j","time":1610899647,"event":{"mods":["BaseMod","Colored Map","Colored Powertips","DeckTracker","Highlight Path","Keyboard Shortcuts","Minty Spire (QoL Compilation)","Permanent Neow","Quick Restart","Rare Cards Sparkle","Shop Mod","StSLib","SuperFastMode"],"gold_per_floor":[118,136,136,154,154,154,184,60,60,93,104,10,10,30,30,134,134,145,155,186,101,101,101,101],"floor_reached":23,"language":"ENG","playtime":1422,"items_purged":[],"score":246,"play_id":"22335af5-6dfc-43c7-9dc9-183b25fdd136","local_time":"20210117110727","is_ascension_mode":true,"campfire_choices":[{"data":"Neutralize","floor":6,"key":"SMITH"},{"data":"Noxious Fumes","floor":13,"key":"SMITH"},{"data":"Accuracy","floor":15,"key":"SMITH"}],"circlet_count":0,"master_deck":["Strike_G","Strike_G","Strike_G+1","Strike_G","Strike_G+1","Defend_G","Defend_G","Defend_G","Defend_G","Defend_G","Survivor","Neutralize+1","Prepared","Accuracy+1","Neutralize","Noxious Fumes+1","Escape Plan","PiercingWail","Backflip","Accuracy","Burst","Footwork+1","Outmaneuver","Cloak And Dagger"],"relics":["Sozu","MerchantsRug","Membership Card","WristBlade","Red Mask","Ornamental Fan"],"acts_visited":["Exordium","TheCity"],"potions_floor_usage":[],"damage_taken":[{"damage":0,"enemies":"Cultist","floor":1,"turns":4},{"damage":0,"enemies":"Small Slimes","floor":2,"turns":3},{"damage":3,"enemies":"Jaw Worm","floor":4,"turns":5},{"damage":16,"enemies":"3 Sentries","floor":7,"turns":12},{"damage":9,"enemies":"Lagavulin","floor":10,"turns":8},{"damage":0,"enemies":"3 Louse","floor":11,"turns":3},{"damage":0,"enemies":"Blue Slaver","floor":14,"turns":4},{"damage":28,"enemies":"Slime Boss","floor":16,"turns":13},{"damage":0,"enemies":"2 Thieves","floor":18,"turns":1},{"damage":22,"enemies":"Chosen","floor":19,"turns":8},{"damage":56,"enemies":"Masked Bandits","floor":20,"turns":8},{"damage":11,"enemies":"Gremlin Leader","floor":23,"turns":3}],"seed_played":"6205802551467398310","potions_obtained":[],"is_trial":false,"path_per_floor":["M","M","T","M","?","R","E","$","T","E","M","$","R","M","R","B",null,"M","M","?","?","?","E"],"character_chosen":"THE_SILENT","items_purchased":["MerchantsRug","Membership Card","Backflip"],"campfire_rested":0,"item_purchase_floors":[8,12,12],"current_hp_per_floor":[70,70,84,81,81,81,65,65,65,56,56,56,56,56,56,28,84,84,62,6,6,6,0,0],"gold":101,"neow_bonus":"BOSS_RELIC","is_daily":false,"chose_seed":false,"campfire_upgraded":3,"win_rate":0.0,"timestamp":1610899647,"path_taken":["M","M","?","M","?","R","E","$","T","E","?","$","R","M","R","BOSS","M","M","?","?","?","E"],"items_purchased_type":["Relic","Relic","Card"],"build_version":"2020-12-13","purchased_purges":0,"victory":false,"max_hp_per_floor":[70,70,84,84,84,84,84,84,84,84,84,84,84,84,84,84,84,84,84,84,84,84,84,84],"card_choices":[{"not_picked":["Dagger Spray","Deadly Poison"],"picked":"Prepared","floor":1},{"not_picked":["Endless Agony","Backstab","Expertise"],"picked":"SKIP","floor":2},{"not_picked":["Flechettes","Dash","Dodge and Roll"],"picked":"SKIP","floor":4},{"not_picked":["Slice","Cloak And Dagger"],"picked":"Noxious Fumes","floor":7},{"not_picked":["Leg Sweep","Distraction"],"picked":"Escape Plan","floor":10},{"not_picked":["Flechettes","Dagger Throw"],"picked":"PiercingWail","floor":11},{"not_picked":["Slice","Blade Dance"],"picked":"Accuracy","floor":14},{"not_picked":["Unload","Corpse Explosion"],"picked":"Burst","floor":16},{"not_picked":["Caltrops","Well Laid Plans"],"picked":"Footwork+1","floor":18},{"not_picked":["All Out Attack","PiercingWail"],"picked":"Outmaneuver","floor":19},{"not_picked":["Underhanded Strike+1","Dagger Throw"],"picked":"Cloak And Dagger","floor":20}],"player_experience":26789,"relics_obtained":[{"floor":3,"key":"Mango"},{"floor":7,"key":"Happy Flower"},{"floor":9,"key":"Bronze Scales"},{"floor":10,"key":"Whetstone"},{"floor":20,"key":"Red Mask"}],"event_choices":[{"damage_healed":0,"gold_gain":0,"player_choice":"2 cards matched","damage_taken":0,"max_hp_gain":0,"max_hp_loss":0,"event_name":"Match and Keep!","floor":5,"gold_loss":0,"cards_obtained":["Accuracy","Neutralize"]},{"damage_healed":0,"gold_gain":0,"player_choice":"Fought Bandits","damage_taken":0,"max_hp_gain":0,"max_hp_loss":0,"event_name":"Masked Bandits","floor":20,"gold_loss":0},{"damage_healed":0,"gold_gain":0,"player_choice":"Obtained Relic","damage_taken":0,"relics_obtained":["Ornamental Fan"],"max_hp_gain":0,"max_hp_loss":0,"event_name":"Addict","floor":21,"gold_loss":85},{"damage_healed":0,"gold_gain":0,"player_choice":"Cursed","damage_taken":0,"max_hp_gain":0,"max_hp_loss":0,"event_name":"Wheel of Change","floor":22,"gold_loss":0,"cards_obtained":["Decay"]}],"is_beta":false,"boss_relics":[{"not_picked":["Cursed Key","Runic Dome"],"picked":"WristBlade"}],"items_purged_floors":[],"is_endless":false,"potions_floor_spawned":[2,7,11,14],"killed_by":"Gremlin Leader","ascension_level":2}}