{"host":"2pmmafybkq7zb6na","time":1610863155,"event":{"mods":["AchievementEnabler","BaseMod","Colored Map","Highlight Path","Keyboard Shortcuts","Minty Spire (QoL Compilation)","Quick Restart","StSLib","SuperFastMode"],"gold_per_floor":[114,131,147,166,61,61,96,96,120,132,3,3,19,39,39,140,140,158,73,73,73,73,73,73],"floor_reached":23,"language":"KOR","playtime":1760,"items_purged":["Strike_B"],"score":191,"play_id":"81aa645b-6ce2-4d9a-ad29-3f137977bdf9","local_time":"20210117145915","is_ascension_mode":false,"campfire_choices":[{"data":"Self Repair","floor":6,"key":"SMITH"},{"data":"Coolheaded","floor":8,"key":"SMITH"},{"floor":15,"key":"REST"}],"circlet_count":0,"master_deck":["Strike_B","Strike_B","Defend_B+1","Defend_B","Defend_B","Defend_B","Zap","Dualcast","Core Surge","Coolheaded+1","Go for the Eyes","Glacier","Melter","Leap","Self Repair+1","Seek","Stack+1","Streamline","Skim","Heatsinks","Hologram","Loop"],"relics":["Cracked Core","Bag of Preparation","Omamori","Inserter","Nunchaku"],"acts_visited":["Exordium","TheCity"],"potions_floor_usage":[16,23],"damage_taken":[{"damage":0,"enemies":"Cultist","floor":1,"turns":3},{"damage":0,"enemies":"Small Slimes","floor":2,"turns":3},{"damage":0,"enemies":"2 Louse","floor":3,"turns":2},{"damage":5,"enemies":"2 Fungi Beasts","floor":4,"turns":4},{"damage":25,"enemies":"3 Sentries","floor":7,"turns":11},{"damage":5,"enemies":"Large Slime","floor":10,"turns":6},{"damage":16,"enemies":"Exordium Thugs","floor":13,"turns":4},{"damage":18,"enemies":"Lots of Slimes","floor":14,"turns":4},{"damage":49,"enemies":"The Guardian","floor":16,"turns":15},{"damage":26,"enemies":"Chosen","floor":18,"turns":7},{"damage":41,"enemies":"Slavers","floor":23,"turns":5}],"seed_played":"1632182956888964774","potions_obtained":[{"floor":1,"key":"LiquidBronze"},{"floor":7,"key":"Swift Potion"},{"floor":16,"key":"Strength Potion"},{"floor":18,"key":"AttackPotion"}],"is_trial":false,"path_per_floor":["M","M","M","M","$","R","E","R","T","M","$","?","M","M","R","B",null,"M","?","$","?","?","E"],"character_chosen":"DEFECT","items_purchased":["Leap","Self Repair","Streamline"],"campfire_rested":1,"item_purchase_floors":[5,5,11],"current_hp_per_floor":[75,75,75,70,70,70,55,55,55,60,60,45,39,31,53,14,75,59,59,59,59,59,18,18],"gold":73,"neow_bonus":"ONE_RANDOM_RARE_CARD","is_daily":false,"chose_seed":false,"campfire_upgraded":2,"win_rate":0.0,"timestamp":1610863155,"path_taken":["M","M","M","M","?","R","E","R","T","?","$","?","M","M","R","BOSS","M","?","$","?","?","E"],"items_purchased_type":["Card","Card","Card"],"build_version":"2020-12-22","purchased_purges":1,"victory":false,"max_hp_per_floor":[75,75,75,75,75,75,75,75,75,75,75,75,75,75,75,75,75,75,75,75,75,75,75,75],"card_choices":[{"not_picked":["Blizzard","Stack"],"picked":"Coolheaded","floor":1},{"not_picked":["Turbo","Streamline"],"picked":"Go for the Eyes","floor":2},{"not_picked":["Beam Cell","Cold Snap"],"picked":"Glacier","floor":3},{"not_picked":["Coolheaded","Stack"],"picked":"Melter","floor":4},{"not_picked":["Conserve Battery","Meteor Strike"],"picked":"Seek","floor":7},{"not_picked":["Reinforced Body","Compile Driver"],"picked":"Stack","floor":10},{"not_picked":["Conserve Battery","Cold Snap"],"picked":"Skim","floor":13},{"not_picked":["Aggregate","Streamline"],"picked":"Heatsinks","floor":14},{"not_picked":["Go for the Eyes+1","Sunder"],"picked":"Hologram","floor":18}],"player_experience":65190,"relics_obtained":[{"floor":7,"key":"Bag of Preparation"},{"floor":9,"key":"Omamori"}],"event_choices":[{"damage_healed":0,"gold_gain":0,"player_choice":"Entered Light","damage_taken":15,"max_hp_gain":0,"max_hp_loss":0,"event_name":"Shining Light","floor":12,"gold_loss":0,"cards_upgraded":["Stack","Defend_B"]},{"damage_healed":0,"gold_gain":0,"player_choice":"Obtained Relic","damage_taken":0,"relics_obtained":["Nunchaku"],"max_hp_gain":0,"max_hp_loss":0,"event_name":"Addict","floor":19,"gold_loss":85},{"cards_removed":["Strike_B"],"damage_healed":0,"gold_gain":0,"player_choice":"Elegance","damage_taken":0,"max_hp_gain":0,"max_hp_loss":0,"event_name":"Back to Basics","floor":21,"gold_loss":0},{"damage_healed":0,"gold_gain":0,"player_choice":"Read","damage_taken":0,"max_hp_gain":0,"max_hp_loss":0,"event_name":"The Library","floor":22,"gold_loss":0,"cards_obtained":["Loop"]}],"is_beta":false,"boss_relics":[{"not_picked":["Black Star","SacredBark"],"picked":"Inserter"}],"items_purged_floors":[11],"is_endless":false,"potions_floor_spawned":[1,7,16,18],"killed_by":"Slavers","ascension_level":0}}