{"host":"5gc11emcm5chfr5t","time":1610856957,"event":{"mods":["2.2 Compatiblity","AchievementEnabler","BaseMod","Bestiary","Better Note","Colored Map","Colored Powertips","Downfall","Googly Eyes","Minty Spire (QoL Compilation)","Rare Cards Sparkle","StSLib"],"gold_per_floor":[109,384,400,24,74,74,101,101,127,153,165,165,165,165,165,261,261,297,297,7,32,32,32,32,32],"floor_reached":24,"language":"ENG","playtime":769,"items_purged":["Regret","Injury"],"score":500,"play_id":"944a9e5f-20d8-4378-bb1f-e8dc2493153b","local_time":"20210116231557","is_ascension_mode":true,"campfire_choices":[{"floor":6.0,"key":"RECALL"},{"data":"expansioncontent:AwakenDeath","floor":15.0,"key":"SMITH"},{"floor":23,"key":"REST"}],"circlet_count":0,"master_deck":["AscendersBane","sneckomod:Defend","sneckomod:Defend","sneckomod:TailWhip","sneckomod:SnekBite","sneckomod:Unknown","sneckomod:Unknown","sneckomod:ImprovisedAttack","sneckomod:Unknown1Cost","Sadistic Nature","Discovery+1","sneckomod:PureSnecko","sneckomod:RainOfDice","expansioncontent:AwakenDeath+1","sneckomod:DiceCrush","sneckomod:UnknownBoss","sneckomod:UnknownStrike+1","sneckomod:SoulExchange+1","sneckomod:UnknownDexterity+1","sneckomod:Unknown0Cost","Slimebound:Tackle+1","Slimebound:Tackle+1","Slimebound:Tackle+1","sneckomod:TrashToTreasure","downfall:Bewildered"],"relics":["sneckomod:SneckoSoul","NeowsBlessing","Pocketwatch","TungstenRod","Golden Idol","Astrolabe","Membership Card","Vajra","sneckomod:BabySnecko"],"acts_visited":["Exordium","TheCity"],"potions_floor_usage":[24],"damage_taken":[{"damage":0.0,"enemies":"Small Slimes","floor":1.0,"turns":1.0},{"damage":0.0,"enemies":"Cultist","floor":3.0,"turns":1.0},{"damage":0.0,"enemies":"3 Sentries","floor":7.0,"turns":1.0},{"damage":0.0,"enemies":"Gremlin Nob","floor":10.0,"turns":2.0},{"damage":0.0,"enemies":"Jaw Worm","floor":11.0,"turns":1.0},{"damage":45.0,"enemies":"The Guardian","floor":16.0,"turns":13.0},{"damage":13.0,"enemies":"3 Byrds","floor":18.0,"turns":5.0},{"damage":22.0,"enemies":"2 Thieves","floor":21.0,"turns":3.0},{"damage":73,"enemies":"Snecko","floor":24,"turns":6}],"seed_played":"-7748746703950214759","potions_obtained":[{"floor":3.0,"key":"bronze:BurnAndBuffPotion"},{"floor":10.0,"key":"Fire Potion"},{"floor":21.0,"key":"sneckomod:OffclassReductionPotion"}],"is_trial":false,"path_per_floor":["M","?","M","$","?","R","E","?","T","E","M","R","?","?","R","B",null,"M","?","$","M","?","R","M"],"character_chosen":"THE_SNECKO","items_purchased":["Sadistic Nature","Discovery","Membership Card","Vajra"],"campfire_rested":1,"item_purchase_floors":[4,4,20,20],"current_hp_per_floor":[75,75,75,75,75,75,75,75,75,75,75,75,75,75,75,30,70,57,57,57,35,35,59,0,0],"gold":32,"neow_bonus":"THREE_ENEMY_KILL","is_daily":false,"chose_seed":false,"campfire_upgraded":1,"win_rate":0.0,"timestamp":1610856957,"path_taken":["M","?","?","$","?","R","E","?","T","E","?","R","?","?","R","BOSS","M","?","$","M","?","R","M"],"items_purchased_type":["Card","Card","Relic","Relic"],"build_version":"2020-12-22","purchased_purges":2,"victory":false,"max_hp_per_floor":[83,83,83,83,83,83,83,83,83,83,83,83,83,83,83,83,83,83,83,83,83,83,83,83,83],"card_choices":[{"not_picked":["sneckomod:DiceBlock","sneckomod:Nope"],"picked":"sneckomod:ImprovisedAttack","floor":1.0},{"not_picked":["sneckomod:IronFang","sneckomod:UnknownBlock"],"picked":"sneckomod:Unknown1Cost","floor":3.0},{"not_picked":["sneckomod:DiceBoulder","sneckomod:UnknownVulnerable"],"picked":"sneckomod:PureSnecko","floor":7.0},{"not_picked":["sneckomod:Unknown0Cost","sneckomod:UnknownWeak"],"picked":"sneckomod:UnknownStrength","floor":10.0},{"not_picked":["sneckomod:Unknown1Cost","sneckomod:UnknownX"],"picked":"sneckomod:RainOfDice","floor":11.0},{"not_picked":["sneckomod:UnknownRareSkill","sneckomod:GlitteringGambit"],"picked":"sneckomod:UnknownBoss","floor":16.0},{"not_picked":["sneckomod:IronFang","sneckomod:DiceBlock"],"picked":"sneckomod:Unknown0Cost","floor":18.0},{"not_picked":["sneckomod:UnknownBlock","sneckomod:SoulDraw"],"picked":"sneckomod:TrashToTreasure","floor":21.0}],"player_experience":550090,"relics_obtained":[{"floor":7.0,"key":"Pocketwatch"},{"floor":10.0,"key":"TungstenRod"}],"event_choices":[{"damage_healed":0.0,"max_hp_gain":0.0,"max_hp_loss":0.0,"gold_gain":275.0,"event_name":"Golden Shrine","player_choice":"Desecrate","floor":2.0,"gold_loss":0.0,"damage_taken":0.0,"cards_obtained":["Regret"]},{"damage_healed":0.0,"max_hp_gain":0.0,"max_hp_loss":0.0,"gold_gain":50.0,"event_name":"Golden Wing","player_choice":"Gained Gold","floor":5.0,"gold_loss":0.0,"damage_taken":0.0},{"damage_healed":0.0,"max_hp_gain":0.0,"max_hp_loss":0.0,"gold_gain":0.0,"event_name":"Accursed Blacksmith","player_choice":"Forge","floor":8.0,"gold_loss":0.0,"damage_taken":0.0,"cards_upgraded":["Discovery"]},{"damage_healed":0.0,"max_hp_gain":0.0,"max_hp_loss":0.0,"gold_gain":0.0,"cards_transformed":["sneckomod:Strike"],"event_name":"Living Wall","player_choice":"Change","floor":13.0,"gold_loss":0.0,"damage_taken":0.0,"cards_obtained":["sneckomod:DiceCrush"]},{"damage_healed":0.0,"max_hp_gain":0.0,"max_hp_loss":0.0,"gold_gain":0.0,"event_name":"Golden Idol","player_choice":"Take Wound","floor":14.0,"gold_loss":0.0,"damage_taken":0.0,"relics_obtained":["Golden Idol"],"cards_obtained":["Injury"]}],"is_beta":false,"boss_relics":[{"not_picked":["sneckomod:SneckoBoss","Runic Pyramid"],"picked":"Astrolabe"}],"items_purged_floors":[4,20],"is_endless":false,"potions_floor_spawned":[3,10,21],"killed_by":"Snecko","ascension_level":20}}