{"host":"o8ich17pcr9p9m1c","time":1610886575,"event":{"mods":["Ascension Unlocker","BaseMod","Block Reminder","Colored Map","Colored Powertips","DeckTracker","Highlight Path","Minty Spire (QoL Compilation)","Quick Restart","Random Character Button","StSLib","SuperFastMode","UnlockEverythingMod"],"gold_per_floor":[119,44,55,75,46,46,46,75,75,75,123,123,123,152,152,231,231,241,255,267,267,267],"floor_reached":21,"language":"JPN","playtime":5578,"items_purged":[],"score":374,"play_id":"88f5020d-d6a6-48c7-ab3c-6b8ef1ece731","local_time":"20210117212935","is_ascension_mode":true,"campfire_choices":[{"data":"Consecrate","floor":6,"key":"SMITH"},{"data":"Study","floor":10,"key":"SMITH"},{"data":"Evaluate","floor":13,"key":"SMITH"},{"data":"BattleHymn","floor":15,"key":"SMITH"}],"circlet_count":0,"master_deck":["AscendersBane","Strike_P","Strike_P","Strike_P","Defend_P","Defend_P","Defend_P","Eruption","Vigilance","MasterReality","Vengeance","Consecrate+1","Study+1","EmptyFist+1","Evaluate+1","BattleHymn+1","Establishment","SpiritShield","EmptyMind","MentalFortress"],"relics":["HolyWater","TeardropLocket","Smiling Mask","Singing Bowl"],"acts_visited":["Exordium","TheCity"],"potions_floor_usage":[8,8,20],"damage_taken":[{"damage":2,"enemies":"Cultist","floor":1,"turns":3},{"damage":0,"enemies":"Small Slimes","floor":3,"turns":2},{"damage":2,"enemies":"Jaw Worm","floor":4,"turns":3},{"damage":12,"enemies":"Lagavulin","floor":8,"turns":6},{"damage":16,"enemies":"Gremlin Nob","floor":14,"turns":3},{"damage":16,"enemies":"The Guardian","floor":16,"turns":10},{"damage":10,"enemies":"Spheric Guardian","floor":18,"turns":5},{"damage":17,"enemies":"Chosen","floor":19,"turns":7},{"damage":23,"enemies":"Snecko","floor":20,"turns":6},{"damage":6,"enemies":"Snake Plant","floor":21,"turns":3}],"seed_played":"-5371954661809058064","potions_obtained":[{"floor":1,"key":"Weak Potion"},{"floor":3,"key":"SkillPotion"},{"floor":14,"key":"StancePotion"},{"floor":20,"key":"Ancient Potion"}],"is_trial":false,"path_per_floor":["M","?","M","M","$","R","?","E","T","R","T","?","R","E","R","B",null,"M","M","M","M"],"character_chosen":"WATCHER","items_purchased":["EmptyFist"],"campfire_rested":0,"item_purchase_floors":[5],"current_hp_per_floor":[59,59,59,57,57,57,57,45,45,45,45,45,45,29,29,13,54,44,27,6,0,0],"gold":267,"neow_bonus":"ONE_RANDOM_RARE_CARD","is_daily":false,"chose_seed":false,"campfire_upgraded":4,"win_rate":0.0,"timestamp":1610886575,"path_taken":["M","?","M","M","$","R","?","E","T","R","?","?","R","E","R","BOSS","M","M","M","?"],"items_purchased_type":["Card"],"build_version":"2020-12-22","purchased_purges":0,"victory":false,"max_hp_per_floor":[68,68,68,68,68,68,68,68,68,68,68,68,68,68,68,68,68,68,68,70,70,70],"card_choices":[{"not_picked":["Wireheading","LikeWater"],"picked":"Vengeance","floor":1},{"not_picked":["CarveReality","EmptyBody"],"picked":"Consecrate","floor":3},{"not_picked":["CrushJoints","FollowUp"],"picked":"Study","floor":4},{"not_picked":["Crescendo","Prostrate"],"picked":"Evaluate","floor":8},{"not_picked":["FlyingSleeves","SashWhip"],"picked":"Establishment","floor":14},{"not_picked":["Judgement","Brilliance"],"picked":"SpiritShield","floor":16},{"not_picked":["Consecrate","ForeignInfluence"],"picked":"EmptyMind","floor":18},{"not_picked":["EmptyFist","PathToVictory"],"picked":"MentalFortress","floor":19},{"not_picked":["WreathOfFlame","Worship","BowlingBash"],"picked":"Singing Bowl","floor":20}],"player_experience":6966,"relics_obtained":[{"floor":8,"key":"TeardropLocket"},{"floor":9,"key":"Smiling Mask"},{"floor":14,"key":"Singing Bowl"}],"event_choices":[{"cards_removed":["Defend_P"],"damage_healed":0,"gold_gain":0,"player_choice":"Card Removal","damage_taken":0,"max_hp_gain":0,"max_hp_loss":0,"event_name":"The Cleric","floor":2,"gold_loss":75},{"damage_healed":0,"gold_gain":0,"player_choice":"Grow","damage_taken":0,"max_hp_gain":0,"max_hp_loss":0,"event_name":"Living Wall","floor":7,"gold_loss":0,"cards_upgraded":["EmptyFist"]},{"damage_healed":0,"gold_gain":0,"cards_transformed":["Strike_P"],"player_choice":"Transformed","damage_taken":0,"max_hp_gain":0,"max_hp_loss":0,"event_name":"Transmorgrifier","floor":12,"gold_loss":0,"cards_obtained":["BattleHymn"]}],"is_beta":false,"boss_relics":[{"not_picked":["Astrolabe","SlaversCollar"],"picked":"HolyWater"}],"items_purged_floors":[],"is_endless":false,"potions_floor_spawned":[1,3,4,14,20],"killed_by":"Snake Plant","ascension_level":20}}