{"host":"axuns55dzq466eei","time":1610895666,"event":{"mods":["BaseMod","Colored Map","Keyboard Shortcuts","Minty Spire (QoL Compilation)","StSLib","SuperFastMode"],"gold_per_floor":[117,129,54,64,84,84,119,119,119,169,184,184,194,32,32,108,108,128,128,143,143,143],"floor_reached":21,"language":"KOR","playtime":456,"items_purged":["Writhe"],"score":362,"play_id":"acc868a3-468e-4d57-9698-ea013d083903","local_time":"20210118000106","is_ascension_mode":true,"campfire_choices":[{"data":"Multi-Cast","floor":6.0,"key":"SMITH"},{"floor":8.0,"key":"REST"},{"data":"Turbo","floor":12.0,"key":"SMITH"},{"data":"Zap","floor":15.0,"key":"SMITH"}],"circlet_count":0,"master_deck":["AscendersBane","Strike_B","Defend_B","Defend_B","Defend_B","Defend_B","Zap+1","Dualcast","Multi-Cast+1","Conserve Battery","Turbo+1","Hologram","Heatsinks","Ball Lightning","Glacier","Amplify","Streamline+1","Buffer+1","Conserve Battery+1","Double Energy"],"relics":["Cracked Core","Pantograph","HornCleat","OrangePellets","Astrolabe"],"acts_visited":["Exordium","TheCity"],"potions_floor_usage":[16,16],"damage_taken":[{"damage":7.0,"enemies":"Cultist","floor":1.0,"turns":4.0},{"damage":4.0,"enemies":"Small Slimes","floor":2.0,"turns":3.0},{"damage":7.0,"enemies":"Jaw Worm","floor":4.0,"turns":4.0},{"damage":12.0,"enemies":"3 Louse","floor":5.0,"turns":6.0},{"damage":30.0,"enemies":"Lagavulin","floor":7.0,"turns":7.0},{"damage":0.0,"enemies":"2 Fungi Beasts","floor":11.0,"turns":3.0},{"damage":0.0,"enemies":"Blue Slaver","floor":13.0,"turns":3.0},{"damage":33,"enemies":"Hexaghost","floor":16,"turns":10},{"damage":10,"enemies":"2 Thieves","floor":18,"turns":4},{"damage":17,"enemies":"3 Byrds","floor":20,"turns":5},{"damage":53,"enemies":"3 Cultists","floor":21,"turns":6}],"seed_played":"7025014543132617226","potions_obtained":[{"floor":1.0,"key":"LiquidBronze"},{"floor":5.0,"key":"PowerPotion"},{"floor":13.0,"key":"DistilledChaos"}],"is_trial":false,"path_per_floor":["M","M","$","M","M","R","E","R","T","?","M","R","M","$","R","B",null,"M","?","M","M"],"character_chosen":"DEFECT","items_purchased":["OrangePellets"],"campfire_rested":1,"item_purchase_floors":[14],"current_hp_per_floor":[57,53,53,46,34,34,4,25,25,18,18,18,18,18,18,10,56,46,46,29,0,0],"gold":143,"neow_bonus":"THREE_RARE_CARDS","is_daily":false,"chose_seed":false,"campfire_upgraded":3,"win_rate":0.0,"timestamp":1610895666,"path_taken":["M","M","?","M","M","R","E","R","T","?","M","R","?","$","R","BOSS","M","?","M","M"],"items_purchased_type":["Relic"],"build_version":"2020-12-22","purchased_purges":1,"victory":false,"max_hp_per_floor":[71,71,71,71,71,71,71,71,71,71,71,71,71,71,71,71,71,71,71,71,71,71],"card_choices":[{"not_picked":["Reboot","Thunder Strike"],"picked":"Multi-Cast","floor":0.0},{"not_picked":["Go for the Eyes","Cold Snap"],"picked":"Conserve Battery","floor":1.0},{"not_picked":["Aggregate","Compile Driver"],"picked":"Turbo","floor":2.0},{"not_picked":["Aggregate","Gash"],"picked":"Hologram","floor":4.0},{"not_picked":["Go for the Eyes","Static Discharge"],"picked":"Heatsinks","floor":5.0},{"not_picked":["Conserve Battery","Sweeping Beam"],"picked":"Ball Lightning","floor":7.0},{"not_picked":["Genetic Algorithm","Gash","Leap"],"picked":"SKIP","floor":11.0},{"not_picked":["Gash","Self Repair"],"picked":"Glacier","floor":13.0},{"not_picked":["Reboot","Rainbow"],"picked":"Amplify","floor":16},{"not_picked":["Fusion","Go for the Eyes"],"picked":"Double Energy","floor":18},{"not_picked":["Turbo","Scrape","Steam+1"],"picked":"SKIP","floor":20}],"player_experience":1082153,"relics_obtained":[{"floor":7.0,"key":"Pantograph"},{"floor":9.0,"key":"HornCleat"}],"event_choices":[{"damage_healed":0.0,"max_hp_gain":0.0,"max_hp_loss":0.0,"gold_gain":50.0,"event_name":"FaceTrader","player_choice":"Touch","floor":10.0,"gold_loss":0.0,"damage_taken":7.0},{"damage_healed":0,"gold_gain":0,"player_choice":"Ignored","damage_taken":0,"max_hp_gain":0,"max_hp_loss":0,"event_name":"Vampires","floor":19,"gold_loss":0}],"is_beta":false,"boss_relics":[{"not_picked":["Tiny House","Sozu"],"picked":"Astrolabe"}],"items_purged_floors":[3],"is_endless":false,"potions_floor_spawned":[1,5,13],"killed_by":"3 Cultists","ascension_level":20}}