{"host":"gs0b57ogvki1o7r7","time":1610885387,"event":{"mods":["2.2 Compatiblity","BaseMod","Colored Map","DeckTracker","Highlight Path","KOR Keyword Fix","Keyboard Shortcuts","Minty Spire (QoL Compilation)","Permanent Neow","Quick Restart","StSLib","SuperFastMode","The Hierophant","everything is the same but u backflip on backflip"],"gold_per_floor":[118,118,118,150,150,150,44,62,62,93,43,43,43,99,99,195,195,180,109,109,41,49,49,125,125],"floor_reached":24,"language":"KOR","playtime":1607,"items_purged":[],"score":144,"play_id":"1b9fbdf1-71f4-4bf8-8a05-edd6287a0304","local_time":"20210117210947","is_ascension_mode":false,"campfire_choices":[{"data":"hierophant:Exaltation","floor":6,"key":"SMITH"},{"data":"hierophant:Glossolalia","floor":12,"key":"SMITH"},{"floor":15,"key":"REST"},{"data":"hierophant:AuricForm","floor":23,"key":"SMITH"}],"circlet_count":0,"master_deck":["hierophant:Strike_Hierophant","hierophant:Strike_Hierophant","hierophant:Strike_Hierophant","hierophant:Punish","hierophant:Defend_Hierophant","hierophant:Defend_Hierophant","hierophant:Defend_Hierophant","hierophant:Defend_Hierophant","hierophant:ChurchCoffers+1","hierophant:AuricForm+1","hierophant:Doubloon+1","hierophant:Refuge","hierophant:Exaltation+1","hierophant:CoinFling","hierophant:Doubloon","hierophant:Glossolalia+1","hierophant:Martyrdom","hierophant:MirrorShield","hierophant:Batter","hierophant:Doubloon","hierophant:Refuge+1","hierophant:Embezzle","hierophant:Embezzle","hierophant:LocustPlague","hierophant:AuricForm"],"relics":["hierophant:PropheticMaskRelic","Blood Vial","Golden Idol","Sundial","Ancient Tea Set","Velvet Choker"],"acts_visited":["Exordium","TheCity"],"potions_floor_usage":[16,22,24],"damage_taken":[{"damage":5,"enemies":"Small Slimes","floor":1,"turns":4},{"damage":2,"enemies":"2 Louse","floor":4,"turns":3},{"damage":3,"enemies":"Cultist","floor":8,"turns":5},{"damage":3,"enemies":"3 Louse","floor":10,"turns":3},{"damage":43,"enemies":"Lagavulin","floor":14,"turns":10},{"damage":40,"enemies":"Slime Boss","floor":16,"turns":9},{"damage":7,"enemies":"Chosen","floor":18,"turns":6},{"damage":50,"enemies":"2 Thieves","floor":19,"turns":5},{"damage":26,"enemies":"Centurion and Healer","floor":22,"turns":8},{"damage":12,"enemies":"Shelled Parasite and Fungi","floor":24,"turns":3}],"seed_played":"-7759293358073837784","potions_obtained":[{"floor":1,"key":"Fire Potion"},{"floor":10,"key":"FairyPotion"},{"floor":18,"key":"Regen Potion"},{"floor":22,"key":"AttackPotion"}],"is_trial":false,"path_per_floor":["M","?","?","M","$","R","$","M","T","M","?","R","?","E","R","B",null,"M","M","?","$","M","R","M"],"character_chosen":"HIEROPHANT","items_purchased":["hierophant:CoinFling","hierophant:Glossolalia","hierophant:LocustPlague"],"campfire_rested":1,"item_purchase_floors":[7,7,21],"current_hp_per_floor":[70,63,63,63,63,63,63,62,62,61,61,61,47,6,26,9,69,62,14,14,14,5,5,0,0],"gold":125,"neow_bonus":"ONE_RANDOM_RARE_CARD","is_daily":false,"chose_seed":false,"campfire_upgraded":3,"win_rate":0.0,"timestamp":1610885387,"path_taken":["M","?","?","M","$","R","$","M","T","M","?","R","?","E","R","BOSS","M","M","?","$","?","R","M"],"items_purchased_type":["Card","Card","Card"],"build_version":"2020-12-22","purchased_purges":0,"victory":false,"max_hp_per_floor":[75,75,69,69,69,69,69,69,69,69,69,69,69,69,69,69,69,69,69,69,69,69,69,69,69],"card_choices":[{"not_picked":["hierophant:MorningPrayer","hierophant:Smite"],"picked":"hierophant:Refuge","floor":1},{"not_picked":["hierophant:HolyVerse","hierophant:PassingBell"],"picked":"hierophant:Exaltation","floor":4},{"not_picked":["hierophant:Encroach","hierophant:PassingBell"],"picked":"hierophant:Martyrdom","floor":8},{"not_picked":["hierophant:Empathy","hierophant:Purify","hierophant:Exaltation"],"picked":"SKIP","floor":10},{"not_picked":["hierophant:AuricBeam","hierophant:Shelter"],"picked":"hierophant:MirrorShield","floor":14},{"not_picked":["hierophant:WrathOfGod","hierophant:BulkyChest"],"picked":"hierophant:Batter","floor":16},{"not_picked":["hierophant:PassingBell","hierophant:Sermon+1"],"picked":"hierophant:Refuge+1","floor":18},{"not_picked":["hierophant:Purify","hierophant:AuricBeam"],"picked":"hierophant:Embezzle","floor":19},{"not_picked":["hierophant:AuricBeam","hierophant:RecallFunds"],"picked":"hierophant:AuricForm","floor":22}],"player_experience":117812,"relics_obtained":[{"floor":9,"key":"Sundial"},{"floor":14,"key":"Ancient Tea Set"}],"event_choices":[{"damage_healed":0,"gold_gain":0,"player_choice":"Success","damage_taken":7,"relics_obtained":["Blood Vial"],"max_hp_gain":0,"max_hp_loss":0,"event_name":"Scrap Ooze","floor":2,"gold_loss":0},{"damage_healed":0,"gold_gain":0,"player_choice":"Lose Max HP","damage_taken":0,"relics_obtained":["Golden Idol"],"max_hp_gain":0,"max_hp_loss":6,"event_name":"Golden Idol","floor":3,"gold_loss":0},{"cards_removed":["hierophant:Strike_Hierophant"],"damage_healed":0,"gold_gain":0,"player_choice":"Card Removal","damage_taken":0,"max_hp_gain":0,"max_hp_loss":0,"event_name":"The Cleric","floor":11,"gold_loss":50},{"damage_healed":0,"gold_gain":0,"player_choice":"Entered Light","damage_taken":14,"max_hp_gain":0,"max_hp_loss":0,"event_name":"Shining Light","floor":13,"gold_loss":0,"cards_upgraded":["hierophant:ChurchCoffers","hierophant:Doubloon"]},{"damage_healed":0,"gold_gain":0,"player_choice":"Copied","damage_taken":0,"max_hp_gain":0,"max_hp_loss":0,"event_name":"Duplicator","floor":20,"gold_loss":0,"cards_obtained":["hierophant:Embezzle"]}],"is_beta":false,"boss_relics":[{"not_picked":["Runic Dome","Calling Bell"],"picked":"Velvet Choker"}],"items_purged_floors":[],"is_endless":false,"potions_floor_spawned":[1,10,18,22],"killed_by":"Shelled Parasite and Fungi","ascension_level":0}}