{"host":"vddkjx04kiwje1tk","time":1610863210,"event":{"mods":["AchievementEnabler","BaseMod","Colored Map","Minty Spire (QoL Compilation)","Quick Restart","SuperFastMode"],"gold_per_floor":[111,111,131,131,148,148,73,90,113,113,141,41,41,41,41,41,41],"floor_reached":16,"language":"KOR","playtime":239,"items_purged":["Strike_G","Defend_G"],"score":90,"play_id":"cfa95f96-b0b5-476c-94ab-8ad2ec87ff53","local_time":"20210117150010","is_ascension_mode":false,"campfire_choices":[{"data":"Catalyst","floor":6,"key":"SMITH"},{"data":"Bullet Time","floor":10,"key":"SMITH"},{"data":"Deadly Poison","floor":13,"key":"SMITH"},{"data":"Backflip","floor":15,"key":"SMITH"}],"circlet_count":0,"master_deck":["Strike_G","Strike_G","Strike_G","Strike_G","Defend_G","Defend_G","Defend_G","Defend_G","Survivor","Neutralize","Deadly Poison+1","Die Die Die","Catalyst+1","Bullet Time+1","Backflip+1"],"relics":["Ring of the Snake","NeowsBlessing","CeramicFish","Pen Nib"],"acts_visited":["Exordium"],"potions_floor_usage":[8,16,16],"damage_taken":[{"damage":0,"enemies":"Jaw Worm","floor":1,"turns":1},{"damage":0,"enemies":"Cultist","floor":3,"turns":1},{"damage":0,"enemies":"Small Slimes","floor":5,"turns":1},{"damage":0,"enemies":"Exordium Thugs","floor":8,"turns":7},{"damage":2,"enemies":"Exordium Wildlife","floor":11,"turns":3},{"damage":38,"enemies":"Slime Boss","floor":16,"turns":10}],"seed_played":"2367712819363374804","potions_obtained":[{"floor":4,"key":"SneckoOil"},{"floor":4,"key":"BlessingOfTheForge"},{"floor":4,"key":"SneckoOil"},{"floor":8,"key":"EssenceOfSteel"}],"is_trial":false,"path_per_floor":["M","?","M","?","M","R","$","M","T","R","M","$","R","T","R","B"],"character_chosen":"THE_SILENT","items_purchased":[],"campfire_rested":0,"item_purchase_floors":[],"current_hp_per_floor":[70,70,70,70,70,70,70,70,70,70,68,68,68,68,68,30,30],"gold":41,"neow_bonus":"THREE_ENEMY_KILL","is_daily":false,"chose_seed":false,"campfire_upgraded":4,"win_rate":0.0,"timestamp":1610863210,"path_taken":["M","?","?","?","M","R","?","M","T","R","M","$","R","?","R","BOSS"],"items_purchased_type":[],"build_version":"2020-12-22","purchased_purges":2,"victory":false,"max_hp_per_floor":[70,70,70,70,70,70,70,70,70,70,70,70,70,70,70,70,70],"card_choices":[{"not_picked":["Prepared","Calculated Gamble"],"picked":"Deadly Poison","floor":1},{"not_picked":["Blur","PiercingWail"],"picked":"Catalyst","floor":3},{"not_picked":["Dagger Spray","Acrobatics","Slice"],"picked":"SKIP","floor":5},{"not_picked":["Acrobatics","Backflip"],"picked":"Bullet Time","floor":8},{"not_picked":["Cloak And Dagger","Bane"],"picked":"Backflip","floor":11}],"player_experience":199448,"relics_obtained":[{"floor":9,"key":"CeramicFish"},{"floor":14,"key":"Pen Nib"}],"event_choices":[{"damage_healed":0,"gold_gain":0,"player_choice":"1 cards matched","damage_taken":0,"max_hp_gain":0,"max_hp_loss":0,"event_name":"Match and Keep!","floor":2,"gold_loss":0,"cards_obtained":["Die Die Die"]},{"damage_healed":0,"gold_gain":0,"player_choice":"Got Potions","damage_taken":0,"max_hp_gain":0,"max_hp_loss":0,"event_name":"Lab","floor":4,"gold_loss":0}],"is_beta":false,"boss_relics":[],"items_purged_floors":[7,12],"is_endless":false,"potions_floor_spawned":[5,8],"killed_by":"Slime Boss","ascension_level":0}}