{"host":"a5523bqxi3k68xf3","time":1610891915,"event":{"mods":["BaseMod","BetterRewards","Hermit","Koishi","Marisa????????","Minty Spire (QoL Compilation)","Quick Restart","Random Character Button","Relic Stats","Shop Mod","StSLib","The Animator","The Cursed","The Necromancer","The Servant 0.9.4"],"gold_per_floor":[118,137,62,81,231,231,306,306,353,375,650,387,414,429,429,429,429],"floor_reached":16,"language":"ENG","playtime":339,"items_purged":["Defend_R","Regret"],"score":296,"play_id":"eafe9dd6-4352-4897-8e28-352b6488b7c8","local_time":"20210117145835","is_ascension_mode":true,"campfire_choices":[{"data":"Heavy Blade","floor":6,"key":"SMITH"},{"floor":8,"key":"REST"},{"floor":15,"key":"REST"}],"circlet_count":0,"master_deck":["AscendersBane","Strike_R","Strike_R","Strike_R","Strike_R","Strike_R","Defend_R","Defend_R","Bash","Offering","Heavy Blade+1","Sword Boomerang","Pummel","Thunderclap","Doubt","Flex"],"relics":["Burning Blood","Vajra","Orichalcum","Odd Mushroom","Juzu Bracelet","Akabeko"],"acts_visited":["Exordium"],"potions_floor_usage":[1,13],"damage_taken":[{"damage":6,"enemies":"Jaw Worm","floor":1,"turns":2},{"damage":8,"enemies":"2 Louse","floor":2,"turns":3},{"damage":5,"enemies":"Small Slimes","floor":4,"turns":3},{"damage":22,"enemies":"The Mushroom Lair","floor":10,"turns":3},{"damage":34,"enemies":"Lagavulin","floor":13,"turns":7},{"damage":0,"enemies":"2 Fungi Beasts","floor":14,"turns":2},{"damage":37,"enemies":"Slime Boss","floor":16,"turns":7}],"seed_played":"-9202581940684060427","potions_obtained":[{"floor":1,"key":"Ancient Potion"},{"floor":10,"key":"Regen Potion"},{"floor":14,"key":"EssenceOfSteel"}],"is_trial":false,"path_per_floor":["M","M","?","M","?","R","?","R","T","?","?","$","E","M","R","B"],"character_chosen":"IRONCLAD","items_purchased":["Offering","Heavy Blade","Sword Boomerang","Vajra","Pummel","Block Potion","Juzu Bracelet"],"campfire_rested":2,"item_purchase_floors":[0,0,0,0,0,0,12],"current_hp_per_floor":[43,41,41,42,42,42,31,53,53,37,37,37,24,30,52,15,15],"gold":429,"neow_bonus":"","is_daily":false,"chose_seed":false,"campfire_upgraded":1,"win_rate":0.0,"timestamp":1610891915,"path_taken":["M","M","?","M","?","R","?","R","T","?","?","$","E","M","R","BOSS"],"items_purchased_type":["Card","Card","Card","Relic","Card","Potion","Relic"],"build_version":"2020-12-22","purchased_purges":2,"victory":false,"max_hp_per_floor":[75,75,75,75,75,75,75,75,75,75,75,75,75,75,75,75,75],"relic_stats":{"counters":[143,499],"Juzu Bracelet":0,"Orichalcum":[276],"obtain_stats":[{"Tiny House":17,"Gremlin Horn":29,"CeramicFish":0,"Vajra":5,"Whetstone":9,"Sling":0,"Boot":6,"Blood Vial":14,"HornCleat":13,"DollysMirror":0,"Sundial":7,"MealTicket":0,"Philosopher\u0027s Stone":17,"Necronomicon":19,"Kunai":0,"Pear":0,"Happy Flower":0,"Blue Candle":2,"Dead Branch":6,"Astrolabe":17,"Velvet Choker":17,"Pen Nib":0,"Charon\u0027s Ashes":7,"War Paint":10,"Akabeko":27,"Runic Dome":34,"SlaversCollar":34,"Shuriken":30,"Bronze Scales":0,"Bird Faced Urn":14,"Molten Egg 2":0,"Darkstone Periapt":0,"Lantern":14,"Singing Bowl":26,"SacredBark":17,"Magic Flower":0,"Black Blood":34,"Bag of Preparation":0,"Juzu Bracelet":26,"Empty Cage":0,"Ancient Tea Set":20,"Burning Blood":0,"ClockworkSouvenir":0,"Nunchaku":27,"TheAbacus":21,"Mummified Hand":24,"Pantograph":41,"Gambling Chip":9,"Tiny Chest":0,"WingedGreaves":0,"Red Mask":39,"InkBottle":0,"Paper Frog":9,"Potion Belt":0,"Lee\u0027s Waffle":0,"NeowsBlessing":0,"Thread and Needle":22,"PreservedInsect":0,"Omamori":0,"Odd Mushroom":10,"Frozen Egg 2":24,"Orichalcum":11,"MawBank":6,"Mercury Hourglass":0,"Peace Pipe":9,"CaptainsWheel":9,"Ornamental Fan":0,"Turnip":31,"Art of War":4,"Bag of Marbles":11,"Champion Belt":0,"Membership Card":0,"Bottled Lightning":13,"Toy Ornithopter":30},{"Tiny House":14,"Gremlin Horn":76,"CeramicFish":111,"Vajra":93,"Whetstone":21,"Sling":0,"Boot":34,"Blood Vial":72,"HornCleat":71,"DollysMirror":5,"Sundial":9,"MealTicket":0,"Philosopher\u0027s Stone":43,"Necronomicon":74,"Kunai":5,"Pear":0,"Happy Flower":64,"Blue Candle":65,"Dead Branch":68,"Astrolabe":118,"Velvet Choker":26,"Pen Nib":50,"Charon\u0027s Ashes":94,"War Paint":88,"Akabeko":103,"Runic Dome":2,"SlaversCollar":108,"Shuriken":48,"Bronze Scales":0,"Bird Faced Urn":99,"Molten Egg 2":0,"Darkstone Periapt":0,"Lantern":55,"Singing Bowl":60,"SacredBark":130,"Magic Flower":0,"Black Blood":79,"Bag of Preparation":0,"Juzu Bracelet":75,"Empty Cage":0,"Ancient Tea Set":131,"Burning Blood":0,"ClockworkSouvenir":5,"Nunchaku":76,"TheAbacus":16,"Mummified Hand":133,"Pantograph":82,"Gambling Chip":95,"Tiny Chest":0,"WingedGreaves":0,"Red Mask":81,"InkBottle":0,"Paper Frog":10,"Potion Belt":0,"Lee\u0027s Waffle":0,"NeowsBlessing":35,"Thread and Needle":74,"PreservedInsect":0,"Omamori":0,"Odd Mushroom":11,"Frozen Egg 2":102,"Orichalcum":127,"MawBank":86,"Mercury Hourglass":17,"Peace Pipe":39,"CaptainsWheel":52,"Ornamental Fan":0,"Turnip":1,"Art of War":19,"Bag of Marbles":70,"Champion Belt":0,"Membership Card":29,"Bottled Lightning":42,"Toy Ornithopter":77},{"Tiny House":43,"Gremlin Horn":249,"CeramicFish":368,"Vajra":311,"Whetstone":64,"Sling":0,"Boot":112,"Blood Vial":233,"HornCleat":230,"DollysMirror":13,"Sundial":23,"MealTicket":0,"Philosopher\u0027s Stone":137,"Necronomicon":245,"Kunai":13,"Pear":0,"Happy Flower":213,"Blue Candle":217,"Dead Branch":224,"Astrolabe":398,"Velvet Choker":83,"Pen Nib":160,"Charon\u0027s Ashes":315,"War Paint":293,"Akabeko":337,"Runic Dome":6,"SlaversCollar":357,"Shuriken":154,"Bronze Scales":0,"Bird Faced Urn":326,"Molten Egg 2":0,"Darkstone Periapt":0,"Lantern":177,"Singing Bowl":195,"SacredBark":440,"Magic Flower":0,"Black Blood":259,"Bag of Preparation":0,"Juzu Bracelet":246,"Empty Cage":0,"Ancient Tea Set":446,"Burning Blood":0,"ClockworkSouvenir":13,"Nunchaku":249,"TheAbacus":50,"Mummified Hand":460,"Pantograph":270,"Gambling Chip":317,"Tiny Chest":0,"WingedGreaves":0,"Red Mask":265,"InkBottle":0,"Paper Frog":27,"Potion Belt":0,"Lee\u0027s Waffle":0,"NeowsBlessing":113,"Thread and Needle":245,"PreservedInsect":0,"Omamori":0,"Odd Mushroom":30,"Frozen Egg 2":335,"Orichalcum":427,"MawBank":285,"Mercury Hourglass":53,"Peace Pipe":121,"CaptainsWheel":167,"Ornamental Fan":0,"Turnip":2,"Art of War":58,"Bag of Marbles":229,"Champion Belt":0,"Membership Card":94,"Bottled Lightning":130,"Toy Ornithopter":250}],"Burning Blood":873},"card_choices":[{"not_picked":["Shrug It Off","True Grit","Burning Pact"],"picked":"SKIP","floor":1},{"not_picked":["Clothesline","Dropkick","Sword Boomerang"],"picked":"SKIP","floor":2},{"not_picked":["Shockwave","Searing Blow"],"picked":"Thunderclap","floor":4},{"not_picked":["Flame Barrier","Combust"],"picked":"Flex","floor":13},{"not_picked":["Pommel Strike","Warcry","Double Tap"],"picked":"SKIP","floor":14}],"player_experience":1701878,"relics_obtained":[{"floor":9,"key":"Orichalcum"},{"floor":10,"key":"Odd Mushroom"},{"floor":13,"key":"Akabeko"}],"event_choices":[{"cards_removed":["Defend_R"],"damage_healed":0,"gold_gain":0,"player_choice":"Card Removal","damage_taken":0,"max_hp_gain":0,"max_hp_loss":0,"event_name":"The Cleric","floor":3,"gold_loss":75},{"damage_healed":0,"gold_gain":150,"player_choice":"AGREE","damage_taken":0,"max_hp_gain":0,"max_hp_loss":0,"event_name":"Liars Game","floor":5,"gold_loss":0,"cards_obtained":["Doubt"]},{"damage_healed":0,"gold_gain":75,"player_choice":"Gather Gold","damage_taken":11,"max_hp_gain":0,"max_hp_loss":0,"event_name":"World of Goop","floor":7,"gold_loss":0},{"damage_healed":0,"gold_gain":0,"player_choice":"Fought Mushrooms","damage_taken":0,"max_hp_gain":0,"max_hp_loss":0,"event_name":"Mushrooms","floor":10,"gold_loss":0},{"damage_healed":0,"gold_gain":275,"player_choice":"Desecrate","damage_taken":0,"max_hp_gain":0,"max_hp_loss":0,"event_name":"Golden Shrine","floor":11,"gold_loss":0,"cards_obtained":["Regret"]}],"is_beta":false,"boss_relics":[],"items_purged_floors":[0,12],"is_endless":false,"potions_floor_spawned":[1,10,14],"killed_by":"Slime Boss","ascension_level":20}}