{"host":"xkmvu47k9fdstweo","time":1610914354,"event":{"mods":["BaseMod","Colored Map","Conspire","Hubris","Minty Spire (QoL Compilation)","Quick Restart","Railgun Mod","Shop Mod","StSLib","The Alterego","The Animator","The Servant 0.9.4","The Wild Card","TheBandit","WarShipGirlsR/??è≠èóR mod","vexMod"],"gold_per_floor":[110,110,35,55,66,141,141,164,188,188,110,145,164,190,190,293,293,313,313,337,9,26,52,52,52,78,110,128,144,144,144,144,251,251,266,266,266,297,327,359,359,505,505,505,518,554,554,576,576,580],"floor_reached":51,"language":"ENG","playtime":3890,"items_purged":["animator:Defend"],"score":893,"play_id":"6eb58b5c-fee7-4475-bf91-c4f327b38d04","local_time":"20210117151234","is_ascension_mode":true,"campfire_choices":[{"data":"animator:Witch","floor":7.0,"key":"SMITH"},{"data":"animator:Sora","floor":15.0,"key":"SMITH"},{"data":"animator:ItamiYouji","floor":24.0,"key":"SMITH"},{"data":"animator:Greed","floor":30.0,"key":"SMITH"},{"floor":32.0,"key":"REST"},{"floor":41.0,"key":"REST"},{"data":"animator:Guren","floor":44.0,"key":"SMITH"},{"data":"animator:Hibiki","floor":47.0,"key":"SMITH"},{"floor":49.0,"key":"REST"}],"circlet_count":0,"master_deck":["animator:Strike_GATE+1","animator:Defend_GATE+1","animator:Strike","animator:Strike","animator:Strike","animator:Defend","animator:Defend+1","animator:TukaLunaMarceau+1","animator:Kuribayashi+1","animator:Yuuichirou","animator:Shinoa","animator:Witch+1","animator:Tyuule","animator:KrulTepes","animator:Sora+1","animator:UneriGinkaku","animator:ItamiYouji+1","animator:MadokaKaname","animator:Mikaela","animator:LimeBell","animator:SwordMaiden+1","animator:RoyMustang","animator:Hibiki+1","animator:IzunaHatsuse+1","animator:Greed+1","animator:DolaStephanie","animator:Emonzaemon","animator:GuildGirl","animator:Guren+1","animator:IzunaHatsuse","animator:Yuuichirou","animator:AcuraShin","animator:Gillette","animator:Greed","animator:Priestess+1"],"relics":["animator:TheMissingPiece","animator:PurgingStone","Blood Vial","Sundial","Blood Vial","Ginger","Blood Vial","Ornamental Fan","Philosopher\u0027s Stone","PreservedInsect","Blood Vial","Gremlin Horn","vexMod:TanglingVine","hubris:Icosahedron","MerchantsRug","Blood Vial","Oddly Smooth Stone","Red Skull","Mummified Hand","MealTicket"],"acts_visited":["Exordium","TheCity","TheBeyond"],"potions_floor_usage":[50,50],"damage_taken":[{"damage":0.0,"enemies":"conspire:RoseBush","floor":1.0,"turns":4.0},{"damage":0.0,"enemies":"Jaw Worm","floor":4.0,"turns":3.0},{"damage":5.0,"enemies":"Small Slimes","floor":5.0,"turns":3.0},{"damage":4.0,"enemies":"Exordium Wildlife","floor":8.0,"turns":5.0},{"damage":24.0,"enemies":"Gremlin Nob","floor":12.0,"turns":5.0},{"damage":0.0,"enemies":"conspire:2 RoseBushes","floor":13.0,"turns":4.0},{"damage":5.0,"enemies":"3 Sentries","floor":14.0,"turns":7.0},{"damage":24.0,"enemies":"Hexaghost","floor":16.0,"turns":13.0},{"damage":13.0,"enemies":"Shell Parasite","floor":18.0,"turns":5.0},{"damage":19.0,"enemies":"3 Byrds","floor":20.0,"turns":3.0},{"damage":15.0,"enemies":"3 Cultists","floor":22.0,"turns":4.0},{"damage":9.0,"enemies":"conspire:Head Lice","floor":23.0,"turns":12.0},{"damage":2.0,"enemies":"Gremlin Leader","floor":27.0,"turns":7.0},{"damage":17.0,"enemies":"Snake Plant","floor":28.0,"turns":5.0},{"damage":3.0,"enemies":"Snecko","floor":29.0,"turns":5.0},{"damage":7.0,"enemies":"Automaton","floor":33.0,"turns":8.0},{"damage":11.0,"enemies":"3 Shapes","floor":35.0,"turns":5.0},{"damage":27.0,"enemies":"3 Darklings","floor":38.0,"turns":4.0},{"damage":18.0,"enemies":"Giant Head","floor":40.0,"turns":8.0},{"damage":9.0,"enemies":"Reptomancer","floor":42.0,"turns":5.0},{"damage":14.0,"enemies":"Sphere and 2 Shapes","floor":45.0,"turns":5.0},{"damage":30.0,"enemies":"Nemesis","floor":46.0,"turns":7.0},{"damage":24.0,"enemies":"4 Shapes","floor":48.0,"turns":5.0},{"damage":46,"enemies":"Time Eater","floor":50,"turns":13}],"seed_played":"-796850106665447093","potions_obtained":[{"floor":1.0,"key":"Dexterity Potion"},{"floor":4.0,"key":"Strength Potion"},{"floor":12.0,"key":"DistilledChaos"},{"floor":13.0,"key":"PowerPotion"},{"floor":16.0,"key":"FearPotion"},{"floor":20.0,"key":"LiquidMemories"},{"floor":23.0,"key":"Swift Potion"},{"floor":28.0,"key":"Explosive Potion"},{"floor":29.0,"key":"CultistPotion"},{"floor":35.0,"key":"SkillPotion"},{"floor":38.0,"key":"Dexterity Potion"},{"floor":42.0,"key":"Strength Potion"}],"is_trial":false,"path_per_floor":["M","?","$","M","M","?","R","M","T","T","$","E","M","E","R","B",null,"M","?","M","$","M","E","R","$","T","E","M","M","R","?","R","B",null,"M","?","?","M","$","E","R","E","T","R","M","E","R","M","R","B",null],"character_chosen":"THE_ANIMATOR","items_purchased":["animator:KrulTepes","PreservedInsect","animator:Hibiki","MerchantsRug"],"campfire_rested":3,"item_purchase_floors":[11,21,21,39],"current_hp_per_floor":[66,66,66,66,61,50,50,46,46,46,46,24,28,28,28,10,67,54,54,41,41,32,30,30,30,30,36,27,32,32,32,52,53,68,57,57,57,38,38,28,48,49,49,49,46,39,39,25,45,13],"gold":580,"neow_bonus":"BOSS_RELIC","is_daily":false,"chose_seed":false,"campfire_upgraded":6,"win_rate":0.0,"timestamp":1610914354,"path_taken":["M","?","?","M","?","?","R","M","T","?","?","E","M","E","R","BOSS","M","?","M","$","M","E","R","$","T","E","?","M","R","?","R","BOSS","M","?","?","M","$","E","R","E","T","R","M","E","R","?","R","BOSS"],"items_purchased_type":["Card","Relic","Card","Relic"],"build_version":"2020-12-22","purchased_purges":1,"victory":true,"max_hp_per_floor":[66,66,66,66,66,66,66,66,66,66,66,66,66,67,67,67,67,67,67,67,67,67,68,68,68,68,68,68,68,68,68,68,68,68,68,68,68,68,68,68,68,68,68,68,69,69,69,69,69,69],"card_choices":[{"not_picked":["animator:DolaCouronne","animator:Togame"],"picked":"animator:Yuuichirou","floor":1.0},{"not_picked":["animator:AcuraAkari","animator:Azekura"],"picked":"animator:Witch","floor":4.0},{"not_picked":["animator:Togame","animator:AcuraAkari","animator:Kuribayashi"],"picked":"SKIP","floor":5.0},{"not_picked":["animator:YaoHaDucy","animator:Kuribayashi"],"picked":"animator:Tyuule","floor":8.0},{"not_picked":["animator:Kuribayashi","animator:Sloth"],"picked":"animator:Sora","floor":12.0},{"not_picked":["animator:MaesHughes","animator:MamiTomoe"],"picked":"animator:UneriGinkaku","floor":13.0},{"not_picked":["animator:MaesHughes","animator:Shinoa"],"picked":"animator:ItamiYouji","floor":14.0},{"not_picked":["animator:Kyubey","animator:Father"],"picked":"animator:MadokaKaname","floor":16.0},{"not_picked":["animator:Mitsuba","animator:Yoichi"],"picked":"animator:Mikaela","floor":18.0},{"not_picked":["animator:Ciel","animator:Shinoa"],"picked":"animator:RoyMustang","floor":20.0},{"not_picked":["animator:Kuribayashi","animator:Chung+1"],"picked":"animator:IzunaHatsuse","floor":22.0},{"not_picked":["animator:Ain","animator:Mitsuba"],"picked":"animator:Greed","floor":23.0},{"not_picked":["animator:Jibril","animator:DolaCouronne"],"picked":"animator:DolaStephanie","floor":27.0},{"not_picked":["animator:AcuraTooru","animator:Kuribayashi"],"picked":"animator:Emonzaemon","floor":28.0},{"not_picked":["animator:Priestess","animator:CowGirl"],"picked":"animator:GuildGirl","floor":29.0},{"not_picked":["animator:GoblinSlayer","animator:Sora"],"picked":"animator:Guren","floor":33.0},{"not_picked":["animator:OrikoMikuni","animator:Viivi","animator:Witch+1"],"picked":"SKIP","floor":35.0},{"not_picked":["animator:DolaCouronne","animator:Jibril"],"picked":"animator:IzunaHatsuse","floor":38.0},{"not_picked":["animator:Aisha","animator:RoyMustang"],"picked":"animator:Yuuichirou","floor":40.0},{"not_picked":["animator:HiiragiShinya","animator:SayakaMiki"],"picked":"animator:AcuraShin","floor":42.0},{"not_picked":["animator:Shinoa","animator:HiiragiShinya+1"],"picked":"animator:Gillette","floor":45.0},{"not_picked":["animator:MaesHughes","animator:Gluttony"],"picked":"animator:Greed","floor":46.0},{"not_picked":["animator:Tyuule+1","animator:RoryMercury+1"],"picked":"animator:Priestess+1","floor":48.0}],"player_experience":352211,"relics_obtained":[{"floor":9.0,"key":"Blood Vial"},{"floor":10.0,"key":"Sundial"},{"floor":12.0,"key":"Blood Vial"},{"floor":12.0,"key":"Ginger"},{"floor":14.0,"key":"Blood Vial"},{"floor":14.0,"key":"Ornamental Fan"},{"floor":23.0,"key":"Blood Vial"},{"floor":23.0,"key":"Gremlin Horn"},{"floor":26.0,"key":"conspire:TopHat"},{"floor":27.0,"key":"War Paint"},{"floor":40.0,"key":"Blood Vial"},{"floor":40.0,"key":"Oddly Smooth Stone"},{"floor":42.0,"key":"Red Skull"},{"floor":43.0,"key":"Mummified Hand"},{"floor":46.0,"key":"MealTicket"}],"event_choices":[{"damage_healed":0.0,"max_hp_gain":0.0,"max_hp_loss":0.0,"gold_gain":75.0,"event_name":"World of Goop","player_choice":"Gather Gold","floor":6.0,"gold_loss":0.0,"damage_taken":11.0},{"damage_healed":0.0,"max_hp_gain":0.0,"max_hp_loss":0.0,"gold_gain":0.0,"event_name":"Match and Keep!","player_choice":"2 cards matched","floor":19.0,"gold_loss":0.0,"damage_taken":0.0,"cards_obtained":["animator:LimeBell","animator:SwordMaiden"]},{"damage_healed":0.0,"max_hp_gain":0.0,"max_hp_loss":0.0,"gold_gain":0.0,"event_name":"Beggar","player_choice":"Ignored","floor":31.0,"gold_loss":0.0,"damage_taken":0.0},{"damage_healed":0.0,"max_hp_gain":0.0,"max_hp_loss":0.0,"gold_gain":0.0,"event_name":"The Woman in Blue","player_choice":"Bought 0 Potions","floor":37.0,"gold_loss":0.0,"damage_taken":0.0}],"is_beta":false,"boss_relics":[{"not_picked":["SacredBark","vexMod:FluxCapacitor"],"picked":"Philosopher\u0027s Stone"},{"not_picked":["Velvet Choker","Fusion Hammer"],"picked":"vexMod:TanglingVine"}],"items_purged_floors":[3],"is_endless":false,"potions_floor_spawned":[1,4,12,13,16,20,23,28,29,35,38,42],"ascension_level":3}}