{"host":"g5k24uqcth2ihc11","time":1610861688,"event":{"mods":["Arknights The Spire","BaseMod","Downfall","Jorbs\u0027s Wanderer Trilogy","Marisa????????","Minty Spire (QoL Compilation)","Robot Space Explorer","StSLib","The Cursed","The Dragon Tamer","The Marked","The Servant 0.9.4"],"gold_per_floor":[117,136,154,171,189,221,221,221,247,280,299,299,333,368,368,467,467,483,496,510,476,493,493,528,528,551,584,584,594,594,605,605,704,704,717,733,743,757,309,343,343,343,370,370,235,235,269,9,9,9],"floor_reached":51,"language":"ENG","playtime":3785,"items_purged":[],"score":1002,"play_id":"d19018ef-5bab-47b3-a4a8-228384b9157c","local_time":"20210116213448","daily_mods":["SealedDeck","Vintage","Flight","Elite Swarm"],"is_ascension_mode":false,"campfire_choices":[{"data":"CollectingQuirk","floor":7,"key":"SMITH"},{"data":"OpenUniverse","floor":8,"key":"SMITH"},{"data":"BinaryStars","floor":12,"key":"SMITH"},{"data":"CollectingQuirk","floor":15,"key":"SMITH"},{"data":"PropBag","floor":23,"key":"SMITH"},{"data":"FinalSpark","floor":25,"key":"SMITH"},{"data":"CasketOfStar","floor":28,"key":"SMITH"},{"data":"IllusionStar","floor":30,"key":"SMITH"},{"data":"UltimateShortwave","floor":32,"key":"SMITH"},{"data":"CollectingQuirk","floor":41,"key":"SMITH"},{"data":"SuperNova","floor":42,"key":"SMITH"},{"data":"NonDirectionalLaser","floor":44,"key":"SMITH"},{"data":"NonDirectionalLaser","floor":46,"key":"SMITH"},{"data":"FinalSpark","floor":49,"key":"SMITH"}],"circlet_count":0,"master_deck":["GasGiant","ShootingEcho+1","GasGiant","OpenUniverse+1","SporeBomb","NonDirectionalLaser+1","AsteroidBelt","NonDirectionalLaser+1","IllusionStar+1","MysteriousBeam+1","CollectingQuirk+1","BinaryStars+1","CollectingQuirk+1","CasketOfStar+1","SuperNova+1","PropBag+1","FinalSpark+1","UltimateShortwave+1","UltimateShortwave+1","CollectingQuirk+1","FinalSpark+1","PowerUp+1"],"relics":["MiniHakkero","Kunai","Pen Nib","Whetstone","Bag of Marbles","Ice Cream","Orichalcum","Dream Catcher","Omamori","ShroomBag","Question Card","hexamod:BolsterEngine","ExperimentalFamiliar","Toy Ornithopter","sneckomod:BlankCard","StoneCalendar","Lantern","Centennial Puzzle","Strawberry","hexamod:Sixitude","Bottled Tornado","Toxic Egg 2","SlaversCollar","MealTicket","Blood Vial","Bronze Scales","bronze:BronzeIdol","Oddly Smooth Stone","Slimebound:StickyStick","bronze:DonusWashers","Smiling Mask","Happy Flower","Letter Opener","Sundial","White Beast Statue"],"acts_visited":["Exordium","TheCity","TheBeyond"],"potions_floor_usage":[16,16,24,40],"damage_taken":[{"damage":0,"enemies":"Jaw Worm","floor":1,"turns":3},{"damage":0,"enemies":"Cultist","floor":2,"turns":2},{"damage":0,"enemies":"Small Slimes","floor":3,"turns":2},{"damage":0,"enemies":"Blue Slaver","floor":4,"turns":1},{"damage":0,"enemies":"Looter","floor":5,"turns":1},{"damage":0,"enemies":"Gremlin Nob","floor":6,"turns":2},{"damage":0,"enemies":"Lagavulin","floor":10,"turns":3},{"damage":0,"enemies":"3 Louse","floor":11,"turns":1},{"damage":0,"enemies":"Gremlin Nob","floor":13,"turns":2},{"damage":5,"enemies":"Lagavulin","floor":14,"turns":4},{"damage":12,"enemies":"Hexaghost","floor":16,"turns":4},{"damage":0,"enemies":"Spheric Guardian","floor":18,"turns":3},{"damage":0,"enemies":"3 Byrds","floor":19,"turns":2},{"damage":0,"enemies":"Snecko","floor":20,"turns":2},{"damage":0,"enemies":"3 Cultists","floor":22,"turns":1},{"damage":0,"enemies":"Slavers","floor":24,"turns":1},{"damage":0,"enemies":"Book of Stabbing","floor":27,"turns":2},{"damage":0,"enemies":"Cultist and Chosen","floor":29,"turns":2},{"damage":0,"enemies":"Centurion and Healer","floor":31,"turns":1},{"damage":0,"enemies":"Collector","floor":33,"turns":2},{"damage":0,"enemies":"3 Shapes","floor":35,"turns":1},{"damage":0,"enemies":"Orb Walker","floor":36,"turns":1},{"damage":0,"enemies":"Spire Growth","floor":37,"turns":2},{"damage":0,"enemies":"Maw","floor":38,"turns":1},{"damage":0,"enemies":"Nemesis","floor":40,"turns":1},{"damage":0,"enemies":"Reptomancer","floor":47,"turns":2},{"damage":2,"enemies":"Time Eater","floor":50,"turns":2}],"seed_played":"-4178588880383220612","potions_obtained":[{"floor":2,"key":"SpeedPotion"},{"floor":3,"key":"Strength Potion"},{"floor":5,"key":"Block Potion"},{"floor":14,"key":"ColorlessPotion"},{"floor":16,"key":"Strength Potion"},{"floor":19,"key":"Block Potion"},{"floor":20,"key":"Explosive Potion"},{"floor":27,"key":"BottledSpark"},{"floor":31,"key":"bronze:BurnAndBuffPotion"},{"floor":47,"key":"Explosive Potion"}],"is_trial":true,"path_per_floor":["M","M","M","M","M","E","R","R","T","E","M","R","E","E","R","B",null,"M","M","M","$","M","R","E","R","T","E","R","M","R","M","R","B",null,"M","M","M","M","$","E","R","R","T","R","?","R","E","$","R","B",null],"character_chosen":"MARISA","items_purchased":["PropBag","Oddly Smooth Stone","Slimebound:StickyStick","bronze:DonusWashers","PowerUp+1","White Beast Statue"],"campfire_rested":0,"item_purchase_floors":[21,39,39,39,48,48],"current_hp_per_floor":[75,75,75,75,75,75,75,75,75,75,75,75,75,70,70,58,75,75,75,75,75,75,75,75,75,82,82,82,82,82,82,82,82,82,82,82,82,82,82,82,82,82,82,82,82,82,82,82,82,80],"gold":9,"neow_bonus":"","is_daily":false,"chose_seed":false,"campfire_upgraded":14,"win_rate":0.0,"timestamp":1610861688,"path_taken":["M","M","M","M","M","E","R","R","T","E","M","R","E","E","R","BOSS","M","M","M","$","M","R","E","R","T","E","R","M","R","M","R","BOSS","M","M","M","M","$","E","R","R","T","R","?","R","E","$","R","BOSS"],"items_purchased_type":["Card","Relic","Relic","Relic","Card","Relic"],"build_version":"2020-12-22","purchased_purges":0,"victory":true,"max_hp_per_floor":[75,75,75,75,75,75,75,75,75,75,75,75,75,75,75,75,75,75,75,75,75,75,75,75,75,82,82,82,82,82,82,82,82,82,82,82,82,82,82,82,82,82,82,82,82,82,82,82,82,82],"card_choices":[{"not_picked":["CasketOfStar","SatelliteIllusion"],"picked":"CollectingQuirk","floor":6},{"not_picked":["AbsoluteMagnitude","SatelliteIllusion"],"picked":"BinaryStars","floor":10},{"not_picked":["SatelliteIllusion","MillisecondPulsars"],"picked":"CollectingQuirk","floor":13},{"not_picked":["CollectingQuirk","BigCrunch","BinaryStars"],"picked":"CasketOfStar","floor":14},{"not_picked":["ManaRampage","EscapeVelocity","MillisecondPulsars"],"picked":"SuperNova","floor":16},{"not_picked":["MaximisePower","SatelliteIllusion","CasketOfStar"],"picked":"FinalSpark","floor":24},{"not_picked":["EscapeVelocity","BinaryStars","JA"],"picked":"UltimateShortwave","floor":27},{"not_picked":["SuperNova","BinaryStars+1","BigCrunch+1"],"picked":"UltimateShortwave+1","floor":33},{"not_picked":["CasketOfStar","SatelliteIllusion","MaximisePower+1"],"picked":"CollectingQuirk","floor":40},{"not_picked":["AbsoluteMagnitude","BigCrunch+1","CasketOfStar"],"picked":"FinalSpark","floor":47}],"player_experience":25261,"relics_obtained":[{"floor":1,"key":"Kunai"},{"floor":2,"key":"Pen Nib"},{"floor":3,"key":"Whetstone"},{"floor":4,"key":"Bag of Marbles"},{"floor":5,"key":"Ice Cream"},{"floor":6,"key":"Orichalcum"},{"floor":9,"key":"Dream Catcher"},{"floor":10,"key":"Omamori"},{"floor":11,"key":"ShroomBag"},{"floor":13,"key":"Question Card"},{"floor":14,"key":"hexamod:BolsterEngine"},{"floor":18,"key":"Toy Ornithopter"},{"floor":19,"key":"sneckomod:BlankCard"},{"floor":20,"key":"StoneCalendar"},{"floor":22,"key":"Lantern"},{"floor":24,"key":"Centennial Puzzle"},{"floor":26,"key":"Strawberry"},{"floor":27,"key":"hexamod:Sixitude"},{"floor":29,"key":"Bottled Tornado"},{"floor":31,"key":"Toxic Egg 2"},{"floor":35,"key":"MealTicket"},{"floor":36,"key":"Blood Vial"},{"floor":37,"key":"Bronze Scales"},{"floor":38,"key":"bronze:BronzeIdol"},{"floor":40,"key":"Smiling Mask"},{"floor":43,"key":"Happy Flower"},{"floor":47,"key":"Sundial"}],"event_choices":[{"damage_healed":0,"gold_gain":0,"player_choice":"Paid Gold","damage_taken":0,"relics_obtained":["Letter Opener"],"max_hp_gain":0,"max_hp_loss":0,"event_name":"WeMeetAgain","floor":45,"gold_loss":135}],"is_beta":false,"boss_relics":[{"not_picked":["Busted Crown","BewitchedHakkero"],"picked":"ExperimentalFamiliar"},{"not_picked":["Runic Pyramid","Astrolabe"],"picked":"SlaversCollar"}],"items_purged_floors":[],"is_endless":false,"potions_floor_spawned":[2,3,5,6,10,14,16,19,20,27,31,37,38,47],"ascension_level":0}}