{"host":"oytjgf0lma69qpzi","time":1610911001,"event":{"mods":["BaseMod","Colored Powertips","DeckTracker","Minty Spire (QoL Compilation)","Quick Restart"],"gold_per_floor":[113,213,55,71,71,71,99,99,99,20,20,20,20,32,32,134,134,144,69,69,69,69,69,81,92,119,119,132,132,132,132],"floor_reached":30,"language":"ENG","playtime":1839,"items_purged":["Strike_B"],"score":258,"play_id":"979fd199-f101-4312-9b6b-a68d452dd09b","local_time":"20210117201641","is_ascension_mode":true,"campfire_choices":[{"data":"Dualcast","floor":6,"key":"SMITH"},{"floor":8,"key":"REST"},{"data":"Conserve Battery","floor":11,"key":"SMITH"},{"data":"Leap","floor":15,"key":"SMITH"},{"data":"Barrage","floor":23,"key":"SMITH"},{"floor":27,"key":"REST"},{"data":"Blizzard","floor":29,"key":"SMITH"}],"circlet_count":0,"master_deck":["Strike_B","Strike_B","Defend_B","Defend_B","Defend_B","Defend_B","Zap+1","Dualcast+1","Capacitor","Gash","Capacitor","Conserve Battery+1","Barrage+1","Leap+1","Redo+1","Gash","Barrage","Blizzard+1","Leap"],"relics":["FrozenCore","Gambling Chip","WingedGreaves","Darkstone Periapt","Dream Catcher"],"acts_visited":["Exordium","TheCity"],"potions_floor_usage":[7,19,28],"damage_taken":[{"damage":6,"enemies":"Cultist","floor":1,"turns":3},{"damage":8,"enemies":"2 Louse","floor":4,"turns":3},{"damage":32,"enemies":"Lagavulin","floor":7,"turns":6},{"damage":1,"enemies":"Jaw Worm","floor":14,"turns":4},{"damage":36,"enemies":"Hexaghost","floor":16,"turns":13},{"damage":30,"enemies":"3 Byrds","floor":18,"turns":6},{"damage":3,"enemies":"2 Thieves","floor":19,"turns":5},{"damage":21,"enemies":"Snake Plant","floor":24,"turns":8},{"damage":11,"enemies":"Cultist and Chosen","floor":25,"turns":10},{"damage":12,"enemies":"Centurion and Healer","floor":28,"turns":8},{"damage":25,"enemies":"Snake Plant","floor":30,"turns":4}],"seed_played":"4661498721661754108","potions_obtained":[{"floor":4,"key":"DistilledChaos"},{"floor":14,"key":"SteroidPotion"},{"floor":16,"key":"EssenceOfSteel"},{"floor":25,"key":"SpeedPotion"},{"floor":28,"key":"Strength Potion"}],"is_trial":false,"path_per_floor":["M","?","$","M","?","R","E","R","T","$","R","T","?","M","R","B",null,"M","M","$","?","?","R","M","M","T","R","M","R","M"],"character_chosen":"DEFECT","items_purchased":["Capacitor","Gash","Conserve Battery","Barrage"],"campfire_rested":2,"item_purchase_floors":[3,3,10,10],"current_hp_per_floor":[69,69,69,61,61,61,29,51,51,51,51,51,51,50,50,14,75,45,42,42,42,42,42,21,10,10,32,20,20,0,0],"gold":132,"neow_bonus":"THREE_CARDS","is_daily":false,"chose_seed":false,"campfire_upgraded":5,"win_rate":0.0,"timestamp":1610911001,"path_taken":["M","?","$","?","?","R","E","R","T","$","R","?","?","M","R","BOSS","M","?","$","?","?","R","M","M","T","R","M","R","?"],"items_purchased_type":["Card","Card","Card","Card"],"build_version":"2020-12-22","purchased_purges":1,"victory":false,"max_hp_per_floor":[75,75,75,75,75,75,75,75,75,75,75,75,75,75,75,75,75,75,75,75,75,75,75,75,75,75,75,75,75,75,75],"card_choices":[{"not_picked":["Compile Driver","Turbo","Beam Cell"],"picked":"SKIP","floor":1},{"not_picked":["Streamline","Doom and Gloom"],"picked":"Capacitor","floor":4},{"not_picked":["Steam","Beam Cell","Melter"],"picked":"SKIP","floor":7},{"not_picked":["FTL","Thunder Strike"],"picked":"Leap","floor":14},{"not_picked":["Barrage","Sweeping Beam+1"],"picked":"Redo","floor":18},{"not_picked":["Auto Shields","Redo"],"picked":"Gash","floor":19},{"not_picked":["Compile Driver","Ball Lightning"],"picked":"Barrage","floor":24},{"not_picked":["Ball Lightning","Redo"],"picked":"Blizzard","floor":25},{"not_picked":["Double Energy","Stack"],"picked":"Leap","floor":27},{"not_picked":["Static Discharge","Compile Driver","Amplify"],"picked":"SKIP","floor":28}],"player_experience":202961,"relics_obtained":[{"floor":7,"key":"Gambling Chip"},{"floor":9,"key":"WingedGreaves"},{"floor":12,"key":"Darkstone Periapt"},{"floor":26,"key":"Dream Catcher"}],"event_choices":[{"damage_healed":0,"gold_gain":100,"player_choice":"Pray","damage_taken":0,"max_hp_gain":0,"max_hp_loss":0,"event_name":"Golden Shrine","floor":2,"gold_loss":0},{"damage_healed":0,"gold_gain":0,"player_choice":"Grow","damage_taken":0,"max_hp_gain":0,"max_hp_loss":0,"event_name":"Living Wall","floor":5,"gold_loss":0,"cards_upgraded":["Zap"]},{"cards_removed":["Strike_B"],"damage_healed":0,"gold_gain":0,"player_choice":"Offered Basic","damage_taken":0,"max_hp_gain":0,"max_hp_loss":0,"event_name":"Bonfire Elementals","floor":13,"gold_loss":0},{"damage_healed":0,"gold_gain":0,"player_choice":"Upgraded","damage_taken":0,"max_hp_gain":0,"max_hp_loss":0,"event_name":"Upgrade Shrine","floor":22,"gold_loss":0,"cards_upgraded":["Redo"]}],"is_beta":false,"boss_relics":[{"not_picked":["Runic Dome","Snecko Eye"],"picked":"FrozenCore"}],"items_purged_floors":[3],"is_endless":false,"potions_floor_spawned":[4,14,16,25,28],"killed_by":"Snake Plant","ascension_level":3}}