{"host":"7l2t4psy44vpcd9q","time":1610899903,"event":{"mods":["AchievementEnabler","BaseMod","DeckTracker","Minty Spire (QoL Compilation)","SuperFastMode"],"gold_per_floor":[115,135,135,155,119,119,148,148,223,252,268,282,311,35,35,108,108,127,147,147,166,166,197,197,231,281,281,281,60,79,92,92,169,169,188,188,188,203,215,248,248,248,248],"floor_reached":42,"language":"KOR","playtime":2418,"items_purged":[],"score":1052,"play_id":"326872f4-50df-4594-8da4-5b3d761ae79f","local_time":"20210118011143","is_ascension_mode":true,"campfire_choices":[{"floor":6.0,"key":"REST"},{"floor":15.0,"key":"REST"},{"floor":24.0,"key":"REST"},{"floor":28.0,"key":"REST"},{"floor":32.0,"key":"REST"},{"floor":41,"key":"REST"}],"circlet_count":0,"master_deck":["AscendersBane","Strike_B","Strike_B","Strike_B","Defend_B","Defend_B","Defend_B","Defend_B","Zap","Dualcast","CurseOfTheBell","Rebound","Ball Lightning","Conserve Battery","Lockon","Buffer","Undo","Loop","Melter","Barrage","Creative AI","Reinforced Body","Chill+1","Aggregate","Defragment","Leap+1","Self Repair","Seek","Coolheaded","Turbo+1","Reinforced Body+1","Machine Learning"],"relics":["Calling Bell","Art of War","Mercury Hourglass","Incense Burner","Dream Catcher","Kunai","Ornamental Fan","Odd Mushroom","Pen Nib","Mummified Hand","Nuclear Battery","Vajra","Bag of Marbles","Blood Vial","ClockworkSouvenir","Snecko Eye","Blue Candle"],"acts_visited":["Exordium","TheCity","TheBeyond"],"potions_floor_usage":[33],"damage_taken":[{"damage":5.0,"enemies":"2 Louse","floor":1.0,"turns":2.0},{"damage":14.0,"enemies":"Small Slimes","floor":2.0,"turns":3.0},{"damage":0.0,"enemies":"Jaw Worm","floor":4.0,"turns":3.0},{"damage":11.0,"enemies":"Lagavulin","floor":7.0,"turns":7.0},{"damage":25.0,"enemies":"The Mushroom Lair","floor":10.0,"turns":4.0},{"damage":5.0,"enemies":"Exordium Wildlife","floor":11.0,"turns":4.0},{"damage":1.0,"enemies":"2 Fungi Beasts","floor":12.0,"turns":3.0},{"damage":3.0,"enemies":"3 Sentries","floor":13.0,"turns":7.0},{"damage":0.0,"enemies":"The Guardian","floor":16.0,"turns":10.0},{"damage":0.0,"enemies":"Spheric Guardian","floor":18.0,"turns":1.0},{"damage":0.0,"enemies":"Chosen","floor":19.0,"turns":5.0},{"damage":0.0,"enemies":"Snecko","floor":21.0,"turns":7.0},{"damage":35.0,"enemies":"Gremlin Leader","floor":23.0,"turns":7.0},{"damage":23.0,"enemies":"Slavers","floor":25.0,"turns":8.0},{"damage":22.0,"enemies":"Snake Plant","floor":30.0,"turns":3.0},{"damage":15.0,"enemies":"Shelled Parasite and Fungi","floor":31.0,"turns":7.0},{"damage":32,"enemies":"Automaton","floor":33,"turns":12},{"damage":16,"enemies":"Orb Walker","floor":35,"turns":4},{"damage":18,"enemies":"3 Darklings","floor":38,"turns":6},{"damage":36,"enemies":"Writhing Mass","floor":39,"turns":7},{"damage":12,"enemies":"Nemesis","floor":40,"turns":9},{"damage":51,"enemies":"Giant Head","floor":42,"turns":8}],"seed_played":"5519234706934441025","potions_obtained":[{"floor":2.0,"key":"Ancient Potion"},{"floor":4.0,"key":"SteroidPotion"},{"floor":12.0,"key":"DistilledChaos"},{"floor":13.0,"key":"DistilledChaos"},{"floor":21.0,"key":"Swift Potion"},{"floor":23.0,"key":"SpeedPotion"},{"floor":31.0,"key":"DistilledChaos"},{"floor":35,"key":"Ancient Potion"}],"is_trial":false,"path_per_floor":["M","M","?","M","?","R","E","?","T","?","M","M","E","$","R","B",null,"M","M","?","M","?","E","R","E","T","?","R","$","M","M","R","B",null,"M","?","?","M","M","E","R","E"],"character_chosen":"DEFECT","items_purchased":["Mummified Hand","SteroidPotion","ClockworkSouvenir"],"campfire_rested":6,"item_purchase_floors":[14,29,29],"current_hp_per_floor":[59,45,19,19,19,40,29,52,52,27,22,21,18,18,39,39,63,63,63,63,63,63,28,49,26,26,26,47,47,27,14,35,12,56,49,49,49,40,20,17,37,0,0],"gold":248,"neow_bonus":"BOSS_RELIC","is_daily":false,"chose_seed":false,"campfire_upgraded":0,"win_rate":0.0,"timestamp":1610899903,"path_taken":["M","M","?","M","?","R","E","?","T","?","M","M","E","$","R","BOSS","M","M","?","M","?","E","R","E","T","?","R","$","M","M","R","BOSS","M","?","?","M","M","E","R","E"],"items_purchased_type":["Relic","Potion","Relic"],"build_version":"2020-12-22","purchased_purges":0,"victory":false,"max_hp_per_floor":[71,71,71,71,71,71,71,71,71,71,71,71,71,71,71,71,71,71,71,71,71,71,71,71,71,71,71,71,71,71,71,71,71,71,71,71,67,67,67,67,67,67,67],"card_choices":[{"not_picked":["Hello World","Buffer"],"picked":"Rebound","floor":1.0},{"not_picked":["Go for the Eyes","Sweeping Beam"],"picked":"Ball Lightning","floor":2.0},{"not_picked":["Gash","Reprogram"],"picked":"Conserve Battery","floor":4.0},{"not_picked":["Consume","Conserve Battery"],"picked":"Lockon","floor":6.0},{"not_picked":["Stack","Go for the Eyes"],"picked":"Buffer","floor":7.0},{"not_picked":["Hello World","Stack"],"picked":"Undo","floor":10.0},{"not_picked":["Capacitor","Compile Driver"],"picked":"Loop","floor":11.0},{"not_picked":["Hologram","Compile Driver","Gash"],"picked":"SKIP","floor":12.0},{"not_picked":["Self Repair","Chill"],"picked":"Melter","floor":13.0},{"not_picked":["Stack","Blizzard"],"picked":"Barrage","floor":15.0},{"not_picked":["Reboot","Fission"],"picked":"Creative AI","floor":16.0},{"not_picked":["Redo","Rip and Tear"],"picked":"Reinforced Body","floor":18.0},{"not_picked":["Gash","Conserve Battery","Stack"],"picked":"SKIP","floor":19.0},{"not_picked":["Stack+1","Hologram"],"picked":"Chill+1","floor":21.0},{"not_picked":["Steam","Fusion"],"picked":"Aggregate","floor":23.0},{"not_picked":["Cold Snap","Turbo"],"picked":"Defragment","floor":24.0},{"not_picked":["Streamline","Auto Shields"],"picked":"Leap+1","floor":25.0},{"not_picked":["Sweeping Beam","Go for the Eyes","Leap"],"picked":"SKIP","floor":30.0},{"not_picked":["Coolheaded","Gash+1"],"picked":"Self Repair","floor":31.0},{"not_picked":["Echo Form","Rainbow"],"picked":"Seek","floor":33},{"not_picked":["Go for the Eyes+1","Streamline","Ball Lightning"],"picked":"SKIP","floor":35},{"not_picked":["Darkness","Cold Snap"],"picked":"Coolheaded","floor":38},{"not_picked":["Go for the Eyes+1","Conserve Battery"],"picked":"Turbo+1","floor":39},{"not_picked":["Cold Snap","Streamline"],"picked":"Reinforced Body+1","floor":40},{"not_picked":["Beam Cell","Rebound"],"picked":"Machine Learning","floor":41}],"player_experience":1244343,"relics_obtained":[{"floor":0.0,"key":"Art of War"},{"floor":0.0,"key":"Mercury Hourglass"},{"floor":0.0,"key":"Incense Burner"},{"floor":7.0,"key":"Kunai"},{"floor":9.0,"key":"Ornamental Fan"},{"floor":10.0,"key":"Odd Mushroom"},{"floor":13.0,"key":"Pen Nib"},{"floor":23.0,"key":"Vajra"},{"floor":25.0,"key":"Bag of Marbles"},{"floor":26.0,"key":"Blood Vial"},{"floor":40,"key":"Blue Candle"}],"event_choices":[{"damage_healed":0.0,"max_hp_gain":0.0,"max_hp_loss":0.0,"gold_gain":0.0,"event_name":"Scrap Ooze","player_choice":"Success","floor":3.0,"gold_loss":0.0,"damage_taken":26.0,"relics_obtained":["Dream Catcher"]},{"damage_healed":0.0,"max_hp_gain":0.0,"max_hp_loss":0.0,"gold_gain":0.0,"event_name":"World of Goop","player_choice":"Left Gold","floor":5.0,"gold_loss":36.0,"damage_taken":0.0},{"damage_healed":23.0,"max_hp_gain":0.0,"max_hp_loss":0.0,"gold_gain":0.0,"event_name":"Big Fish","player_choice":"Banana","floor":8.0,"gold_loss":0.0,"damage_taken":0.0},{"damage_healed":0.0,"max_hp_gain":0.0,"max_hp_loss":0.0,"gold_gain":0.0,"event_name":"Mushrooms","player_choice":"Fought Mushrooms","floor":10.0,"gold_loss":0.0,"damage_taken":0.0},{"damage_healed":0.0,"max_hp_gain":0.0,"max_hp_loss":0.0,"gold_gain":0.0,"event_name":"Vampires","player_choice":"Ignored","floor":20.0,"gold_loss":0.0,"damage_taken":0.0},{"damage_healed":0.0,"max_hp_gain":0.0,"max_hp_loss":0.0,"gold_gain":0.0,"event_name":"Ghosts","player_choice":"Ignored","floor":22.0,"gold_loss":0.0,"damage_taken":0.0},{"damage_healed":0.0,"max_hp_gain":0.0,"max_hp_loss":0.0,"gold_gain":0.0,"event_name":"Cursed Tome","player_choice":"Ignored","floor":27.0,"gold_loss":0.0,"damage_taken":0.0},{"cards_removed":["Strike_B"],"damage_healed":0,"gold_gain":0,"player_choice":"Removed Attack","damage_taken":0,"max_hp_gain":0,"max_hp_loss":0,"event_name":"Falling","floor":36,"gold_loss":0},{"damage_healed":0,"gold_gain":0,"player_choice":"Max HP","damage_taken":0,"max_hp_gain":0,"max_hp_loss":4,"event_name":"Winding Halls","floor":37,"gold_loss":0}],"is_beta":false,"boss_relics":[{"not_picked":["Runic Dome","Fusion Hammer"],"picked":"Nuclear Battery"},{"not_picked":["Sozu","Philosopher\u0027s Stone"],"picked":"Snecko Eye"}],"items_purged_floors":[],"is_endless":false,"potions_floor_spawned":[2,4,12,13,21,23,31,35],"killed_by":"Giant Head","ascension_level":20}}