{"host":"17xjy7b7ubl548g2","time":1610866009,"event":{"mods":["2.2 Compatiblity","Act Like it!","Aspiration","Astrologer","Bard","BaseMod","Bestiary","Challenge The Spire","ChefMod","Colored Map","Conspire","Elementarium","Energized Spire","Gensokyo","GifTheSpireLib","Halation","Hallownest","Hubris","Infinite Spire","Jedi Mod","Jorbs\u0027s Wanderer Trilogy","Marisa（霧雨　魔理沙）","Marked Mod","Menagerie","Minty Spire (QoL Compilation)","Pale of the Ancients","Permanent Neow","Puzzle Mod","Replay The Spire","Robot Space Explorer","Spicy Shops","StSLib","Stuff the Spire","The Blue Laboratory","The Bug Knight","The Construct","The Disciple","The Factory","The Hayseed","The Hierophant","The Marked","The Runesmith","The Sage","TheFirefly"],"gold_per_floor":[112,127,28,48,24,24,41,62,62,71,71,71,78,93,93,140,140,149,149,166,192,198,217,231,237,255,267,280,298,311,317,323,379,385,397,403,415,421,421],"floor_reached":38,"language":"ENG","playtime":3310,"items_purged":["Runesmith:Strike_RS","Runesmith:Strike_RS"],"score":531,"play_id":"69d3cfac-8ff6-4ce7-b2bf-d96ec28507b6","local_time":"20210117014649","is_ascension_mode":true,"campfire_choices":[{"data":"Runesmith:Fortify","floor":6.0,"key":"SMITH"},{"data":"Runesmith:Permafrost","floor":12.0,"key":"SMITH"},{"data":"Runesmith:EnergizedChisel","floor":15.0,"key":"SMITH"},{"floor":25.0,"key":"REST"},{"data":"Runesmith:DoubleUp","floor":32.0,"key":"SMITH"}],"circlet_count":0,"master_deck":["AscendersBane","Runesmith:Strike_RS+1","Runesmith:Strike_RS","Runesmith:Defend_RS","Runesmith:Defend_RS+1","Runesmith:Defend_RS","Runesmith:Defend_RS","Runesmith:CraftFirestone+1","Runesmith:Fortify+1","Runesmith:HammerThrow","Runesmith:HeatedChisel","Runesmith:HeatedChisel","Runesmith:DoubleUp+1","Runesmith:ElementalConversion","Runesmith:HeatExchange","Pot Of Greed","Pot Of Greed","Runesmith:Permafrost+1","Runesmith:EarthShield","Runesmith:EnergizedChisel+1","Runesmith:CreatorForm","Runesmith:Overpower+1","Runesmith:CraftMagma","Runesmith:BackupBattery","Runesmith:HammerThrow+1","Pot Of Greed","Runesmith:PoweredAnvil+1","Runesmith:Grindstone","Runesmith:HeatedChisel+1","Runesmith:Grindstone","Runesmith:ReplicatingBarrier","Runesmith:ChiselStab+1","Decay","Runesmith:ChaoticBlast+1"],"relics":["Runesmith:BrokenRuby","Menagerie:Aurumvore","Dream Catcher","infinitespire:Broken Mirror","Grinning Jar","hubris:Towel","Replay:WaspNest","energizedSpire:RedRose","Shuriken","MawBank","PreservedInsect","Simple Rune","Anchor","Regal Pillow","Painkiller Herb"],"acts_visited":["Exordium","Menagerie:Menagerie","TheBeyond"],"potions_floor_usage":[],"damage_taken":[{"damage":1.0,"enemies":"Menagerie:WhisperingWraith","floor":1.0,"turns":4.0},{"damage":0.0,"enemies":"Menagerie:StygianBoar","floor":2.0,"turns":3.0},{"damage":9.0,"enemies":"Menagerie:MonstrousExperiment","floor":4.0,"turns":2.0},{"damage":0.0,"enemies":"Menagerie:Hydra","floor":7.0,"turns":4.0},{"damage":7.0,"enemies":"Menagerie:RedMage","floor":10.0,"turns":4.0},{"damage":1.0,"enemies":"Menagerie:MENAGERIE_WILDLIFE","floor":13.0,"turns":4.0},{"damage":8.0,"enemies":"Menagerie:VoidReaper","floor":14.0,"turns":7.0},{"damage":10.0,"enemies":"Menagerie:Suneater","floor":16.0,"turns":10.0},{"damage":2.0,"enemies":"Elementarium:MUD_AND_TAR_GOLEMS","floor":18.0,"turns":2.0},{"damage":6.0,"enemies":"Hallownest:Nosk","floor":20.0,"turns":6.0},{"damage":17.0,"enemies":"Nightmare","floor":23.0,"turns":8.0},{"damage":0.0,"enemies":"Elementarium:Cyclone","floor":24.0,"turns":4.0},{"damage":9.0,"enemies":"Elementarium:3_ELEMENTALS","floor":27.0,"turns":3.0},{"damage":2.0,"enemies":"Elementarium:VoidBeast","floor":28.0,"turns":3.0},{"damage":0.0,"enemies":"Elementarium:ElementalPortal","floor":29.0,"turns":6.0},{"damage":11.0,"enemies":"Elementarium:Hydrostalker","floor":30.0,"turns":5.0},{"damage":0.0,"enemies":"Elementarium:PHOENIXES","floor":33.0,"turns":1.0},{"damage":8.0,"enemies":"3 Darklings","floor":35.0,"turns":5.0},{"damage":0.0,"enemies":"3 Shapes","floor":37.0,"turns":4.0},{"damage":17,"enemies":"Writhing Mass","floor":38,"turns":4}],"seed_played":"470676226380844820","potions_obtained":[{"floor":1.0,"key":"Adrenaline Potion"},{"floor":4.0,"key":"blueLaboratory:NullPotion"},{"floor":8.0,"key":"Venom Potion"},{"floor":10.0,"key":"blueLaboratory:NullPotion"},{"floor":19.0,"key":"blueLaboratory:PyrophylliteBrew"},{"floor":19.0,"key":"jedi:holywater"},{"floor":19.0,"key":"Toxic Potion"},{"floor":20.0,"key":"SkillPotion"},{"floor":23.0,"key":"Strength Potion"},{"floor":30.0,"key":"SteroidPotion"},{"floor":37.0,"key":"blueLaboratory:NullPotion"}],"is_trial":false,"path_per_floor":["M","M","$","M","?","R","E","?","T","M","?","R","M","E","R","B",null,"M","?","?","T","?","NM","M","R","T","M","M","E","M","AVR","R","B",null,"?","?","?","?"],"character_chosen":"RUNESMITH_CLASS","items_purchased":["Runesmith:HeatedChisel"],"campfire_rested":1,"item_purchase_floors":[3],"current_hp_per_floor":[62,62,62,53,53,53,53,36,36,29,29,29,28,20,20,10,55,53,53,47,47,32,15,15,36,36,27,25,25,14,14,14,14,56,48,48,48,31,31],"gold":421,"neow_bonus":"UPGRADE_CARD","is_daily":false,"chose_seed":false,"campfire_upgraded":4,"win_rate":0.0,"timestamp":1610866009,"path_taken":["M","M","$","M","?","R","E","?","T","M","?","R","?","E","R","BOSS","M","?","?","?","?","NM","M","R","T","M","?","E","M","AVR","R","BOSS","?","?","?","?"],"items_purchased_type":["Card"],"build_version":"2020-12-22","purchased_purges":2,"victory":false,"max_hp_per_floor":[70,70,70,70,70,70,70,70,70,70,70,70,70,70,70,70,70,70,70,70,70,70,70,70,70,70,70,70,70,70,70,70,70,70,70,70,70,70,70],"card_choices":[{"not_picked":["Runesmith:BackupBattery","Runesmith:StaticCage"],"picked":"Runesmith:HammerThrow","floor":1.0},{"not_picked":["Runesmith:MakeshiftArmor","Runesmith:StaticCage"],"picked":"Runesmith:HeatedChisel","floor":2.0},{"not_picked":["Runesmith:ChiselStab","Runesmith:OneForEveryone"],"picked":"Runesmith:DoubleUp","floor":4.0},{"not_picked":["Runesmith:MakeshiftArmor","Runesmith:Malloc"],"picked":"Runesmith:ElementalConversion","floor":7.0},{"not_picked":["Runesmith:HammerTime","Runesmith:ElementalConversion"],"picked":"Runesmith:HeatExchange","floor":8.0},{"not_picked":["Runesmith:Prism","Runesmith:BackupBattery"],"picked":"Runesmith:Permafrost","floor":10.0},{"not_picked":["Runesmith:Attraction","Runesmith:WhiteBalance"],"picked":"Runesmith:EarthShield","floor":13.0},{"not_picked":["Runesmith:PerfectChisel","Runesmith:CraftIncendium"],"picked":"Runesmith:EnergizedChisel","floor":14.0},{"not_picked":["Runesmith:Supernova","Runesmith:CraftMedicinae"],"picked":"Runesmith:CreatorForm","floor":16.0},{"not_picked":["Runesmith:Attraction","Runesmith:ChiselStab"],"picked":"Runesmith:Overpower+1","floor":18.0},{"not_picked":["Runesmith:RuneHurl","Runesmith:MakeshiftArmor"],"picked":"Runesmith:CraftMagma","floor":20.0},{"not_picked":["Runesmith:Duplicate","Runesmith:MakeshiftArmor"],"picked":"Runesmith:BackupBattery","floor":23.0},{"not_picked":["Runesmith:StaticCage","Runesmith:CraftSpiculum"],"picked":"Runesmith:HammerThrow+1","floor":24.0},{"not_picked":["Runesmith:RuneHurl","Runesmith:HeatedChisel+1"],"picked":"Runesmith:PoweredAnvil+1","floor":25.0},{"not_picked":["Runesmith:ChiselStab","Runesmith:StaticCage"],"picked":"Runesmith:Grindstone","floor":27.0},{"not_picked":["Runesmith:Overpower","Runesmith:ShiftingStrike"],"picked":"Runesmith:HeatedChisel+1","floor":28.0},{"not_picked":["Runesmith:EnergizedChisel","Runesmith:Supernova"],"picked":"Runesmith:Grindstone","floor":29.0},{"not_picked":["Runesmith:Overpower","Runesmith:WhiteBalance","Runesmith:UnstableHammer"],"picked":"SKIP","floor":30.0},{"not_picked":["Runesmith:FissionHammer","Runesmith:LightningRod"],"picked":"Runesmith:ReplicatingBarrier","floor":33.0},{"not_picked":["Runesmith:NegativeSpace","Runesmith:StaticCage"],"picked":"Runesmith:ChiselStab+1","floor":35.0},{"not_picked":["Runesmith:RunicBlueprint","Runesmith:Accelerate"],"picked":"Runesmith:ChaoticBlast+1","floor":37.0}],"player_experience":1818531,"relics_obtained":[{"floor":7.0,"key":"Dream Catcher"},{"floor":8.0,"key":"infinitespire:Broken Mirror"},{"floor":9.0,"key":"Grinning Jar"},{"floor":14.0,"key":"Replay:WaspNest"},{"floor":20.0,"key":"Shuriken"},{"floor":21.0,"key":"MawBank"},{"floor":23.0,"key":"Simple Rune"},{"floor":26.0,"key":"Anchor"},{"floor":29.0,"key":"Regal Pillow"}],"event_choices":[{"damage_healed":0.0,"max_hp_gain":0.0,"max_hp_loss":0.0,"gold_gain":0.0,"event_name":"Menagerie:ScentOfGold","player_choice":"Pacify","floor":5.0,"gold_loss":0.0,"damage_taken":0.0,"relics_obtained":["Menagerie:Aurumvore"]},{"damage_healed":0.0,"max_hp_gain":0.0,"max_hp_loss":0.0,"gold_gain":0.0,"event_name":"Elementarium:IncubationChamber","player_choice":"Tanks","floor":19.0,"gold_loss":0.0,"damage_taken":0.0},{"damage_healed":0.0,"max_hp_gain":0.0,"max_hp_loss":0.0,"gold_gain":0.0,"event_name":"Elementarium:OtherworldlyPassage","player_choice":"Enter","floor":20.0,"gold_loss":0.0,"damage_taken":0.0},{"damage_healed":0.0,"max_hp_gain":0.0,"max_hp_loss":0.0,"gold_gain":0.0,"event_name":"Wheel of Change","player_choice":"Cursed","floor":36.0,"gold_loss":0.0,"damage_taken":0.0,"cards_obtained":["Decay"]}],"is_beta":false,"boss_relics":[{"not_picked":["halation:CatFaceCupcake","hubris:GrandSneckoEye"],"picked":"energizedSpire:RedRose"},{"not_picked":["halation:SmartPhone","aspiration:RunicSpoon"],"picked":"Painkiller Herb"}],"items_purged_floors":[3,31],"is_endless":false,"potions_floor_spawned":[1,4,10,20,23,30,37],"killed_by":"Writhing Mass","ascension_level":10}}