{"host":"cih9h8yr4nkrkv1a","time":1610869217,"event":{"mods":["BaseMod","Minty Spire (QoL Compilation)","StSLib","The Animator","The Cursed"],"gold_per_floor":[109,109,34,34,49,90,121,162,162,162,39,39,77,92,92,92,92],"floor_reached":16,"language":"ENG","playtime":1081,"items_purged":["animator:Defend","animator:Defend"],"score":118,"play_id":"594c5e88-11d9-413b-b4e1-f41ea1a3ff0e","local_time":"20210117004017","is_ascension_mode":false,"campfire_choices":[{"floor":10,"key":"REST"},{"data":"animator:MumenRider","floor":12,"key":"SMITH"},{"data":"animator:SilverFang","floor":15,"key":"SMITH"}],"circlet_count":0,"master_deck":["animator:Strike_OnePunchMan","animator:Defend_OnePunchMan","animator:Strike","animator:Strike","animator:Defend","animator:Genos","animator:MumenRider+1","animator:Sonic","animator:SilverFang+1","animator:NagisaMomoe"],"relics":["animator:TheMissingPiece","animator:PurgingStone","Velvet Choker","Golden Idol","Letter Opener","Eternal Feather","Bird Faced Urn","Bag of Marbles"],"acts_visited":["Exordium"],"potions_floor_usage":[8],"damage_taken":[{"damage":0,"enemies":"Small Slimes","floor":1,"turns":2},{"damage":5,"enemies":"2 Louse","floor":5,"turns":2},{"damage":30,"enemies":"3 Sentries","floor":6,"turns":10},{"damage":0,"enemies":"Cultist","floor":7,"turns":2},{"damage":14,"enemies":"Lagavulin","floor":8,"turns":5},{"damage":19,"enemies":"3 Sentries","floor":13,"turns":7},{"damage":6,"enemies":"Exordium Thugs","floor":14,"turns":4},{"damage":7,"enemies":"Hexaghost","floor":16,"turns":7}],"seed_played":"493976104045191911","potions_obtained":[{"floor":6,"key":"LiquidMemories"},{"floor":8,"key":"FearPotion"},{"floor":13,"key":"SteroidPotion"}],"is_trial":false,"path_per_floor":["M","?","$","?","M","E","M","E","T","R","$","R","E","M","R","B"],"character_chosen":"THE_ANIMATOR","items_purchased":["animator:SilverFang"],"campfire_rested":1,"item_purchase_floors":[11],"current_hp_per_floor":[66,50,50,50,45,15,15,1,1,23,23,26,7,1,7,0,0],"gold":92,"neow_bonus":"BOSS_RELIC","is_daily":false,"chose_seed":false,"campfire_upgraded":2,"win_rate":0.0,"timestamp":1610869217,"path_taken":["M","?","$","?","M","E","?","E","T","R","?","R","E","M","R","BOSS"],"items_purchased_type":["Card"],"build_version":"2020-12-22","purchased_purges":2,"victory":false,"max_hp_per_floor":[66,66,66,66,66,66,66,66,66,66,66,66,66,66,66,66,66],"card_choices":[{"not_picked":["animator:DolaRiku","animator:MumenRider","animator:Gillette"],"picked":"SKIP","floor":1},{"not_picked":["animator:AcuraAkari","animator:Sloth","animator:Yuuichirou"],"picked":"SKIP","floor":5},{"not_picked":["animator:Mitsuba","animator:DolaSchwi","animator:DolaRiku"],"picked":"SKIP","floor":6},{"not_picked":["animator:Tatsumaki","animator:MumenRider"],"picked":"animator:Sonic","floor":7},{"not_picked":["animator:Sora","animator:RoryMercury","animator:DolaSchwi"],"picked":"SKIP","floor":8},{"not_picked":["animator:Gillette","animator:Envy"],"picked":"animator:NagisaMomoe","floor":13},{"not_picked":["animator:Shigure","animator:Fredrika","animator:YuiTsuruno"],"picked":"SKIP","floor":14}],"player_experience":388676,"relics_obtained":[{"floor":6,"key":"Letter Opener"},{"floor":8,"key":"Eternal Feather"},{"floor":9,"key":"Bird Faced Urn"},{"floor":13,"key":"Bag of Marbles"}],"event_choices":[{"damage_healed":0,"gold_gain":0,"player_choice":"Take Damage","damage_taken":16,"relics_obtained":["Golden Idol"],"max_hp_gain":0,"max_hp_loss":0,"event_name":"Golden Idol","floor":2,"gold_loss":0},{"cards_removed":["animator:Strike"],"damage_healed":0,"gold_gain":0,"player_choice":"Purged","damage_taken":0,"max_hp_gain":0,"max_hp_loss":0,"event_name":"Purifier","floor":4,"gold_loss":0}],"is_beta":false,"boss_relics":[],"items_purged_floors":[3,11],"is_endless":false,"potions_floor_spawned":[6,8,13],"killed_by":"Hexaghost","ascension_level":0}}