{"host":"cdcsem0stf6rethc","time":1610883774,"event":{"mods":["AchievementEnabler","BaseMod","Colored Map","Highlight Path","Minty Spire (QoL Compilation)","StSLib","The Animator"],"gold_per_floor":[112,135,170,170,25,25,100,135,187,212,231,231,32,52,52,156,156,172,26,26,37,68,68,78,97,97,123,135,154,154,154,154,254,254,271,271,493,288,307,307,307,357,357,357,377,403,403,403,403,403,403],"floor_reached":50,"language":"ENG","playtime":3406,"items_purged":["animator:Strike","animator:Strike","animator:Defend_GoblinSlayer"],"score":467,"play_id":"c2f4dd46-c402-4fc5-a866-8f692fd1fb21","local_time":"20210117194254","is_ascension_mode":false,"campfire_choices":[{"data":"animator:Witch","floor":6,"key":"SMITH"},{"data":"animator:GoblinSlayer","floor":12,"key":"SMITH"},{"data":"animator:DwarfShaman","floor":15,"key":"SMITH"},{"data":"animator:GoblinSlayer","floor":23,"key":"SMITH"},{"data":"animator:SakuraMatou","floor":32,"key":"SMITH"},{"data":"animator:GoblinSlayer","floor":40,"key":"SMITH"},{"data":"animator:MisakiNakahara","floor":47,"key":"SMITH"},{"floor":49,"key":"REST"}],"circlet_count":0,"master_deck":["animator:LizardPriest","animator:DwarfShaman+1","animator:Kaijin+1","animator:Witch+1","animator:Arpeggio","animator:Spearman","animator:GoblinSlayer+1","animator:Wiz","animator:GoblinSlayer+1","animator:Darkness","animator:Priestess","animator:ShinjiMatou+1","animator:SakuraMatou+1","animator:GoblinSlayer+1","animator:Witch","animator:SwordMaiden","animator:Priestess","animator:ShinjiMatou+1","animator:HigakiRinne","animator:MisakiNakahara+1","animator:Priestess","animator:YachiyoNanami+1","animator:RinTohsaka"],"relics":["animator:LivingPicture","animator:TheMissingPiece","Centennial Puzzle","animator:PurpleTeddyBear","Smiling Mask","animator:WornHelmet","Sozu","Red Mask","Charon\u0027s Ashes","MutagenicStrength","Dream Catcher","animator:RacePiece","Juzu Bracelet","Prayer Wheel","Sundial","InkBottle"],"acts_visited":["Exordium","TheCity","TheBeyond"],"potions_floor_usage":[33,33,33],"damage_taken":[{"damage":4,"enemies":"2 Louse","floor":1,"turns":2},{"damage":0,"enemies":"Small Slimes","floor":2,"turns":3},{"damage":26,"enemies":"Gremlin Nob","floor":8,"turns":6},{"damage":0,"enemies":"Jaw Worm","floor":10,"turns":4},{"damage":2,"enemies":"Exordium Wildlife","floor":11,"turns":4},{"damage":0,"enemies":"Exordium Thugs","floor":14,"turns":5},{"damage":9,"enemies":"The Guardian","floor":16,"turns":9},{"damage":0,"enemies":"Chosen","floor":18,"turns":5},{"damage":0,"enemies":"Shell Parasite","floor":21,"turns":6},{"damage":20,"enemies":"Masked Bandits","floor":22,"turns":5},{"damage":0,"enemies":"Centurion and Healer","floor":24,"turns":6},{"damage":6,"enemies":"Chosen and Byrds","floor":25,"turns":5},{"damage":0,"enemies":"Shelled Parasite and Fungi","floor":27,"turns":4},{"damage":0,"enemies":"Snake Plant","floor":28,"turns":4},{"damage":12,"enemies":"3 Cultists","floor":29,"turns":5},{"damage":39,"enemies":"Automaton","floor":33,"turns":10},{"damage":0,"enemies":"Orb Walker","floor":35,"turns":4},{"damage":0,"enemies":"3 Shapes","floor":39,"turns":3},{"damage":2,"enemies":"Mind Bloom Boss Battle","floor":42,"turns":5},{"damage":31,"enemies":"Jaw Worm Horde","floor":45,"turns":3},{"damage":1,"enemies":"4 Shapes","floor":46,"turns":3},{"damage":54,"enemies":"Donu and Deca","floor":50,"turns":6}],"seed_played":"5006225727892499730","potions_obtained":[{"floor":2,"key":"SkillPotion"},{"floor":11,"key":"BlessingOfTheForge"}],"is_trial":false,"path_per_floor":["M","M","?","?","$","R","?","E","T","M","M","R","$","M","R","B",null,"M","$","?","M","?","R","M","M","T","M","M","M","?","?","R","B",null,"M","?","?","$","M","R","?","?","T","T","M","M","R","?","R","B"],"character_chosen":"THE_ANIMATOR","items_purchased":["animator:Arpeggio","animator:WornHelmet","animator:GoblinSlayer","Juzu Bracelet"],"campfire_rested":1,"item_purchase_floors":[5,13,19,38],"current_hp_per_floor":[62,62,62,62,62,62,51,26,26,26,24,24,24,24,24,15,67,67,67,67,68,48,48,48,42,42,42,43,31,31,31,31,7,69,69,60,60,60,60,60,60,58,58,58,27,26,26,26,46,0,0],"gold":403,"neow_bonus":"RANDOM_COMMON_RELIC","is_daily":false,"chose_seed":false,"campfire_upgraded":7,"win_rate":0.0,"timestamp":1610883774,"path_taken":["M","M","?","?","$","R","?","E","T","?","M","R","?","M","R","BOSS","M","$","?","M","?","R","M","M","T","M","M","M","?","?","R","BOSS","M","?","?","$","M","R","?","?","T","?","M","M","R","?","R","BOSS"],"items_purchased_type":["Card","Relic","Card","Relic"],"build_version":"2020-12-22","purchased_purges":3,"victory":false,"max_hp_per_floor":[66,66,66,66,66,66,66,67,67,67,67,67,67,67,67,67,67,67,67,67,68,68,68,68,68,68,68,69,69,69,69,69,69,69,69,69,69,69,69,69,69,69,69,69,69,69,69,69,69,69,69],"card_choices":[{"not_picked":["animator:ZankiKiguchi","animator:Shion"],"picked":"animator:Kaijin","floor":1},{"not_picked":["animator:YuiTsuruno","animator:Millim"],"picked":"animator:Witch","floor":2},{"not_picked":["animator:Shichika","animator:HomuraAkemi"],"picked":"animator:Spearman","floor":8},{"not_picked":["animator:DwarfShaman","animator:GuildGirl"],"picked":"animator:GoblinSlayer","floor":10},{"not_picked":["animator:SayakaMiki","animator:Verdia","animator:Shion"],"picked":"SKIP","floor":11},{"not_picked":["animator:Emonzaemon","animator:Witch","animator:HighElfArcher"],"picked":"SKIP","floor":14},{"not_picked":["animator:Eris","animator:HigakiRinne"],"picked":"animator:Wiz","floor":16},{"not_picked":["animator:Verdia","animator:NagisaMomoe+1","animator:CowGirl+1"],"picked":"SKIP","floor":18},{"not_picked":["animator:LizardPriest","animator:HighElfArcher"],"picked":"animator:Priestess","floor":21},{"not_picked":["animator:Shion+1","animator:LizardPriest","animator:Verdia+1"],"picked":"SKIP","floor":24},{"not_picked":["animator:Vanir","animator:Kuribayashi+1","animator:Darkness"],"picked":"SKIP","floor":25},{"not_picked":["animator:Emonzaemon+1","animator:Kazuma"],"picked":"animator:ShinjiMatou+1","floor":27},{"not_picked":["animator:EmiyaShirou","animator:Alexander"],"picked":"animator:SakuraMatou","floor":28},{"not_picked":["animator:Rider","animator:LizardPriest+1","animator:OrikoMikuni"],"picked":"SKIP","floor":29},{"not_picked":["animator:MadokaKaname","animator:HomuraAkemi"],"picked":"animator:GoblinSlayer","floor":33},{"not_picked":["animator:TukaLunaMarceau","animator:UneriGinkaku+1"],"picked":"animator:ShinjiMatou+1","floor":35},{"not_picked":["animator:Konayuki+1","animator:DwarfShaman+1","animator:YuiTsuruno"],"picked":"SKIP","floor":39},{"not_picked":["animator:MisaKurobane","animator:Patchouli"],"picked":"animator:MisakiNakahara","floor":41},{"not_picked":["animator:GuildGirl","animator:Spearman"],"picked":"animator:Priestess","floor":45},{"not_picked":["animator:Aqua","animator:Berserker+1","animator:Illya"],"picked":"SKIP","floor":45},{"not_picked":["animator:Priestess+1","animator:Hakurou+1"],"picked":"animator:YachiyoNanami+1","floor":46},{"not_picked":["animator:NagisaMomoe+1","animator:HighElfArcher+1","animator:Lancer+1"],"picked":"SKIP","floor":46}],"player_experience":201546,"relics_obtained":[{"floor":8,"key":"animator:PurpleTeddyBear"},{"floor":9,"key":"Smiling Mask"},{"floor":22,"key":"Red Mask"},{"floor":26,"key":"Charon\u0027s Ashes"},{"floor":42,"key":"Prayer Wheel"},{"floor":43,"key":"Sundial"},{"floor":44,"key":"InkBottle"}],"event_choices":[{"damage_healed":0,"gold_gain":0,"player_choice":"Grow","damage_taken":0,"max_hp_gain":0,"max_hp_loss":0,"event_name":"Living Wall","floor":4,"gold_loss":0,"cards_upgraded":["animator:Kaijin"]},{"damage_healed":0,"gold_gain":75,"player_choice":"Gather Gold","damage_taken":11,"max_hp_gain":0,"max_hp_loss":0,"event_name":"World of Goop","floor":7,"gold_loss":0},{"damage_healed":0,"gold_gain":0,"player_choice":"Read","damage_taken":0,"max_hp_gain":0,"max_hp_loss":0,"event_name":"The Library","floor":20,"gold_loss":0,"cards_obtained":["animator:Darkness"]},{"damage_healed":0,"gold_gain":0,"player_choice":"Fought Bandits","damage_taken":0,"max_hp_gain":0,"max_hp_loss":0,"event_name":"Masked Bandits","floor":22,"gold_loss":0},{"damage_healed":0,"gold_gain":0,"player_choice":"Inject Mutagens","damage_taken":0,"relics_obtained":["MutagenicStrength"],"max_hp_gain":0,"max_hp_loss":0,"event_name":"Drug Dealer","floor":30,"gold_loss":0},{"damage_healed":0,"gold_gain":0,"player_choice":"Opened","damage_taken":0,"relics_obtained":["Dream Catcher"],"max_hp_gain":0,"max_hp_loss":0,"event_name":"The Mausoleum","floor":31,"gold_loss":0},{"damage_healed":0,"gold_gain":0,"player_choice":"Embrace Madness","damage_taken":9,"max_hp_gain":0,"max_hp_loss":0,"event_name":"Winding Halls","floor":36,"gold_loss":0,"cards_obtained":["animator:HigakiRinne"]},{"damage_healed":0,"gold_gain":222,"player_choice":"Wore Mask","damage_taken":0,"max_hp_gain":0,"max_hp_loss":0,"event_name":"Tomb of Lord Red Mask","floor":37,"gold_loss":0},{"damage_healed":0,"gold_gain":0,"player_choice":"Memory 1","damage_taken":0,"max_hp_gain":0,"max_hp_loss":0,"event_name":"SensoryStone","floor":41,"gold_loss":0},{"damage_healed":0,"gold_gain":0,"player_choice":"Fight","damage_taken":0,"max_hp_gain":0,"max_hp_loss":0,"event_name":"MindBloom","floor":42,"gold_loss":0},{"damage_healed":0,"gold_gain":0,"cards_transformed":["animator:Strike"],"player_choice":"Transformed","damage_taken":0,"max_hp_gain":0,"max_hp_loss":0,"event_name":"Transmorgrifier","floor":48,"gold_loss":0,"cards_obtained":["animator:RinTohsaka"]}],"is_beta":false,"boss_relics":[{"not_picked":["Runic Dome","Coffee Dripper"],"picked":"Sozu"},{"not_picked":["Velvet Choker","Busted Crown"],"picked":"animator:RacePiece"}],"items_purged_floors":[5,13,38],"is_endless":false,"potions_floor_spawned":[2,11,14,21,25,27,28,35,45],"killed_by":"Donu and Deca","ascension_level":0}}