{"host":"pjgcdp3h1plnbocs","time":1610911311,"event":{"mods":["AchievementEnabler","BaseMod","Colored Map","Highlight Path","Minty Spire (QoL Compilation)"],"gold_per_floor":[111,121,136,153,172,172,203,203,230,242,254,299,326,368,380,495,507,534,546,483,510,334,363,278,94,121,121,121,155,207,237,237,336,336,353,353,130,145,145,145,177,177,204,220,220,255,305,315,315,315,315,315,46,81,81,81],"floor_reached":55,"language":"ENG","playtime":1954,"items_purged":["Strike_B+1","Strike_B+1"],"score":836,"play_id":"0fa92736-fa2d-424c-8eb0-ce7df1067756","local_time":"20210117202151","is_ascension_mode":true,"campfire_choices":[{"data":"Zap","floor":6.0,"key":"SMITH"},{"data":"Go for the Eyes","floor":8.0,"key":"SMITH"},{"data":"Gash","floor":10.0,"key":"SMITH"},{"floor":15.0,"key":"REST"},{"data":"Strike_B+1","floor":28,"key":"PURGE"},{"data":"Strike_B+1","floor":32,"key":"PURGE"},{"data":"Leap","floor":40,"key":"PURGE"},{"data":"Defend_B+1","floor":42,"key":"PURGE"},{"floor":45,"key":"RECALL"},{"data":"Master of Strategy","floor":49,"key":"SMITH"},{"data":"Master of Strategy","floor":52,"key":"SMITH"}],"circlet_count":0,"master_deck":["Defend_B+1","Defend_B+1","Dualcast+1","Gash+1","Go for the Eyes+1","Cold Snap+1","Beam Cell","Machine Learning","Steam+1","Gash","Beam Cell","Beam Cell+1","Master of Strategy+1","Go for the Eyes","All For One","Defragment+1","Panache","Go for the Eyes","Gash+1","Master of Strategy+1","FTL+1","Finesse","Defragment","Steam+1"],"relics":["Cracked Core","NeowsBlessing","Matryoshka","Bronze Scales","MawBank","MealTicket","Question Card","SlaversCollar","Red Mask","Juzu Bracelet","Peace Pipe","The Courier","Pen Nib","Bag of Preparation","Pantograph","Busted Crown","Whetstone","PreservedInsect","Omamori","Pocketwatch","Membership Card","Thread and Needle"],"acts_visited":["Exordium","TheCity","TheBeyond","TheEnding"],"potions_floor_usage":[29,33,41,55,55],"damage_taken":[{"damage":0.0,"enemies":"Cultist","floor":1.0,"turns":1.0},{"damage":0.0,"enemies":"2 Louse","floor":2.0,"turns":1.0},{"damage":0.0,"enemies":"Small Slimes","floor":3.0,"turns":1.0},{"damage":7.0,"enemies":"Looter","floor":4.0,"turns":2.0},{"damage":3.0,"enemies":"Blue Slaver","floor":5.0,"turns":4.0},{"damage":24.0,"enemies":"Lagavulin","floor":7.0,"turns":9.0},{"damage":13.0,"enemies":"3 Sentries","floor":12.0,"turns":6.0},{"damage":6.0,"enemies":"Exordium Wildlife","floor":13.0,"turns":4.0},{"damage":6.0,"enemies":"Gremlin Nob","floor":14.0,"turns":4.0},{"damage":22.0,"enemies":"Hexaghost","floor":16.0,"turns":11.0},{"damage":10,"enemies":"Shell Parasite","floor":18,"turns":6},{"damage":28,"enemies":"Masked Bandits","floor":21,"turns":6},{"damage":19,"enemies":"Gremlin Leader","floor":23,"turns":8},{"damage":6,"enemies":"Book of Stabbing","floor":29,"turns":5},{"damage":1,"enemies":"Slavers","floor":31,"turns":5},{"damage":29,"enemies":"Automaton","floor":33,"turns":8},{"damage":0,"enemies":"Orb Walker","floor":35,"turns":2},{"damage":3,"enemies":"3 Shapes","floor":38,"turns":6},{"damage":13,"enemies":"Reptomancer","floor":41,"turns":5},{"damage":0,"enemies":"Spire Growth","floor":44,"turns":2},{"damage":4,"enemies":"Nemesis","floor":46,"turns":3},{"damage":0,"enemies":"Mind Bloom Boss Battle","floor":47,"turns":3},{"damage":13,"enemies":"Jaw Worm Horde","floor":48,"turns":2},{"damage":26,"enemies":"Donu and Deca","floor":50,"turns":6},{"damage":34,"enemies":"Shield and Spear","floor":54,"turns":3},{"damage":116,"enemies":"The Heart","floor":55,"turns":8}],"seed_played":"6910841629566743565","potions_obtained":[{"floor":2.0,"key":"BlessingOfTheForge"},{"floor":3.0,"key":"Weak Potion"},{"floor":4.0,"key":"EssenceOfSteel"},{"floor":5.0,"key":"Fruit Juice"},{"floor":16.0,"key":"Energy Potion"},{"floor":23,"key":"SkillPotion"},{"floor":29,"key":"CultistPotion"},{"floor":33,"key":"Energy Potion"},{"floor":35,"key":"FocusPotion"},{"floor":38,"key":"Fruit Juice"},{"floor":44,"key":"Weak Potion"},{"floor":48,"key":"Dexterity Potion"}],"is_trial":false,"path_per_floor":["M","M","M","M","M","R","E","R","T","R","?","E","M","E","R","B",null,"M","?","$","?","$","E","?","$","T","?","R","E","T","E","R","B",null,"M","?","$","M","?","R","E","R","T","M","R","E","?","M","R","B",null,"R","$","E","B"],"character_chosen":"DEFECT","items_purchased":["Gash","Beam Cell","Master of Strategy","Panache","Go for the Eyes","Gash","Finesse","Membership Card","FairyPotion","Defragment"],"campfire_rested":1,"item_purchase_floors":[22,22,25,37,37,37,53,53,53,53],"current_hp_per_floor":[75,75,75,68,70,70,46,46,46,46,46,33,27,21,45,23,80,70,70,80,52,67,48,48,63,63,63,63,57,57,56,56,51,80,80,80,80,77,77,77,69,69,69,69,69,65,85,72,72,59,85,85,85,51,0,0],"gold":81,"neow_bonus":"THREE_ENEMY_KILL","is_daily":false,"chose_seed":false,"campfire_upgraded":5,"win_rate":0.0,"timestamp":1610911311,"path_taken":["M","M","?","M","M","R","E","R","T","R","?","E","M","E","R","BOSS","M","?","$","?","$","E","?","?","T","?","R","E","?","E","R","BOSS","M","?","$","M","?","R","E","R","T","M","R","E","?","M","R","BOSS","R","$","E","BOSS"],"items_purchased_type":["Card","Card","Card","Card","Card","Card","Card","Relic","Potion","Card"],"build_version":"2020-12-22","purchased_purges":2,"victory":false,"max_hp_per_floor":[75,75,75,75,80,80,80,80,80,80,80,80,80,80,80,80,80,80,80,80,80,80,80,80,80,80,80,80,80,80,80,80,80,80,80,80,80,80,80,80,85,85,85,85,85,85,85,85,85,85,85,85,85,85,85,85],"card_choices":[{"not_picked":["Double Energy","Scrape"],"picked":"Gash","floor":1.0},{"not_picked":["Cold Snap","Streamline"],"picked":"Go for the Eyes","floor":2.0},{"not_picked":["Blizzard","Sweeping Beam"],"picked":"Leap","floor":3.0},{"not_picked":["Core Surge","Turbo","Tempest"],"picked":"SKIP","floor":4.0},{"not_picked":["Stack","Leap","Steam"],"picked":"SKIP","floor":5.0},{"not_picked":["Blizzard","Turbo","Electrodynamics"],"picked":"SKIP","floor":7.0},{"not_picked":["Stack","Redo"],"picked":"Cold Snap","floor":12.0},{"not_picked":["Conserve Battery","Redo","Auto Shields"],"picked":"SKIP","floor":13.0},{"not_picked":["Thunder Strike","Capacitor"],"picked":"Beam Cell","floor":14.0},{"not_picked":["Rainbow","Multi-Cast","Fission"],"picked":"Machine Learning","floor":16.0},{"not_picked":["Cold Snap","Sweeping Beam","BootSequence"],"picked":"Steam+1","floor":18},{"not_picked":["Rip and Tear","Core Surge","Static Discharge"],"picked":"Beam Cell+1","floor":23},{"not_picked":["Sweeping Beam","Skim","Conserve Battery+1","Leap"],"picked":"SKIP","floor":29},{"not_picked":["Double Energy+1","Stack","Force Field+1"],"picked":"Go for the Eyes","floor":31},{"not_picked":["Machine Learning","Creative AI","Amplify"],"picked":"All For One","floor":33},{"not_picked":["Steam+1"],"picked":"Defragment+1","floor":35},{"not_picked":["Reprogram","Coolheaded"],"picked":"SKIP","floor":38},{"not_picked":["Chrysalis"],"picked":"Master of Strategy","floor":39},{"not_picked":["Cold Snap+1","Electrodynamics"],"picked":"SKIP","floor":41},{"not_picked":["Scrape+1","Darkness+1"],"picked":"SKIP","floor":44},{"not_picked":["Hologram"],"picked":"FTL+1","floor":46},{"not_picked":["Hello World+1","Streamline+1"],"picked":"SKIP","floor":48},{"not_picked":["Core Surge"],"picked":"Steam+1","floor":54}],"player_experience":177806,"relics_obtained":[{"floor":7.0,"key":"Matryoshka"},{"floor":9.0,"key":"Bronze Scales"},{"floor":9.0,"key":"MawBank"},{"floor":12.0,"key":"MealTicket"},{"floor":14.0,"key":"Question Card"},{"floor":21,"key":"Red Mask"},{"floor":23,"key":"Juzu Bracelet"},{"floor":26,"key":"The Courier"},{"floor":26,"key":"Pen Nib"},{"floor":29,"key":"Bag of Preparation"},{"floor":31,"key":"Pantograph"},{"floor":41,"key":"Whetstone"},{"floor":43,"key":"PreservedInsect"},{"floor":46,"key":"Omamori"},{"floor":47,"key":"Pocketwatch"},{"floor":54,"key":"Thread and Needle"}],"event_choices":[{"damage_healed":0.0,"max_hp_gain":0.0,"max_hp_loss":0.0,"gold_gain":0.0,"event_name":"Living Wall","player_choice":"Grow","floor":11.0,"gold_loss":0.0,"damage_taken":0.0,"cards_upgraded":["Dualcast"]},{"damage_healed":0,"gold_gain":0,"player_choice":"Simplicity","damage_taken":0,"max_hp_gain":0,"max_hp_loss":0,"event_name":"Back to Basics","floor":19,"gold_loss":0,"cards_upgraded":["Strike_B","Strike_B","Strike_B","Strike_B","Defend_B","Defend_B","Defend_B","Defend_B"]},{"damage_healed":0,"gold_gain":0,"player_choice":"Fought Bandits","damage_taken":0,"max_hp_gain":0,"max_hp_loss":0,"event_name":"Masked Bandits","floor":21,"gold_loss":0},{"damage_healed":0,"gold_gain":0,"player_choice":"Obtained Relic","damage_taken":0,"relics_obtained":["Peace Pipe"],"max_hp_gain":0,"max_hp_loss":0,"event_name":"Addict","floor":24,"gold_loss":85},{"cards_removed":["Defend_B"],"damage_healed":0,"gold_gain":0,"player_choice":"Offered Basic","damage_taken":0,"max_hp_gain":0,"max_hp_loss":0,"event_name":"Bonfire Elementals","floor":27,"gold_loss":0},{"cards_removed":["Zap"],"damage_healed":0,"gold_gain":0,"player_choice":"Removed Skill","damage_taken":0,"max_hp_gain":0,"max_hp_loss":0,"event_name":"Falling","floor":36,"gold_loss":0},{"damage_healed":0,"gold_gain":0,"player_choice":"Memory 1","damage_taken":0,"max_hp_gain":0,"max_hp_loss":0,"event_name":"SensoryStone","floor":39,"gold_loss":0},{"damage_healed":0,"gold_gain":0,"player_choice":"Fight","damage_taken":0,"max_hp_gain":0,"max_hp_loss":0,"event_name":"MindBloom","floor":47,"gold_loss":0}],"is_beta":false,"boss_relics":[{"not_picked":["Velvet Choker","Astrolabe"],"picked":"SlaversCollar"},{"not_picked":["Calling Bell","Snecko Eye"],"picked":"Busted Crown"}],"items_purged_floors":[20,22],"is_endless":false,"potions_floor_spawned":[2,3,4,5,16,23,29,33,35,38,44,48,54],"killed_by":"The Heart","ascension_level":1}}