{"host":"nj4msrt0z6tj4wtb","time":1610887364,"event":{"mods":["AchievementEnabler","BaseMod","Colored Map","Colored Powertips","DeckTracker","Highlight Path","Minty Spire (QoL Compilation)","Quick Restart","Random Character Button","StSLib","SuperFastMode"],"gold_per_floor":[117,144,144,63,81,108,108,142,191,207,238,238,238,250,250,326,326,336,336,336],"floor_reached":19,"language":"KOR","playtime":617,"items_purged":[],"score":420,"play_id":"440315db-8601-48c9-a87d-c4a71300e8ed","local_time":"20210117214244","is_ascension_mode":true,"campfire_choices":[{"data":"MentalFortress","floor":7.0,"key":"SMITH"},{"data":"Adaptation","floor":13.0,"key":"SMITH"},{"data":"Wallop","floor":15,"key":"SMITH"}],"circlet_count":0,"master_deck":["AscendersBane","Strike_P","Strike_P","Strike_P","Strike_P","Defend_P","Defend_P","Defend_P","Defend_P","Eruption+1","Vigilance","CutThroughFate","MentalFortress+1","EmptyFist","FollowUp","Wallop+1","Adaptation+1","Devotion","CrushJoints"],"relics":["PureWater","NeowsBlessing","Anchor","Centennial Puzzle","Question Card","Damaru","The Courier","Boot","Black Star"],"acts_visited":["Exordium","TheCity"],"potions_floor_usage":[19],"damage_taken":[{"damage":0.0,"enemies":"Cultist","floor":1.0,"turns":1.0},{"damage":0.0,"enemies":"Jaw Worm","floor":5.0,"turns":1.0},{"damage":0.0,"enemies":"Lagavulin","floor":6.0,"turns":1.0},{"damage":10.0,"enemies":"3 Sentries","floor":8.0,"turns":4.0},{"damage":0.0,"enemies":"Small Slimes","floor":10.0,"turns":3.0},{"damage":8.0,"enemies":"Gremlin Nob","floor":11.0,"turns":3.0},{"damage":0,"enemies":"Blue Slaver","floor":14,"turns":2},{"damage":34,"enemies":"The Guardian","floor":16,"turns":10},{"damage":37,"enemies":"Shell Parasite","floor":18,"turns":6},{"damage":18,"enemies":"Spheric Guardian","floor":19,"turns":4}],"seed_played":"5243468222333989395","potions_obtained":[{"floor":5.0,"key":"LiquidMemories"},{"floor":8.0,"key":"Ancient Potion"},{"floor":16,"key":"StancePotion"}],"is_trial":false,"path_per_floor":["M","T","?","$","M","E","R","E","T","M","E","?","R","M","R","B",null,"M","M"],"character_chosen":"WATCHER","items_purchased":["MentalFortress"],"campfire_rested":0,"item_purchase_floors":[4],"current_hp_per_floor":[61,61,61,61,61,61,61,51,51,51,43,43,43,43,43,9,53,16,0,0],"gold":336,"neow_bonus":"THREE_ENEMY_KILL","is_daily":false,"chose_seed":false,"campfire_upgraded":3,"win_rate":0.0,"timestamp":1610887364,"path_taken":["M","?","?","$","?","E","R","E","T","M","E","?","R","M","R","BOSS","M","M"],"items_purchased_type":["Card"],"build_version":"2020-12-22","purchased_purges":0,"victory":false,"max_hp_per_floor":[68,68,68,68,68,68,68,68,68,68,68,68,68,68,68,68,68,68,68,68],"card_choices":[{"not_picked":["SashWhip","Fasting2"],"picked":"CutThroughFate","floor":1.0},{"not_picked":["FlyingSleeves","SashWhip"],"picked":"EmptyFist","floor":5.0},{"not_picked":["Consecrate","Weave"],"picked":"FollowUp","floor":6.0},{"not_picked":["SpiritShield","PathToVictory"],"picked":"Wallop","floor":8.0},{"not_picked":["SignatureMove","CutThroughFate","Protect","SashWhip"],"picked":"SKIP","floor":10.0},{"not_picked":["CrushJoints","MentalFortress","EmptyBody"],"picked":"Adaptation","floor":11.0},{"not_picked":["Swivel","FollowUp","SashWhip","JustLucky"],"picked":"SKIP","floor":14},{"not_picked":["Alpha","DevaForm","Judgement"],"picked":"Devotion","floor":16},{"not_picked":["BowlingBash","Prostrate","JustLucky"],"picked":"CrushJoints","floor":18}],"player_experience":634903,"relics_obtained":[{"floor":2.0,"key":"Anchor"},{"floor":6.0,"key":"Centennial Puzzle"},{"floor":8.0,"key":"Question Card"},{"floor":9.0,"key":"Damaru"},{"floor":11.0,"key":"The Courier"}],"event_choices":[{"damage_healed":0.0,"max_hp_gain":0.0,"max_hp_loss":0.0,"gold_gain":0.0,"event_name":"Upgrade Shrine","player_choice":"Upgraded","floor":3.0,"gold_loss":0.0,"damage_taken":0.0,"cards_upgraded":["Eruption"]},{"damage_healed":0.0,"max_hp_gain":0.0,"max_hp_loss":0.0,"gold_gain":0.0,"event_name":"Dead Adventurer","player_choice":"Searched \u00271\u0027 times","floor":12.0,"gold_loss":0.0,"damage_taken":0.0,"relics_obtained":["Boot"]}],"is_beta":false,"boss_relics":[{"not_picked":["Runic Dome","Ectoplasm"],"picked":"Black Star"}],"items_purged_floors":[],"is_endless":false,"potions_floor_spawned":[5,8,10,16,18],"killed_by":"Spheric Guardian","ascension_level":20}}