{"host":"f5mjulaw5aqlqmd7","time":1610924687,"event":{"mods":["Act Like it!","BaseMod","Colored Map","GifTheSpireLib","Hallownest","Minty Spire (QoL Compilation)","StSLib"],"gold_per_floor":[113,113,188,188,200,200,215,249,276,128,139,314,327,327,327,432,432,445,456,456,556,30,30,44,44,90,90,109,109,128,138,138,138,138],"floor_reached":33,"language":"ENG","playtime":2474,"items_purged":["Shame"],"score":247,"play_id":"a07f35ec-7d79-4f68-b424-303af2470bc2","local_time":"20210117180447","is_ascension_mode":false,"campfire_choices":[{"floor":6,"key":"REST"},{"data":"Bouncing Flask","floor":15,"key":"SMITH"},{"floor":23,"key":"REST"},{"floor":25,"key":"REST"},{"data":"Catalyst","floor":27,"key":"SMITH"},{"floor":32,"key":"REST"}],"circlet_count":0,"master_deck":["Strike_G","Strike_G","Strike_G","Defend_G","Defend_G","Defend_G","Survivor","Neutralize","Bouncing Flask","Distraction","Crippling Poison","Flechettes","Slice","Catalyst+1","Bane","Flying Knee","Bouncing Flask+1","PiercingWail","Terror","Terror","Backflip","Corpse Explosion","Night Terror+1","Bane+1","Dodge and Roll","Bane","Deadly Poison+1","Backstab","Acrobatics+1","Distraction+1","Deflect+1","Endless Agony","Leg Sweep+1"],"relics":["Ring of the Snake","Orichalcum","Ice Cream","Toy Ornithopter","Orrery","Astrolabe","Toxic Egg 2","Lantern","Sling","Regal Pillow","Strawberry"],"acts_visited":["Exordium","TheCity"],"potions_floor_usage":[11,33,33,33],"damage_taken":[{"damage":15,"enemies":"Small Slimes","floor":1,"turns":4},{"damage":2,"enemies":"Jaw Worm","floor":5,"turns":4},{"damage":0,"enemies":"2 Louse","floor":7,"turns":2},{"damage":8,"enemies":"3 Sentries","floor":8,"turns":8},{"damage":6,"enemies":"Exordium Wildlife","floor":11,"turns":4},{"damage":1,"enemies":"2 Fungi Beasts","floor":13,"turns":3},{"damage":9,"enemies":"Hexaghost","floor":16,"turns":8},{"damage":14,"enemies":"2 Thieves","floor":18,"turns":3},{"damage":9,"enemies":"Shell Parasite","floor":19,"turns":5},{"damage":31,"enemies":"Centurion and Healer","floor":24,"turns":5},{"damage":31,"enemies":"Shelled Parasite and Fungi","floor":28,"turns":5},{"damage":0,"enemies":"Snecko","floor":30,"turns":2},{"damage":24,"enemies":"Snake Plant","floor":31,"turns":3},{"damage":63,"enemies":"Champ","floor":33,"turns":11}],"seed_played":"-4198598959216211215","potions_obtained":[{"floor":1,"key":"SteroidPotion"},{"floor":7,"key":"PowerPotion"},{"floor":13,"key":"Ancient Potion"},{"floor":18,"key":"Poison Potion"}],"is_trial":false,"path_per_floor":["M","?","?","?","M","R","M","E","T","$","M","?","M","?","R","B",null,"M","M","?","?","$","R","M","R","T","R","M","T","M","M","R","B"],"character_chosen":"THE_SILENT","items_purchased":["Orrery","Deadly Poison+1","Lantern","Backstab","Sling","Acrobatics+1"],"campfire_rested":4,"item_purchase_floors":[10,22,22,22,22,22],"current_hp_per_floor":[55,37,26,26,24,45,45,37,37,37,36,36,35,58,58,49,70,56,47,47,47,47,68,37,58,58,58,27,34,34,10,48,0,0],"gold":138,"neow_bonus":"TRANSFORM_CARD","is_daily":false,"chose_seed":false,"campfire_upgraded":2,"win_rate":0.0,"timestamp":1610924687,"path_taken":["M","?","?","?","M","R","M","E","T","?","M","?","?","?","R","BOSS","M","M","?","?","$","R","?","R","T","R","?","?","M","M","R","BOSS"],"items_purchased_type":["Relic","Card","Relic","Card","Relic","Card"],"build_version":"2020-12-22","purchased_purges":1,"victory":false,"max_hp_per_floor":[70,70,70,70,70,70,70,70,70,70,70,70,70,70,70,70,70,70,70,70,70,70,70,70,70,70,70,70,77,77,77,77,77,77],"card_choices":[{"not_picked":["Quick Slash","Masterful Stab"],"picked":"Distraction","floor":1},{"not_picked":["Prepared","Skewer"],"picked":"Flechettes","floor":5},{"not_picked":["Calculated Gamble","Outmaneuver"],"picked":"Slice","floor":7},{"not_picked":["Deflect","Bane"],"picked":"Catalyst","floor":8},{"not_picked":["PiercingWail","Outmaneuver"],"picked":"Bane","floor":10},{"not_picked":["Infinite Blades","Sucker Punch"],"picked":"Flying Knee","floor":10},{"not_picked":["Skewer","Riddle With Holes"],"picked":"Bouncing Flask","floor":10},{"not_picked":["Outmaneuver","Eviscerate"],"picked":"PiercingWail","floor":10},{"not_picked":["Deflect","Expertise"],"picked":"Terror","floor":10},{"not_picked":["Quick Slash","Slice"],"picked":"Terror","floor":11},{"not_picked":["Sucker Punch","Underhanded Strike"],"picked":"Backflip","floor":13},{"not_picked":["Burst","Tools of the Trade"],"picked":"Corpse Explosion","floor":16},{"not_picked":["Sucker Punch","Distraction"],"picked":"Dodge and Roll","floor":18},{"not_picked":["Slice","PiercingWail"],"picked":"Bane","floor":19},{"not_picked":["Dodge and Roll+1","Tools of the Trade"],"picked":"Distraction+1","floor":24},{"not_picked":["Blade Dance+1","Sucker Punch"],"picked":"Deflect+1","floor":28},{"not_picked":["Infinite Blades","Backflip+1"],"picked":"Endless Agony","floor":30},{"not_picked":["PiercingWail+1","Bane"],"picked":"Leg Sweep+1","floor":31}],"player_experience":8918,"relics_obtained":[{"floor":8,"key":"Ice Cream"},{"floor":9,"key":"Toy Ornithopter"},{"floor":26,"key":"Regal Pillow"},{"floor":29,"key":"Strawberry"}],"event_choices":[{"damage_healed":0,"gold_gain":0,"player_choice":"Success","damage_taken":18,"relics_obtained":["Orichalcum"],"max_hp_gain":0,"max_hp_loss":0,"event_name":"Scrap Ooze","floor":2,"gold_loss":0},{"damage_healed":0,"gold_gain":75,"player_choice":"Gather Gold","damage_taken":11,"max_hp_gain":0,"max_hp_loss":0,"event_name":"World of Goop","floor":3,"gold_loss":0},{"damage_healed":0,"gold_gain":0,"cards_transformed":["Strike_G"],"player_choice":"Change","damage_taken":0,"max_hp_gain":0,"max_hp_loss":0,"event_name":"Living Wall","floor":4,"gold_loss":0,"cards_obtained":["Crippling Poison"]},{"damage_healed":0,"gold_gain":175,"player_choice":"AGREE","damage_taken":0,"max_hp_gain":0,"max_hp_loss":0,"event_name":"Liars Game","floor":12,"gold_loss":0,"cards_obtained":["Doubt"]},{"damage_healed":23,"gold_gain":0,"player_choice":"Banana","damage_taken":0,"max_hp_gain":0,"max_hp_loss":0,"event_name":"Big Fish","floor":14,"gold_loss":0},{"damage_healed":0,"gold_gain":0,"player_choice":"Opened","damage_taken":0,"relics_obtained":["Toxic Egg 2"],"max_hp_gain":0,"max_hp_loss":0,"event_name":"The Mausoleum","floor":20,"gold_loss":0},{"damage_healed":0,"gold_gain":100,"player_choice":"Pray","damage_taken":0,"max_hp_gain":0,"max_hp_loss":0,"event_name":"Golden Shrine","floor":21,"gold_loss":0}],"is_beta":false,"boss_relics":[{"not_picked":["Coffee Dripper","HoveringKite"],"picked":"Astrolabe"}],"items_purged_floors":[22],"is_endless":false,"potions_floor_spawned":[1,7,13,18,28,30],"killed_by":"Champ","ascension_level":0}}