{"host":"b4asi0laiv85suj9","time":1610860330,"event":{"mods":["ATMod(°¢èªMod)","BaseMod","Colored Powertips","Minty Spire (QoL Compilation)","MostiFishMod","Quick Restart","Relic Stats","StSLib","TestMod","noobMod"],"gold_per_floor":[110,122,122,122,122,122,135,158,158,83,83,83],"floor_reached":11,"language":"ZHS","playtime":297,"items_purged":["Strike_P"],"score":126,"play_id":"9300a871-8c62-49ca-8dd7-2f961d1a0926","local_time":"20210117131210","is_ascension_mode":true,"campfire_choices":[{"data":"ReachHeaven","floor":6,"key":"SMITH"}],"circlet_count":0,"master_deck":["AscendersBane","Strike_P","Strike_P","Defend_P","Defend_P","Defend_P","Defend_P","Eruption","Vigilance","AT_RobotInSpace","Protect","ReachHeaven+1","Crescendo","SignatureMove"],"relics":["testmod-TestBox","DaveBox","ice","AT_ATBox","Snecko Eye","testmod-ArcanaOfDestiny","MostiFishMod:AdaptiveDefenses","SynthV:TestCard","Golden Idol","Meat on the Bone"],"acts_visited":["Exordium"],"potions_floor_usage":[],"damage_taken":[{"damage":0,"enemies":"Jaw Worm","floor":1,"turns":3},{"damage":0,"enemies":"2 Louse","floor":2,"turns":1},{"damage":7,"enemies":"Small Slimes","floor":7,"turns":2},{"damage":0,"enemies":"Blue Slaver","floor":8,"turns":2},{"damage":41,"enemies":"3 Sentries","floor":11,"turns":3}],"seed_played":"2256045178304734296","potions_obtained":[{"floor":1,"key":"FearPotion"},{"floor":2,"key":"DuplicationPotion"},{"floor":8,"key":"PowerPotion"}],"is_trial":false,"path_per_floor":["M","M","?","?","?","R","M","M","T","$","E"],"character_chosen":"WATCHER","items_purchased":[],"campfire_rested":0,"item_purchase_floors":[],"current_hp_per_floor":[61,61,66,41,34,34,27,27,27,27,0,0],"gold":83,"neow_bonus":"BOSS_RELIC","is_daily":false,"chose_seed":false,"campfire_upgraded":1,"win_rate":0.0,"timestamp":1610860330,"path_taken":["M","M","?","?","?","R","M","M","T","$","E"],"items_purchased_type":[],"build_version":"2020-12-22","purchased_purges":1,"victory":false,"max_hp_per_floor":[68,68,73,73,73,73,73,73,73,73,73,73],"relic_stats":{"counters":[5,11],"Golden Idol":8,"Snecko Eye":[20,18,12,21],"obtain_stats":[{"testmod-TestBox":0,"AT_ATBox":0,"SynthV:TestCard":1,"DaveBox":0,"Golden Idol":4,"Snecko Eye":0,"MostiFishMod:AdaptiveDefenses":0,"ice":0,"PureWater":0,"testmod-ArcanaOfDestiny":0,"Meat on the Bone":9},{"testmod-TestBox":0,"AT_ATBox":0,"SynthV:TestCard":1,"DaveBox":0,"Golden Idol":2,"Snecko Eye":0,"MostiFishMod:AdaptiveDefenses":0,"ice":0,"PureWater":0,"testmod-ArcanaOfDestiny":0,"Meat on the Bone":4},{"testmod-TestBox":0,"AT_ATBox":0,"SynthV:TestCard":3,"DaveBox":0,"Golden Idol":4,"Snecko Eye":0,"MostiFishMod:AdaptiveDefenses":0,"ice":0,"PureWater":0,"testmod-ArcanaOfDestiny":0,"Meat on the Bone":8}],"Meat on the Bone":0},"card_choices":[{"not_picked":["PathToVictory","AT_ChampionStep"],"picked":"Protect","floor":1},{"not_picked":["CrushJoints","Prostrate","FlyingSleeves","EmptyBody"],"picked":"ReachHeaven","floor":2},{"not_picked":["Prostrate","FollowUp","Crescendo","ThirdEye","MostiFishMod:StarHerder"],"picked":"SKIP","floor":7},{"not_picked":["Prostrate","FollowUp","ThirdEye","MostiFishMod:StarHerder"],"picked":"Crescendo","floor":7},{"not_picked":["Pray","LikeWater","ClearTheMind","Evaluate"],"picked":"SignatureMove","floor":8}],"player_experience":305786,"relics_obtained":[{"floor":1,"key":"SynthV:TestCard"},{"floor":9,"key":"Meat on the Bone"}],"event_choices":[{"damage_healed":0,"gold_gain":0,"player_choice":"Donut","damage_taken":0,"max_hp_gain":5,"max_hp_loss":0,"event_name":"Big Fish","floor":3,"gold_loss":0},{"damage_healed":0,"gold_gain":0,"player_choice":"Take Damage","damage_taken":25,"relics_obtained":["Golden Idol"],"max_hp_gain":0,"max_hp_loss":0,"event_name":"Golden Idol","floor":4,"gold_loss":0},{"cards_removed":["Strike_P"],"damage_healed":0,"gold_gain":0,"player_choice":"Card Removal","damage_taken":7,"max_hp_gain":0,"max_hp_loss":0,"event_name":"Golden Wing","floor":5,"gold_loss":0}],"is_beta":false,"boss_relics":[],"items_purged_floors":[10],"is_endless":false,"potions_floor_spawned":[1,2,8],"killed_by":"3 Sentries","ascension_level":20}}