{"host":"c9u2ukdgrcsq736w","time":1610867091,"event":{"mods":["2.2 Compatiblity","Abigail Mod","Act Like it!","Ascension Reborn","Aspiration","BaseMod","Better Altar","Better Match","Better Note","Better Sensory Stone","Better Silent Start","Better Skull","Better Synergies","Better Third Choice","Better Vampires","BetterRewards","CapriCore","Challenge The Spire","Colored Map","Colored Powertips","Conjunction","Conspire","Dio Mod","Displayed Cursed Tome","Emptier Cage","Energized Spire","Faster Ascension Climbing","Friendly Minions","Gensokyo","GungeonMod","Hallownest","Hubris","HumanHunterMod(怪物?人mod)","Humility","Infinite Spire","KinomotoSakuraMod(木之本?)","Koishi","KomeijiMod","Marisa（霧雨　魔理沙）","Minty Spire (QoL Compilation)","Pale of the Ancients","Prisma Mod","Rare Cards Sparkle","Reimu（博??梦）","Relic Sorter","Remilia（蕾米莉?）","Replay The Spire","Shop Mod","Spicy Shops","Spire Birthday Party","StSLib","SuperFastMode","The Alterego","The Blue Laboratory","The Death Knight","The Exalted","The Immortal","TheSwordswoman","Trackpad","Virulent Crown","Wandering Minibosses","Yuyuko","[IsaacMod]以撒尖塔","everything is the same but u backflip on backflip","vexMod"],"gold_per_floor":[117,117,133,133,153,186,186,200,271,1052,1070,1083,1008,563,563,705,705,723,781,781,781,812,852,852,1082,1108,1108,1108,1259,1277,1335,1335,1432,1432,1472,1472,1512,1572,1572,1588,1498,1556,1556,1584,1584,1628,1628,527,527,527,847,859,859,907,907,907,907,340,340,540],"floor_reached":61,"language":"ENG","playtime":3482,"items_purged":[],"score":2091,"play_id":"7b638a40-7460-4e24-972b-a952e1a49778","local_time":"20210117160451","is_ascension_mode":true,"campfire_choices":[{"data":"AbbyMod:FleetingSanity","floor":15,"key":"SMITH"},{"data":"HandOfGreed","floor":28,"key":"SMITH"},{"data":"infinitespire:UltimateForm","floor":32,"key":"SMITH"},{"floor":45,"key":"RECALL"},{"data":"AbbyMod:CosmicSpark","floor":47,"key":"SMITH"},{"data":"Pot Of Greed","floor":49,"key":"SMITH"},{"data":"AbbyMod:PowerGamer","floor":55,"key":"SMITH"},{"data":"AbbyMod:PreciousMemories","floor":57,"key":"SMITH"}],"circlet_count":0,"master_deck":["AbbyMod:Ab_Strike","AbbyMod:Ab_Strike","AbbyMod:Ab_Strike","AbbyMod:Ab_Strike","AbbyMod:Ab_Defend","AbbyMod:Ab_Defend","AbbyMod:Ab_Defend","AbbyMod:FleetingSanity+1","AbbyMod:ForeheadBeam","AbbyMod:Kuroboshi","AbbyMod:CosmicSpark+1","AbbyMod:ConsumeFlesh","AbbyMod:PowerGamer+1","Clumsy","AbbyMod:Dabigail+1","AbbyMod:PrayerOfFaith","AbbyMod:VoidWhispers","AbbyMod:EyesOfMadness","BettingIsNotGood+1","Dramatic Entrance","HandOfGreed+1","AbbyMod:BlackKey","AbbyMod:WitchTrial","AbbyMod:ImpossibleGeometry+1","AbbyMod:Hitomi","Gensokyo:SevenSchoolMysteries","AbbyMod:VoidPriest","AbbyMod:TeddyBear+1","AbbyMod:FatalEntropy+1","AbbyMod:ConsumeFlesh","Pot Of Greed+1","AbbyMod:Thflth","AbbyMod:PreciousMemories+1","infinitespire:UltimateForm+1","AbbyMod:AlignStars+1","AbbyMod:CosmicSpark+1","AbbyMod:FlyingMascot","Pot Of Greed","hubris:Fate","AbbyMod:MeltBrain+1","Madness+1","AbbyMod:PapaProtection","AbbyMod:LifeSentence+1","AbbyMod:DemonPancake+1","AbbyMod:WitchTrial+1","Gensokyo:MissMary","Gensokyo:RedCapeBlueCape","AbbyMod:PreciousMemories+1","AbbyMod:WitchTrial+1","infinitespire:Neurotoxin","Blur","Replay:Poison Smokescreen","AbbyMod:RecklessSlam","AbbyMod:EyesOfMadness","AbbyMod:AdultWords","AbbyMod:Kuroboshi","Replay:Sssssssssstrike","Metamorphosis","Pot Of Greed","AbbyMod:Ab_DarkestPact"],"relics":["AbbyMod:Salem_Diary","HushsDoor","PunchingBag","aspiration:Nostalgia","alterego_mod:MasochisticConstitution","aspiration:ChemicalBlood","Replay:Rubber Ducky","Gensokyo:NagashiBinaDoll","wanderingMiniBosses:MasterThiefsPresence","ReplayTheSpireMod:ShopPack","vexMod:PaidLearning","Snecko Heart","Eternal Feather","trackpad:SappingStone","Ginger","hubris:DeckOfHolding","ReplayFunnel","Vajra","hubris:Icosahedron","Grinning Jar","Philosopher\u0027s Stone","Simple Rune","Mummified Hand","DemoMod:Metronome","HandDrill","hubris:EmptyBottle","trackpad:PocketGalaxy","TentaclePot:ReiMu","paleoftheancients:Timepiece","paleoftheancients:KeyRelic","CultistMask","paleoftheancients:SoulOfTheSilent","Blood Vial","Boot","Strange Spoon","Frozen Eye","Pen Nib","hubris:NiceRug","trackpad:Compendium","RuthlessExorcism:ReiMu","Mummified Hand"],"acts_visited":["Gensokyo:Gensokyo","Gensokyo:Gensokyoer","Gensokyo:Gensokyoest","paleoftheancients:PaleOfTheAncients"],"potions_floor_usage":[5,6,11,12,16,25,29,31,40,50,50,50,50,56,56,56,60,60,60],"damage_taken":[{"damage":0,"enemies":"Gensokyo:3_Fairies","floor":1,"turns":3},{"damage":0,"enemies":"Gensokyo:Python","floor":3,"turns":4},{"damage":9,"enemies":"Gensokyo:2_Kodama","floor":5,"turns":3},{"damage":16,"enemies":"Gensokyo:Aya","floor":6,"turns":8},{"damage":0,"enemies":"Gensokyo:LivingMonolith","floor":8,"turns":2},{"damage":0,"enemies":"Gensokyo:VengefulSpirit","floor":10,"turns":14},{"damage":2,"enemies":"Gensokyo:5_Fairies","floor":11,"turns":4},{"damage":5,"enemies":"Gensokyo:Gryphon_and_Rabbit","floor":12,"turns":5},{"damage":8,"enemies":"Gensokyo:Kokoro","floor":16,"turns":9},{"damage":8,"enemies":"Gensokyo:CosmicMonolith","floor":18,"turns":3},{"damage":0,"enemies":"Gensokyo:2_Gloops","floor":22,"turns":3},{"damage":12,"enemies":"Gensokyo:Mirror_and_Dog","floor":23,"turns":4},{"damage":21,"enemies":"Gensokyo:Reisen","floor":25,"turns":8},{"damage":1,"enemies":"Gensokyo:Koishi","floor":29,"turns":6},{"damage":5,"enemies":"Gensokyo:Monolith_and_Dog","floor":30,"turns":2},{"damage":20,"enemies":"Nightmare","floor":31,"turns":7},{"damage":0,"enemies":"Gensokyo:Kaguya","floor":33,"turns":9},{"damage":0,"enemies":"Gensokyo:3_Bats","floor":35,"turns":3},{"damage":0,"enemies":"Gensokyo:3_Boulders","floor":37,"turns":5},{"damage":0,"enemies":"Gensokyo:AtlasGolem","floor":38,"turns":4},{"damage":0,"enemies":"Gensokyo:SeedOfUnknown","floor":40,"turns":2},{"damage":0,"enemies":"Gensokyo:Doremy","floor":42,"turns":5},{"damage":9,"enemies":"Gensokyo:Kasen","floor":44,"turns":4},{"damage":0,"enemies":"Gensokyo:Dusk_and_Dawn","floor":46,"turns":4},{"damage":0,"enemies":"Gensokyo:Yuyuko","floor":50,"turns":4},{"damage":3,"enemies":"Gensokyo:Yuyuko","floor":51,"turns":8},{"damage":3,"enemies":"Gensokyo:Yuyuko","floor":52,"turns":2},{"damage":128,"enemies":"Gensokyo:Yuyuko","floor":56,"turns":8},{"damage":0,"enemies":"hubris:Merchant","floor":58,"turns":4},{"damage":1,"enemies":"paleoftheancients:N","floor":60,"turns":10}],"seed_played":"-270403112259808153","potions_obtained":[{"floor":1,"key":"FearPotion"},{"floor":3,"key":"DuplicationPotion"},{"floor":6,"key":"SkillPotion"},{"floor":12,"key":"AttackPotion"},{"floor":16,"key":"DuplicationPotion"},{"floor":30,"key":"FearPotion"},{"floor":31,"key":"SkillPotion"},{"floor":46,"key":"AttackPotion"},{"floor":51,"key":"blueLaboratory:FrostheartPotion"},{"floor":56,"key":"blueLaboratory:PyrophylliteBrew"},{"floor":58,"key":"blueLaboratory:PhilterOfMotion"},{"floor":58,"key":"Adrenaline Potion"}],"is_trial":false,"path_per_floor":["M","?","M","$","M","E","?","M","T","M","M","M","?","COS","R","B",null,"M","?","?","?","M","M","?","E","T","?","R","E","M","NM","R","B",null,"M","?","M","M","?","M","?","E","T","E","R","M","R","COS","R","B","M","M","?","T","R","M","R","$","?","B",null],"character_chosen":"Ab_Foreigner","items_purchased":["Diplopia","Boot","Strange Spoon","Frozen Eye","AbbyMod:RecklessSlam","AbbyMod:EyesOfMadness"],"campfire_rested":0,"item_purchase_floors":[58,58,58,58,58,58],"current_hp_per_floor":[60,45,45,45,37,23,23,23,23,24,24,21,21,21,21,25,70,71,71,64,64,64,54,38,39,39,39,57,69,65,55,75,77,77,77,58,69,70,55,65,65,77,77,74,83,85,85,85,85,86,87,88,88,88,89,92,92,92,92,95],"gold":540,"neow_bonus":"NOSTALGIA","is_daily":false,"chose_seed":false,"campfire_upgraded":7,"win_rate":0.0,"timestamp":1610867091,"path_taken":["M","?","M","?","M","E","?","M","T","M","?","M","?","COS","R","BOSS","M","?","?","?","M","?","?","E","T","?","R","E","M","NM","R","BOSS","M","?","?","M","?","M","?","E","T","E","R","?","R","COS","R","BOSS","M","M","?","T","R","M","R","$","?","BOSS"],"items_purchased_type":["Relic","Relic","Relic","Relic","Card","Card"],"build_version":"2020-12-22","purchased_purges":0,"victory":true,"max_hp_per_floor":[60,60,60,60,61,63,63,63,63,64,66,68,68,68,68,70,70,71,71,64,64,64,66,66,68,68,68,68,71,72,75,75,77,77,77,77,78,79,79,79,79,81,81,83,83,85,85,85,85,86,88,89,89,89,89,92,92,92,92,95],"card_choices":[{"not_picked":[],"picked":"ChaosCard","floor":0},{"not_picked":["AbbyMod:Ab_FiveStars","AbbyMod:Kinoko"],"picked":"AbbyMod:Kuroboshi","floor":1},{"not_picked":["AbbyMod:HeroCreationA","AbbyMod:WitchTrial"],"picked":"AbbyMod:CosmicSpark","floor":3},{"not_picked":["AbbyMod:WormHole","AbbyMod:CommandSpell"],"picked":"AbbyMod:ConsumeFlesh","floor":5},{"not_picked":["AbbyMod:ChocoKey","AbbyMod:ExposedCore"],"picked":"AbbyMod:PowerGamer","floor":6},{"not_picked":["AbbyMod:SilverKey","AbbyMod:Ab_FiveStars"],"picked":"AbbyMod:Dabigail","floor":8},{"not_picked":["AbbyMod:WitchTrial","AbbyMod:ExposedCore"],"picked":"AbbyMod:PrayerOfFaith","floor":10},{"not_picked":["AbbyMod:LargeTentacle","AbbyMod:WorldStrongest"],"picked":"AbbyMod:VoidWhispers","floor":11},{"not_picked":["AbbyMod:SanityCheck","AbbyMod:AdultWords"],"picked":"AbbyMod:EyesOfMadness","floor":12},{"not_picked":["vexMod:EmailVexCard+1","Deep Breath+1"],"picked":"BettingIsNotGood+1","floor":13},{"not_picked":["vexMod:StairwayStrike","RidiculousThoughts"],"picked":"Violence","floor":14},{"not_picked":["ThoughtExtend","ReplayTheSpireMod:Trickstab"],"picked":"Dramatic Entrance","floor":14},{"not_picked":["Trip","ReplayTheSpireMod:Uncanny Aura"],"picked":"HandOfGreed","floor":14},{"not_picked":["AbbyMod:EquivalentExchange","AbbyMod:Ab_OldOneTrigger"],"picked":"AbbyMod:BlackKey","floor":16},{"not_picked":["AbbyMod:CloneArmy","AbbyMod:Meteo"],"picked":"AbbyMod:WitchTrial","floor":18},{"not_picked":["AbbyMod:LargeTentacle","AbbyMod:TentacleSwarm"],"picked":"AbbyMod:ImpossibleGeometry+1","floor":19},{"not_picked":["AbbyMod:Memocide","AbbyMod:Takeuchi"],"picked":"AbbyMod:Hitomi","floor":19},{"not_picked":["Gensokyo:RedCapeBlueCape","Gensokyo:LochNessMonster"],"picked":"Gensokyo:SevenSchoolMysteries","floor":20},{"not_picked":["AbbyMod:CloneArmy","AbbyMod:ImpossibleGeometry"],"picked":"AbbyMod:TeddyBear+1","floor":22},{"not_picked":["AbbyMod:ExposedCore+1","AbbyMod:CommandSpell"],"picked":"AbbyMod:FatalEntropy+1","floor":23},{"not_picked":["AbbyMod:Ab_PuppyEyes","AbbyMod:TentacleSwarm"],"picked":"AbbyMod:ConsumeFlesh","floor":25},{"not_picked":["AbbyMod:ImpossibleGeometry","AbbyMod:Keyblade"],"picked":"AbbyMod:Thflth","floor":29},{"not_picked":["AbbyMod:SanityCheck","AbbyMod:ConsumeFlesh+1"],"picked":"AbbyMod:PreciousMemories+1","floor":30},{"not_picked":["infinitespire:TheBestDefense","Replay:Fractal Strike"],"picked":"infinitespire:UltimateForm","floor":31},{"not_picked":["AbbyMod:CloneArmy","AbbyMod:SanityCheck"],"picked":"AbbyMod:AlignStars+1","floor":31},{"not_picked":["AbbyMod:BadGirl","AbbyMod:SlimyBody"],"picked":"AbbyMod:CosmicSpark","floor":33},{"not_picked":["AbbyMod:ChocoKey+1","AbbyMod:WorldStrongest"],"picked":"AbbyMod:FlyingMascot","floor":35},{"not_picked":["infinitespire:NeuralNetwork","ReplayTheSpireMod:??????????????????????"],"picked":"hubris:Fate","floor":36},{"not_picked":["AbbyMod:LargeTentacle","AbbyMod:Meteo","AbbyMod:AttoSecond+1"],"picked":"SKIP","floor":37},{"not_picked":["AbbyMod:AceInTheHole+1","AbbyMod:WorldStrongest+1"],"picked":"AbbyMod:MeltBrain+1","floor":38},{"not_picked":["AbbyMod:SanityCheck","AbbyMod:Ab_SwirlOfMadness+1"],"picked":"AbbyMod:PapaProtection","floor":40},{"not_picked":["AbbyMod:AbsoluteCorruption","AbbyMod:WitchTrial"],"picked":"AbbyMod:LifeSentence+1","floor":42},{"not_picked":["AbbyMod:Thflth+1","AbbyMod:MeltBrain"],"picked":"AbbyMod:DemonPancake+1","floor":44},{"not_picked":["AbbyMod:Memocide","AbbyMod:Takeuchi"],"picked":"AbbyMod:WitchTrial+1","floor":46},{"not_picked":["AbbyMod:Kuroboshi","AbbyMod:SuperMuscular"],"picked":"AbbyMod:PreciousMemories","floor":51},{"not_picked":["AbbyMod:AdultWords","AbbyMod:LargeTentacle+1"],"picked":"AbbyMod:WitchTrial+1","floor":52},{"not_picked":[],"picked":"AbbyMod:AdultWords","floor":58},{"not_picked":[],"picked":"AbbyMod:Kuroboshi","floor":58},{"not_picked":[],"picked":"Replay:Sssssssssstrike","floor":58},{"not_picked":[],"picked":"Metamorphosis","floor":58},{"not_picked":[],"picked":"AbbyMod:Ab_DarkestPact","floor":58}],"player_experience":638148,"relics_obtained":[{"floor":6,"key":"Replay:Rubber Ducky"},{"floor":10,"key":"wanderingMiniBosses:MasterThiefsPresence"},{"floor":19,"key":"Eternal Feather"},{"floor":25,"key":"ReplayFunnel"},{"floor":26,"key":"Vajra"},{"floor":29,"key":"Grinning Jar"},{"floor":42,"key":"Simple Rune"},{"floor":43,"key":"Mummified Hand"},{"floor":44,"key":"DemoMod:Metronome"},{"floor":52,"key":"paleoftheancients:SoulOfTheSilent"},{"floor":54,"key":"Blood Vial"},{"floor":58,"key":"trackpad:Compendium"},{"floor":58,"key":"RuthlessExorcism:ReiMu"}],"event_choices":[{"damage_healed":0,"gold_gain":0,"player_choice":"2","damage_taken":0,"max_hp_gain":0,"max_hp_loss":0,"event_name":"betterMatch:BetterMatch","floor":13,"gold_loss":0,"cards_obtained":["betterMatch:ColorlessUncommonCard"]},{"damage_healed":0,"gold_gain":0,"player_choice":"RE ","damage_taken":18,"relics_obtained":["trackpad:SappingStone"],"max_hp_gain":0,"max_hp_loss":0,"event_name":"betterSkull:BetterSkull","floor":24,"gold_loss":0,"cards_upgraded":[]},{"damage_healed":0,"gold_gain":3,"player_choice":"2","damage_taken":0,"max_hp_gain":0,"max_hp_loss":15,"event_name":"betterStone:BetterStone","floor":39,"gold_loss":0}],"is_beta":false,"boss_relics":[{"not_picked":["Replay:Grab Bag","trackpad:Trackpad"],"picked":"Snecko Heart"},{"not_picked":[]},{"not_picked":["Replay:Ancient Bell","ReplayTheSpireMod:SealedPack"],"picked":"Philosopher\u0027s Stone"},{"not_picked":[]}],"items_purged_floors":[],"is_endless":false,"potions_floor_spawned":[1,3,6,10,12,16,25,30,31,35,37,38,46,51],"ascension_level":0}}