{"host":"2tgyrzvaa7l04o2e","time":1610841806,"event":{"mods":["BaseMod","Highlight Path","Minty Spire (QoL Compilation)","Permanent Neow","Relic Stats"],"gold_per_floor":[116,132,142,162,177,177,206,281,281,296,296,330,330,330,330],"floor_reached":14,"language":"ENG","playtime":778,"items_purged":[],"score":168,"play_id":"888043f1-3405-4a34-95b6-784d6541a7a2","local_time":"20210117010326","is_ascension_mode":true,"campfire_choices":[{"data":"Self Repair","floor":6,"key":"SMITH"},{"data":"Capacitor","floor":11,"key":"SMITH"},{"data":"Coolheaded","floor":13,"key":"SMITH"}],"circlet_count":0,"master_deck":["AscendersBane","Strike_B","Strike_B","Strike_B","Strike_B","Defend_B","Defend_B","Defend_B","Defend_B","Zap","Dualcast","Force Field","Force Field","Self Repair+1","Ball Lightning","Fusion","Coolheaded+1","Capacitor+1","Fusion"],"relics":["Snecko Eye","Happy Flower","WingedGreaves"],"acts_visited":["Exordium"],"potions_floor_usage":[4,7,7,7,7,10,10],"damage_taken":[{"damage":0,"enemies":"Cultist","floor":1,"turns":3},{"damage":0,"enemies":"Small Slimes","floor":2,"turns":5},{"damage":1,"enemies":"Jaw Worm","floor":3,"turns":5},{"damage":0,"enemies":"Looter","floor":4,"turns":3},{"damage":1,"enemies":"Blue Slaver","floor":5,"turns":4},{"damage":18,"enemies":"Gremlin Nob","floor":7,"turns":4},{"damage":2,"enemies":"Exordium Wildlife","floor":10,"turns":6},{"damage":28,"enemies":"3 Sentries","floor":12,"turns":9},{"damage":86,"enemies":"Gremlin Nob","floor":14,"turns":5}],"seed_played":"7352242429779515128","potions_obtained":[{"floor":1,"key":"EntropicBrew"},{"floor":3,"key":"SneckoOil"},{"floor":5,"key":"DistilledChaos"},{"floor":12,"key":"SteroidPotion"}],"is_trial":false,"path_per_floor":["M","M","M","M","M","R","E","?","T","M","R","E","R","E"],"character_chosen":"DEFECT","items_purchased":[],"campfire_rested":0,"item_purchase_floors":[],"current_hp_per_floor":[68,68,67,74,73,73,65,54,54,62,62,44,44,0,0],"gold":330,"neow_bonus":"BOSS_RELIC","is_daily":false,"chose_seed":false,"campfire_upgraded":3,"win_rate":0.0,"timestamp":1610841806,"path_taken":["M","?","M","?","M","R","E","?","T","M","R","E","R","E"],"items_purchased_type":[],"build_version":"2020-12-22","purchased_purges":0,"victory":false,"max_hp_per_floor":[75,75,75,75,75,75,75,75,75,75,75,75,75,75,75],"relic_stats":{"Happy Flower":[6],"counters":[9,44],"Snecko Eye":[78,78,68,70],"obtain_stats":[{"Happy Flower":7,"Snecko Eye":0,"WingedGreaves":12,"Cracked Core":0},{"Happy Flower":6,"Snecko Eye":0,"WingedGreaves":8,"Cracked Core":0},{"Happy Flower":24,"Snecko Eye":0,"WingedGreaves":39,"Cracked Core":0}]},"card_choices":[{"not_picked":["Steam","White Noise"],"picked":"Force Field","floor":1},{"not_picked":["Compile Driver","Turbo"],"picked":"Force Field","floor":2},{"not_picked":["Turbo","Scrape"],"picked":"Self Repair","floor":3},{"not_picked":["Compile Driver","Coolheaded"],"picked":"Ball Lightning","floor":4},{"not_picked":["Hello World","Rebound"],"picked":"Fusion","floor":5},{"not_picked":["Streamline","Genetic Algorithm"],"picked":"Coolheaded","floor":7},{"not_picked":["Go for the Eyes","Turbo"],"picked":"Capacitor","floor":10},{"not_picked":["Fission","Compile Driver"],"picked":"Fusion","floor":12}],"player_experience":630705,"relics_obtained":[{"floor":7,"key":"Happy Flower"},{"floor":12,"key":"WingedGreaves"}],"event_choices":[{"damage_healed":0,"gold_gain":75,"player_choice":"Gather Gold","damage_taken":11,"max_hp_gain":0,"max_hp_loss":0,"event_name":"World of Goop","floor":8,"gold_loss":0}],"is_beta":false,"boss_relics":[],"items_purged_floors":[],"is_endless":false,"potions_floor_spawned":[1,3,5,12],"killed_by":"Gremlin Nob","ascension_level":13}}