{"host":"puf131q5awx2h4uh","time":1610873342,"event":{"mods":["BaseMod","Minty Spire (QoL Compilation)","Quick Restart","Shop Mod","StSLib"],"gold_per_floor":[115,115,115,37,54,89,89,89,166,183,200,200,212,223,223,297,297,310,310,87,0,15,15,15,15],"floor_reached":24,"language":"ZHS","playtime":920,"items_purged":["Strike_G"],"score":376,"play_id":"d7bcd1e6-d1f5-4ece-90b3-9a03de7498e9","local_time":"20210117164902","is_ascension_mode":true,"campfire_choices":[{"data":"Bouncing Flask","floor":8.0,"key":"SMITH"},{"data":"Catalyst","floor":12.0,"key":"SMITH"},{"data":"Deadly Poison","floor":15.0,"key":"SMITH"},{"data":"Malaise","floor":23,"key":"SMITH"}],"circlet_count":0,"master_deck":["AscendersBane","Strike_G","Strike_G","Strike_G","Strike_G","Defend_G","Defend_G","Defend_G","Defend_G","Defend_G","Survivor","Neutralize","Footwork","Catalyst+1","Footwork","Bouncing Flask+1","Deadly Poison+1","Malaise+1"],"relics":["Ring of the Snake","NeowsBlessing","CaptainsWheel","Blood Vial","SlaversCollar","Chemical X"],"acts_visited":["Exordium","TheCity"],"potions_floor_usage":[24,24],"damage_taken":[{"damage":0.0,"enemies":"Small Slimes","floor":1.0,"turns":1.0},{"damage":0.0,"enemies":"Jaw Worm","floor":5.0,"turns":1.0},{"damage":0.0,"enemies":"3 Sentries","floor":6.0,"turns":2.0},{"damage":7.0,"enemies":"2 Louse","floor":10.0,"turns":3.0},{"damage":3.0,"enemies":"Looter","floor":11.0,"turns":3.0},{"damage":7.0,"enemies":"Lots of Slimes","floor":13.0,"turns":7.0},{"damage":6.0,"enemies":"3 Louse","floor":14.0,"turns":5.0},{"damage":32.0,"enemies":"Slime Boss","floor":16.0,"turns":10.0},{"damage":4.0,"enemies":"Spheric Guardian","floor":18.0,"turns":5.0},{"damage":3,"enemies":"Shell Parasite","floor":22,"turns":8},{"damage":52,"enemies":"Gremlin Leader","floor":24,"turns":7}],"seed_played":"-5251410212049869428","potions_obtained":[{"floor":1.0,"key":"CunningPotion"},{"floor":5.0,"key":"SkillPotion"},{"floor":10.0,"key":"Energy Potion"},{"floor":16.0,"key":"Energy Potion"},{"floor":18.0,"key":"Weak Potion"}],"is_trial":false,"path_per_floor":["M","?","?","$","M","E","?","R","T","M","M","R","M","M","R","B",null,"M","?","$","?","M","R","E"],"character_chosen":"THE_SILENT","items_purchased":["Catalyst","Chemical X"],"campfire_rested":0,"item_purchase_floors":[4,20],"current_hp_per_floor":[59,47,47,47,47,47,47,47,47,42,41,41,36,32,32,2,50,48,48,48,48,47,47,0,0],"gold":15,"neow_bonus":"THREE_ENEMY_KILL","is_daily":false,"chose_seed":false,"campfire_upgraded":4,"win_rate":0.0,"timestamp":1610873342,"path_taken":["M","?","?","$","M","E","?","R","T","M","M","R","M","M","R","BOSS","M","?","$","?","M","R","E"],"items_purchased_type":["Card","Relic"],"build_version":"2020-12-22","purchased_purges":1,"victory":false,"max_hp_per_floor":[66,66,66,66,66,66,66,66,66,66,66,66,66,66,66,66,66,66,66,66,66,66,66,66,66],"card_choices":[{"not_picked":["Leg Sweep","Predator"],"picked":"Footwork","floor":1.0},{"not_picked":["Dagger Spray","Deflect"],"picked":"Footwork","floor":5.0},{"not_picked":["Underhanded Strike","Predator"],"picked":"Bouncing Flask","floor":6.0},{"not_picked":["Cloak And Dagger","Escape Plan","Prepared"],"picked":"SKIP","floor":10.0},{"not_picked":["Blade Dance","Dash","Deadly Poison"],"picked":"SKIP","floor":11.0},{"not_picked":["Blade Dance","Dash"],"picked":"Deadly Poison","floor":11.0},{"not_picked":["Predator","Riddle With Holes","Underhanded Strike"],"picked":"SKIP","floor":13.0},{"not_picked":["A Thousand Cuts","Cloak And Dagger","Quick Slash"],"picked":"SKIP","floor":14.0},{"not_picked":["Glass Knife","Bullet Time"],"picked":"Malaise","floor":16.0},{"not_picked":["Flying Knee","Concentrate","Blur"],"picked":"SKIP","floor":18.0},{"not_picked":["PiercingWail+1","Distraction","Blade Dance+1"],"picked":"SKIP","floor":22}],"player_experience":322538,"relics_obtained":[{"floor":6.0,"key":"Blood Vial"}],"event_choices":[{"damage_healed":0.0,"max_hp_gain":0.0,"max_hp_loss":0.0,"gold_gain":0.0,"event_name":"Scrap Ooze","player_choice":"Success","floor":2.0,"gold_loss":0.0,"damage_taken":12.0,"relics_obtained":["CaptainsWheel"]},{"damage_healed":0.0,"max_hp_gain":0.0,"max_hp_loss":0.0,"gold_gain":0.0,"event_name":"Shining Light","player_choice":"Ignored","floor":3.0,"gold_loss":0.0,"damage_taken":0.0},{"damage_healed":0.0,"max_hp_gain":0.0,"max_hp_loss":0.0,"gold_gain":0.0,"event_name":"Liars Game","player_choice":"Ignored","floor":7.0,"gold_loss":0.0,"damage_taken":0.0},{"damage_healed":0.0,"max_hp_gain":0.0,"max_hp_loss":0.0,"gold_gain":0.0,"event_name":"Vampires","player_choice":"Ignored","floor":19.0,"gold_loss":0.0,"damage_taken":0.0},{"damage_healed":0,"gold_gain":0,"player_choice":"Paid Fearfully","damage_taken":0,"max_hp_gain":0,"max_hp_loss":0,"event_name":"Masked Bandits","floor":21,"gold_loss":87}],"is_beta":false,"boss_relics":[{"not_picked":["Black Star","Ring of the Serpent"],"picked":"SlaversCollar"}],"items_purged_floors":[20],"is_endless":false,"potions_floor_spawned":[1,5,10,16,18],"killed_by":"Gremlin Leader","ascension_level":14}}