{"host":"fdq5pmhluajjrf8d","time":1610924522,"event":{"mods":["BaseMod","Minty Spire (QoL Compilation)"],"gold_per_floor":[111,125,139,139,158,158,173,191,191,203,216,181,181,194,194,194,194],"floor_reached":16,"language":"ENG","playtime":585,"items_purged":[],"score":196,"play_id":"b3c4d960-e1dd-4cbd-9c3d-84cebd4820e8","local_time":"20210117180202","is_ascension_mode":true,"campfire_choices":[{"data":"Streamline","floor":6,"key":"SMITH"},{"floor":15,"key":"REST"}],"circlet_count":0,"master_deck":["AscendersBane","Strike_B","Strike_B","Strike_B","Strike_B","Defend_B","Defend_B","Defend_B","Defend_B","Zap","Dualcast","Beam Cell+1","Reinforced Body","Streamline+1","Gash","Hologram","Genetic Algorithm","Injury","Gash"],"relics":["Cracked Core","Turnip","Golden Idol"],"acts_visited":["Exordium"],"potions_floor_usage":[14,16,16],"damage_taken":[{"damage":0,"enemies":"Cultist","floor":1,"turns":3},{"damage":15,"enemies":"Small Slimes","floor":2,"turns":4},{"damage":14,"enemies":"Jaw Worm","floor":3,"turns":4},{"damage":5,"enemies":"3 Louse","floor":5,"turns":3},{"damage":0,"enemies":"2 Fungi Beasts","floor":7,"turns":3},{"damage":8,"enemies":"Blue Slaver","floor":8,"turns":3},{"damage":6,"enemies":"Exordium Thugs","floor":10,"turns":3},{"damage":7,"enemies":"3 Louse","floor":11,"turns":3},{"damage":10,"enemies":"2 Fungi Beasts","floor":14,"turns":4},{"damage":51,"enemies":"The Guardian","floor":16,"turns":8}],"seed_played":"1003414216131490836","potions_obtained":[{"floor":1,"key":"ColorlessPotion"},{"floor":3,"key":"FocusPotion"},{"floor":14,"key":"SneckoOil"}],"is_trial":false,"path_per_floor":["M","M","M","?","M","R","M","M","T","M","M","?","?","M","R","B"],"character_chosen":"DEFECT","items_purchased":[],"campfire_rested":1,"item_purchase_floors":[],"current_hp_per_floor":[71,56,42,42,37,37,37,29,29,23,16,35,35,25,48,0,0],"gold":194,"neow_bonus":"TEN_PERCENT_HP_BONUS","is_daily":false,"chose_seed":false,"campfire_upgraded":1,"win_rate":0.0,"timestamp":1610924522,"path_taken":["M","M","M","?","M","R","M","M","T","M","M","?","?","M","R","BOSS"],"items_purchased_type":[],"build_version":"2020-12-22","purchased_purges":0,"victory":false,"max_hp_per_floor":[78,78,78,78,78,78,78,78,78,78,78,78,78,78,78,78,78],"card_choices":[{"not_picked":["Undo","Steam"],"picked":"Beam Cell","floor":1},{"not_picked":["Steam","Conserve Battery"],"picked":"Reinforced Body","floor":2},{"not_picked":["Rip and Tear","Loop"],"picked":"Streamline","floor":3},{"not_picked":["Rip and Tear","Buffer"],"picked":"Gash","floor":5},{"not_picked":["Ball Lightning","Redo"],"picked":"Hologram","floor":7},{"not_picked":["Cold Snap","Streamline","Steam"],"picked":"SKIP","floor":8},{"not_picked":["Redo","Stack","Compile Driver"],"picked":"SKIP","floor":10},{"not_picked":["Ball Lightning","Capacitor"],"picked":"Genetic Algorithm","floor":11},{"not_picked":["Barrage","Steam Power"],"picked":"Gash","floor":14}],"player_experience":1924828,"relics_obtained":[{"floor":9,"key":"Turnip"}],"event_choices":[{"damage_healed":0,"gold_gain":0,"player_choice":"Grow","damage_taken":0,"max_hp_gain":0,"max_hp_loss":0,"event_name":"Living Wall","floor":4,"gold_loss":0,"cards_upgraded":["Beam Cell"]},{"damage_healed":19,"gold_gain":0,"player_choice":"Healed","damage_taken":0,"max_hp_gain":0,"max_hp_loss":0,"event_name":"The Cleric","floor":12,"gold_loss":35},{"damage_healed":0,"gold_gain":0,"player_choice":"Take Wound","damage_taken":0,"relics_obtained":["Golden Idol"],"max_hp_gain":0,"max_hp_loss":0,"event_name":"Golden Idol","floor":13,"gold_loss":0,"cards_obtained":["Injury"]}],"is_beta":false,"boss_relics":[],"items_purged_floors":[],"is_endless":false,"potions_floor_spawned":[1,3,7,14],"killed_by":"The Guardian","ascension_level":20}}