{"host":"irc1izoeqqttpzsx","time":1610868116,"event":{"mods":["2.2 Compatiblity","Aspiration","BaseMod","Better Note","BetterRewards","Colored Map","Colored Powertips","Conspire","DeckTracker","GifTheSpireLib","Highlight Path","Hubris","Infinite Spire","Mad Scientist","Mimic Mod","Minty Spire (QoL Compilation)","Quick Restart","Rare Cards Sparkle","Relic Sorter","Replay The Spire","Shop Mod","Spikes Relics","StSLib","SuperFastMode","The Servant 0.9.4","Trackpad","Uncapped"],"gold_per_floor":[110,277,293,243,243,243,260,272,297,297,297,297,297,324,324,427,427,438,87,107,107,107,107,139,139,139,169,189,206,229,254,254,357,357,372,383,6,6,6],"floor_reached":38,"language":"ENG","playtime":1511,"items_purged":["Defend_S","Defend_S","Strike_S"],"score":555,"play_id":"d21f9ad0-76ec-481a-a41c-25a0f6f777f4","local_time":"20210117022156","is_ascension_mode":true,"campfire_choices":[{"data":"Exchange","floor":6,"key":"SMITH"},{"data":"KidneyShot","floor":12,"key":"SMITH"},{"data":"Defend_S","floor":15,"key":"SMITH"},{"data":"infinitespire:Collect","floor":23,"key":"SMITH"},{"data":"Envenom","floor":25,"key":"SMITH"},{"data":"Dilation","floor":32,"key":"SMITH"}],"circlet_count":0,"master_deck":["Strike_S","Defend_S+1","KidneyShot+1","Exchange+1","Rearm","Ricochet","Envenom+1","SilverBlades+1","Deflect+1","infinitespire:Collect+1","CurseOfTheBell","Dark Shackles","Dilation+1","Sunlight","infinitespire:Menacing"],"relics":["aspiration:SilentSkillbook","ExplosiveVial","Matryoshka","trackpad:CultistFigurine","MerchantsRug","infinitespire:Satchel","Blue Doll","ReplayTheSpireMod:TigerMarble","trackpad:ByrdCharm","Toy Ornithopter","SacredBark","Iron Hammer","Calling Bell","infinitespire:Lucky Rock","conspire:DecoderRing","Calipers","Replay:Mystery Machine","Pear","hubris:PeanutButter","trackpad:PetRock","hubris:Backtick","hubris:Zylophone","aspiration:StickyExplosives_weak"],"acts_visited":["Exordium","TheCity","TheBeyond"],"potions_floor_usage":[8,14,20,28,28,33],"damage_taken":[{"damage":1,"enemies":"Jaw Worm","floor":1,"turns":4},{"damage":0,"enemies":"Small Slimes","floor":3,"turns":4},{"damage":9,"enemies":"Cultist","floor":7,"turns":5},{"damage":32,"enemies":"Exordium Thugs","floor":8,"turns":7},{"damage":4,"enemies":"Lagavulin","floor":14,"turns":6},{"damage":0,"enemies":"Hexaghost","floor":16,"turns":9},{"damage":6,"enemies":"3 Byrds","floor":18,"turns":4},{"damage":10,"enemies":"Spheric Guardian","floor":20,"turns":4},{"damage":0,"enemies":"Replay:Snechameleon","floor":24,"turns":6},{"damage":8,"enemies":"Gremlin Leader","floor":27,"turns":4},{"damage":0,"enemies":"Snecko","floor":28,"turns":5},{"damage":0,"enemies":"Snake Plant","floor":29,"turns":4},{"damage":28,"enemies":"Slavers","floor":31,"turns":3},{"damage":12,"enemies":"Automaton","floor":33,"turns":8},{"damage":0,"enemies":"3 Darklings","floor":35,"turns":3},{"damage":0,"enemies":"Orb Walker","floor":36,"turns":3}],"seed_played":"-3368892446803516019","potions_obtained":[{"floor":1,"key":"SteroidPotion"},{"floor":8,"key":"SteroidPotion"},{"floor":14,"key":"Reflective Coating"},{"floor":18,"key":"SpeedPotion"},{"floor":24,"key":"Energy Potion"},{"floor":27,"key":"Reflective Coating"},{"floor":29,"key":"Weak Potion"}],"is_trial":false,"path_per_floor":["M","$","M","?","?","R","M","M","T","T","?","R","?","E","R","B",null,"M","$","M","AVR","?","R","E","R","T","E","M","M","T","E","R_BF","B",null,"M","M","$","?"],"character_chosen":"THE_SERVANT","items_purchased":["ExplosiveVial","Matryoshka","trackpad:CultistFigurine","MerchantsRug","Dexterity Potion","Iron Hammer","aspiration:StickyExplosives_weak"],"campfire_rested":0,"item_purchase_floors":[2,2,2,2,2,19,37],"current_hp_per_floor":[64,64,64,64,64,64,55,23,23,23,30,30,30,26,26,26,65,59,59,54,54,54,54,54,54,64,56,66,66,66,38,38,31,75,75,75,75,56,56],"gold":6,"neow_bonus":"BOSS_RELIC","is_daily":false,"chose_seed":false,"campfire_upgraded":6,"win_rate":0.0,"timestamp":1610868116,"path_taken":["M","$","M","?","?","R","?","M","T","?","?","R","?","E","R","BOSS","M","$","M","AVR","?","R","E","R","T","E","M","?","?","E","R_BF","BOSS","M","M","$","?"],"items_purchased_type":["Relic","Relic","Relic","Relic","Potion","Relic","Relic"],"build_version":"2020-12-22","purchased_purges":3,"victory":false,"max_hp_per_floor":[65,65,65,65,65,65,65,65,65,65,65,65,65,65,65,65,65,65,65,65,65,65,65,65,65,75,75,75,75,75,75,75,75,75,75,75,75,75,75],"card_choices":[{"not_picked":["Starlight","RealityMarble","Prepared"],"picked":"Rearm","floor":1},{"not_picked":["Slice","Catalyst","Underhanded Strike","Prepared"],"picked":"SKIP","floor":3},{"not_picked":["SpecialFormula","Dodge and Roll","hubris:SlightOfHand","Spin"],"picked":"SKIP","floor":7},{"not_picked":["ReplayTheSpireMod:Exploit Weakness","hubris:SlightOfHand","Rewind"],"picked":"Ricochet","floor":8},{"not_picked":["Replace","Initiator","Rearm","Underhanded Strike"],"picked":"SKIP","floor":14},{"not_picked":["Corpse Explosion","ReplayTheSpireMod:Necrosis","Grand Finale"],"picked":"Envenom","floor":16},{"not_picked":["hubris:TrickCloak","Finisher","ReplayTheSpireMod:The Works+1"],"picked":"SilverBlades+1","floor":18},{"not_picked":["Sneak Up","Quick Slash","Defy"],"picked":"Deflect+1","floor":20},{"not_picked":["Backflip","Terror","Collapse+1","Misdirection"],"picked":"SKIP","floor":24},{"not_picked":["Infinite Blades","Cloak And Dagger+1","Quick Slash"],"picked":"Dilation","floor":27},{"not_picked":["Alleviate","Luminosity","Acrobatics","Dagger Throw"],"picked":"SKIP","floor":28},{"not_picked":["Revamp","Acrobatics+1","hubris:Counter","Collapse"],"picked":"SKIP","floor":29},{"not_picked":["TrueSight","WasteNot","DoubleEdge","Deadly Poison"],"picked":"SKIP","floor":31},{"not_picked":["MurderousAura","Glass Knife","Malaise"],"picked":"Sunlight","floor":33},{"not_picked":["Flying Knee+1","ShatteredReality","Reset","Hidden Blade+1"],"picked":"SKIP","floor":35},{"not_picked":["Flying Knee+1","ShatteredReality","Reset","Hidden Blade+1"],"picked":"SKIP","floor":35},{"not_picked":["Noxious Fumes+1","Flying Knee+1","Choke","Heel Hook+1"],"picked":"SKIP","floor":36},{"not_picked":["infinitespire:DeathsTouch","infinitespire:SevenWalls"],"picked":"infinitespire:Menacing","floor":38}],"player_experience":514222,"relics_obtained":[{"floor":9,"key":"infinitespire:Satchel"},{"floor":9,"key":"Blue Doll"},{"floor":10,"key":"ReplayTheSpireMod:TigerMarble"},{"floor":10,"key":"trackpad:ByrdCharm"},{"floor":14,"key":"Toy Ornithopter"},{"floor":21,"key":"infinitespire:Lucky Rock"},{"floor":21,"key":"conspire:DecoderRing"},{"floor":21,"key":"Calipers"},{"floor":24,"key":"Replay:Mystery Machine"},{"floor":26,"key":"Pear"},{"floor":27,"key":"hubris:PeanutButter"},{"floor":31,"key":"trackpad:PetRock"}],"event_choices":[{"cards_removed":["Strike_S"],"damage_healed":0,"gold_gain":0,"player_choice":"Card Removal","damage_taken":0,"max_hp_gain":0,"max_hp_loss":0,"event_name":"The Cleric","floor":4,"gold_loss":50},{"cards_removed":["Strike_S"],"damage_healed":0,"gold_gain":0,"player_choice":"Purged","damage_taken":0,"max_hp_gain":0,"max_hp_loss":0,"event_name":"Purifier","floor":5,"gold_loss":0},{"damage_healed":0,"gold_gain":0,"player_choice":"1 cards matched","damage_taken":0,"max_hp_gain":0,"max_hp_loss":0,"event_name":"Match and Keep!","floor":22,"gold_loss":0,"cards_obtained":["Dark Shackles"]}],"is_beta":false,"boss_relics":[{"not_picked":["hubris:CrackedHourglass","Fusion Hammer"],"picked":"SacredBark"},{"not_picked":["conspire:SlowCooker","aspiration:RandomNobGenerator"],"picked":"hubris:Backtick"}],"items_purged_floors":[2,19,37],"is_endless":false,"potions_floor_spawned":[1,8,14,18,24,27,29],"ascension_level":1}}