{"host":"f5gffvlv6a66yqkd","time":1610870865,"event":{"mods":["2.2 Compatiblity","Alarm Clock","BaseMod","Colored Map","Custom Start","DeckTracker","Keyboard Shortcuts","Minty Spire (QoL Compilation)","Permanent Neow","Quick Restart","Relic Stats","Replay The Spire","StSLib","SuperFastMode"],"gold_per_floor":[115,115,135,151,18,48,48,79,79,79,92,107,107,124,124,197,197,209,109,109,109,119,119,148,168,168,180,180,180],"floor_reached":28,"language":"KOR","playtime":708,"items_purged":["Defend_P","Strike_P"],"score":500,"play_id":"b3fac3f8-dba3-436d-a36d-315b6ee97907","local_time":"20210117170745","is_ascension_mode":true,"campfire_choices":[{"data":"Eruption","floor":7.0,"key":"SMITH"},{"floor":13.0,"key":"REST"},{"data":"CrushJoints","floor":15.0,"key":"SMITH"},{"floor":23,"key":"REST"}],"circlet_count":0,"master_deck":["AscendersBane","Strike_P","Strike_P","Strike_P","Defend_P","Defend_P","Defend_P","Eruption+1","Vigilance","Consecrate","CrushJoints+1","Tantrum","EmptyFist","InnerPeace","FlurryOfBlows","Adaptation","Ragnarok","Wish","TalkToTheHand"],"relics":["PureWater","Omamori","Mummified Hand","Boot","Happy Flower","VioletLotus","ReplayTheSpireMod:Ring of Challenge","ReplayTheSpireMod:Ring of Collecting","PreservedInsect","Ring of Misfortune","Incense Burner"],"acts_visited":["Exordium","TheCity"],"potions_floor_usage":[28,28],"damage_taken":[{"damage":8.0,"enemies":"Small Slimes","floor":1.0,"turns":3.0},{"damage":6.0,"enemies":"2 Louse","floor":3.0,"turns":4.0},{"damage":6.0,"enemies":"Cultist","floor":4.0,"turns":3.0},{"damage":9.0,"enemies":"Gremlin Nob","floor":6.0,"turns":3.0},{"damage":7.0,"enemies":"Lagavulin","floor":8.0,"turns":5.0},{"damage":5.0,"enemies":"Blue Slaver","floor":11.0,"turns":3.0},{"damage":0.0,"enemies":"3 Louse","floor":12.0,"turns":1.0},{"damage":9.0,"enemies":"Red Slaver","floor":14.0,"turns":2.0},{"damage":12.0,"enemies":"Hexaghost","floor":16.0,"turns":6.0},{"damage":12.0,"enemies":"3 Byrds","floor":18.0,"turns":3.0},{"damage":24,"enemies":"Shell Parasite","floor":22,"turns":3},{"damage":24,"enemies":"Book of Stabbing","floor":24,"turns":2},{"damage":9,"enemies":"Cultist and Chosen","floor":25,"turns":4},{"damage":0,"enemies":"Snecko","floor":27,"turns":3},{"damage":11,"enemies":"Shelled Parasite and Fungi","floor":28,"turns":1}],"seed_played":"2566102187712311013","potions_obtained":[{"floor":0.0,"key":"Fruit Juice"},{"floor":0.0,"key":"Explosive Potion"},{"floor":0.0,"key":"Weak Potion"},{"floor":10.0,"key":"LiquidMemories"},{"floor":10.0,"key":"Weak Potion"},{"floor":11.0,"key":"AttackPotion"},{"floor":12.0,"key":"Dexterity Potion"},{"floor":22,"key":"Dexterity Potion"},{"floor":25,"key":"Energy Potion"},{"floor":27,"key":"DuplicationPotion"}],"is_trial":false,"path_per_floor":["M","?","M","M","$","E","R","E","T","?","M","M","R","M","R","B",null,"M","$","?","?","M","R","E","M","T","M","M"],"character_chosen":"WATCHER","items_purchased":["EmptyFist"],"campfire_rested":2,"item_purchase_floors":[5],"current_hp_per_floor":[58,40,34,28,28,19,19,12,12,12,7,7,28,19,19,7,57,45,45,45,45,21,42,18,9,9,9,0,0],"gold":180,"neow_bonus":"THREE_SMALL_POTIONS","is_daily":false,"chose_seed":false,"campfire_upgraded":2,"win_rate":0.0,"timestamp":1610870865,"path_taken":["M","?","M","M","$","E","R","E","T","?","M","M","R","M","R","BOSS","M","?","?","?","M","R","E","?","T","M","M"],"items_purchased_type":["Card"],"build_version":"2020-12-22","purchased_purges":2,"victory":false,"max_hp_per_floor":[73,73,73,73,73,73,73,73,73,73,73,73,73,73,73,73,73,73,73,73,73,73,73,73,73,73,73,73,73],"relic_stats":{"Happy Flower":[9],"counters":[15,46],"Mummified Hand":[6],"VioletLotus":[6],"PreservedInsect":0,"Boot":[68],"obtain_stats":[{"Happy Flower":9,"Mummified Hand":6,"ReplayTheSpireMod:Ring of Collecting":20,"Ring of Misfortune":26,"VioletLotus":17,"PreservedInsect":24,"Omamori":2,"Incense Burner":26,"PureWater":0,"ReplayTheSpireMod:Ring of Challenge":20,"Boot":8},{"Happy Flower":5,"Mummified Hand":4,"ReplayTheSpireMod:Ring of Collecting":10,"Ring of Misfortune":13,"VioletLotus":9,"PreservedInsect":12,"Omamori":1,"Incense Burner":13,"PureWater":0,"ReplayTheSpireMod:Ring of Challenge":10,"Boot":5},{"Happy Flower":18,"Mummified Hand":13,"ReplayTheSpireMod:Ring of Collecting":33,"Ring of Misfortune":42,"VioletLotus":30,"PreservedInsect":38,"Omamori":3,"Incense Burner":42,"PureWater":0,"ReplayTheSpireMod:Ring of Challenge":33,"Boot":18}]},"card_choices":[{"not_picked":["Crescendo","Devotion"],"picked":"Consecrate","floor":1.0},{"not_picked":["ThirdEye","SandsOfTime"],"picked":"CrushJoints","floor":3.0},{"not_picked":["CutThroughFate","EmptyBody"],"picked":"Tantrum","floor":4.0},{"not_picked":["Collect","JustLucky"],"picked":"InnerPeace","floor":6.0},{"not_picked":["JustLucky","FollowUp"],"picked":"FlurryOfBlows","floor":8.0},{"not_picked":["BowlingBash","Evaluate"],"picked":"Adaptation","floor":11.0},{"not_picked":["Collect","Meditate","BowlingBash"],"picked":"SKIP","floor":12.0},{"not_picked":["WindmillStrike","BowlingBash","ClearTheMind"],"picked":"SKIP","floor":14.0},{"not_picked":["Brilliance","DevaForm"],"picked":"Ragnarok","floor":16.0},{"not_picked":["BattleHymn+1","Fasting2","Protect"],"picked":"SKIP","floor":18.0},{"not_picked":["Protect","Replay:BluntJabs","EmptyBody"],"picked":"SKIP","floor":22},{"not_picked":["Sanctity","Alpha"],"picked":"TalkToTheHand","floor":24},{"not_picked":["Replay:Anticipation","EmptyBody","Vengeance"],"picked":"SKIP","floor":25},{"not_picked":["ThirdEye","Perseverance","EmptyBody+1"],"picked":"SKIP","floor":27}],"player_experience":1577388,"relics_obtained":[{"floor":6.0,"key":"Mummified Hand"},{"floor":8.0,"key":"Boot"},{"floor":9.0,"key":"Happy Flower"},{"floor":20.0,"key":"ReplayTheSpireMod:Ring of Challenge"},{"floor":20.0,"key":"ReplayTheSpireMod:Ring of Collecting"},{"floor":24,"key":"PreservedInsect"},{"floor":26,"key":"Ring of Misfortune"},{"floor":26,"key":"Incense Burner"}],"event_choices":[{"damage_healed":0.0,"max_hp_gain":0.0,"max_hp_loss":0.0,"gold_gain":0.0,"event_name":"Scrap Ooze","player_choice":"Success","floor":2.0,"gold_loss":0.0,"damage_taken":18.0,"relics_obtained":["Omamori"]},{"damage_healed":0.0,"max_hp_gain":0.0,"max_hp_loss":0.0,"gold_gain":0.0,"event_name":"Lab","player_choice":"Got Potions","floor":10.0,"gold_loss":0.0,"damage_taken":0.0},{"damage_healed":0.0,"max_hp_gain":0.0,"max_hp_loss":0.0,"gold_gain":0.0,"event_name":"Match and Keep!","player_choice":"1 cards matched","floor":21.0,"gold_loss":0.0,"damage_taken":0.0,"cards_obtained":["Wish"]}],"is_beta":false,"boss_relics":[{"not_picked":["HolyWater","Velvet Choker"],"picked":"VioletLotus"}],"items_purged_floors":[5,19],"is_endless":false,"potions_floor_spawned":[3,4,11,12,14,22,25,27],"killed_by":"Shelled Parasite and Fungi","ascension_level":20}}