{"host":"l4kdldlios54gl54","time":1610913060,"event":{"mods":["AchievementEnabler","BaseMod","Colored Map","Colored Powertips","Minty Spire (QoL Compilation)","Random Character Button"],"gold_per_floor":[109,128,128,128,140,140,154,154,154,79,90,90,90,105,105,184,184,203,128,128,140,156,156,71,71,94,114,127,177,177,177,177],"floor_reached":31,"language":"ENG","playtime":850,"items_purged":["Strike_R"],"score":454,"play_id":"50d4af42-098a-438c-a71a-98402b80b314","local_time":"20210117205100","is_ascension_mode":true,"campfire_choices":[{"data":"Searing Blow+1","floor":6,"key":"SMITH"},{"data":"Searing Blow+2","floor":8,"key":"SMITH"},{"data":"Searing Blow+3","floor":12,"key":"SMITH"},{"data":"Searing Blow+4","floor":15,"key":"SMITH"},{"data":"Armaments","floor":23,"key":"SMITH"},{"data":"Searing Blow+5","floor":25,"key":"SMITH"},{"data":"Searing Blow+6","floor":30,"key":"SMITH"}],"circlet_count":0,"master_deck":["AscendersBane","Strike_R+1","Strike_R","Strike_R","Defend_R","Defend_R","Defend_R","Defend_R","Bash","Wild Strike+1","Searing Blow+7","Thunderclap","Armaments+1","Ghostly","Ghostly","Ghostly"],"relics":["Burning Blood","Whetstone","Runic Pyramid","Pantograph","Orichalcum"],"acts_visited":["Exordium","TheCity"],"potions_floor_usage":[7,16,16],"damage_taken":[{"damage":2,"enemies":"Small Slimes","floor":1,"turns":6},{"damage":2,"enemies":"Jaw Worm","floor":2,"turns":4},{"damage":0,"enemies":"Cultist","floor":5,"turns":2},{"damage":7,"enemies":"Looter","floor":7,"turns":2},{"damage":17,"enemies":"3 Louse","floor":11,"turns":5},{"damage":0,"enemies":"Large Slime","floor":14,"turns":3},{"damage":50,"enemies":"Hexaghost","floor":16,"turns":8},{"damage":26,"enemies":"3 Byrds","floor":18,"turns":5},{"damage":6,"enemies":"Shell Parasite","floor":21,"turns":4},{"damage":18,"enemies":"Centurion and Healer","floor":22,"turns":7},{"damage":21,"enemies":"Snake Plant","floor":27,"turns":5},{"damage":3,"enemies":"3 Cultists","floor":28,"turns":5},{"damage":22,"enemies":"Snecko","floor":31,"turns":4}],"seed_played":"27614545536310221","potions_obtained":[{"floor":1,"key":"DuplicationPotion"},{"floor":5,"key":"EssenceOfSteel"},{"floor":14,"key":"EssenceOfSteel"},{"floor":22,"key":"LiquidBronze"},{"floor":27,"key":"BloodPotion"}],"is_trial":false,"path_per_floor":["M","M","?","?","M","R","M","R","T","$","M","R","$","M","R","B",null,"M","?","?","M","M","R","?","R","T","M","M","?","R","M"],"character_chosen":"IRONCLAD","items_purchased":[],"campfire_rested":0,"item_purchase_floors":[],"current_hp_per_floor":[79,82,82,87,87,87,86,86,86,86,75,75,75,81,81,37,75,55,55,43,43,31,31,31,31,31,16,19,19,19,0,0],"gold":177,"neow_bonus":"TEN_PERCENT_HP_BONUS","is_daily":false,"chose_seed":false,"campfire_upgraded":7,"win_rate":0.0,"timestamp":1610913060,"path_taken":["M","M","?","?","M","R","M","R","T","?","M","R","$","?","R","BOSS","M","?","?","M","M","R","?","R","T","M","M","?","R","M"],"items_purchased_type":[],"build_version":"2020-12-22","purchased_purges":1,"victory":false,"max_hp_per_floor":[82,82,82,87,87,87,87,87,87,87,87,87,87,87,87,87,87,87,87,43,43,43,43,43,43,43,43,43,43,43,43,43],"card_choices":[{"not_picked":["Infernal Blade","Shockwave"],"picked":"Wild Strike","floor":1},{"not_picked":["Burning Pact","Flex"],"picked":"Searing Blow","floor":2},{"not_picked":["Warcry","Iron Wave","Limit Break"],"picked":"SKIP","floor":5},{"not_picked":["Entrench","Pommel Strike"],"picked":"Thunderclap","floor":7},{"not_picked":["Feel No Pain","Pommel Strike","Clash"],"picked":"SKIP","floor":11},{"not_picked":["Anger","Dropkick","Warcry"],"picked":"SKIP","floor":14},{"not_picked":["Hemokinesis","Flex"],"picked":"Armaments","floor":18},{"not_picked":["Thunderclap","Warcry","Burning Pact"],"picked":"SKIP","floor":21},{"not_picked":["Disarm","Flame Barrier","Armaments"],"picked":"SKIP","floor":22},{"not_picked":["Hemokinesis","Sentinel","Dropkick"],"picked":"SKIP","floor":27},{"not_picked":["Heavy Blade","Twin Strike","Shockwave"],"picked":"SKIP","floor":28}],"player_experience":869387,"relics_obtained":[{"floor":9,"key":"Whetstone"},{"floor":26,"key":"Orichalcum"}],"event_choices":[{"damage_healed":0,"gold_gain":0,"player_choice":"Grow","damage_taken":0,"max_hp_gain":0,"max_hp_loss":0,"event_name":"Living Wall","floor":3,"gold_loss":0,"cards_upgraded":["Searing Blow"]},{"damage_healed":0,"gold_gain":0,"player_choice":"Donut","damage_taken":0,"max_hp_gain":5,"max_hp_loss":0,"event_name":"Big Fish","floor":4,"gold_loss":0},{"cards_removed":["Strike_R"],"damage_healed":0,"gold_gain":0,"player_choice":"Gave Gold","damage_taken":0,"max_hp_gain":0,"max_hp_loss":0,"event_name":"Beggar","floor":19,"gold_loss":75},{"damage_healed":0,"gold_gain":0,"player_choice":"Became a Ghost","damage_taken":0,"max_hp_gain":0,"max_hp_loss":44,"event_name":"Ghosts","floor":20,"gold_loss":0,"cards_obtained":["Ghostly","Ghostly","Ghostly"]},{"damage_healed":0,"gold_gain":0,"player_choice":"Obtained Relic","damage_taken":0,"relics_obtained":["Pantograph"],"max_hp_gain":0,"max_hp_loss":0,"event_name":"Addict","floor":24,"gold_loss":85},{"damage_healed":0,"gold_gain":50,"player_choice":"Stole From Cult","damage_taken":0,"max_hp_gain":0,"max_hp_loss":0,"event_name":"Nest","floor":29,"gold_loss":0}],"is_beta":false,"boss_relics":[{"not_picked":["SacredBark","Astrolabe"],"picked":"Runic Pyramid"}],"items_purged_floors":[10],"is_endless":false,"potions_floor_spawned":[1,5,14,22,27],"killed_by":"Snecko","ascension_level":20}}