{"host":"pzq1vc4uuxkm5fg8","time":1610841754,"event":{"mods":["BaseMod","BetterRewards","Hermit","Minty Spire (QoL Compilation)","Replay The Spire","Shop Mod","StSLib","The Cursed","The Mystic"],"gold_per_floor":[119,119,133,153,170,204,204,236,236,253,287,299,313,325,325,429,429,445,60,60,74,84,84,104,104,185,185,42,69,89,109,109,213,213,229,241,252,252,252],"floor_reached":38,"language":"ENG","playtime":7404,"items_purged":[],"score":599,"play_id":"b5464e98-cea6-47d9-9828-68592c2218c0","local_time":"20210116190234","is_ascension_mode":false,"campfire_choices":[{"floor":7.0,"key":"REST"},{"floor":15.0,"key":"REST"},{"floor":23.0,"key":"REST"},{"floor":25.0,"key":"REST"},{"floor":27.0,"key":"REST"},{"floor":32.0,"key":"REST"}],"circlet_count":1,"master_deck":["mysticmod:Strike_Mystic","mysticmod:Strike_Mystic","mysticmod:Strike_Mystic","mysticmod:Strike_Mystic","mysticmod:Defend_Mystic","mysticmod:Defend_Mystic","mysticmod:Defend_Mystic","mysticmod:Defend_Mystic","mysticmod:ArcaneDodge","mysticmod:ShockingGrasp","mysticmod:MagicMissile","mysticmod:ArcaneAccuracy","mysticmod:MirrorStrike","mysticmod:Fly","mysticmod:GeminiForm","mysticmod:KeenEdge","mysticmod:PowerSlash","mysticmod:LightningBolt+1","mysticmod:ComponentsPouch+1","mysticmod:GreaterInvisibility","mysticmod:HeavyStrike+1","mysticmod:Disintegrate+1","mysticmod:ComboCaster","mysticmod:Natural20","mysticmod:Alacrity","mysticmod:Snowball+1","mysticmod:Daze+1","Clumsy","mysticmod:Spellstrike+1","mysticmod:Riposte+1","mysticmod:CorrosiveTouch+1","mysticmod:Discipline","mysticmod:EnchantedMoulinet+1","mysticmod:Grease","mysticmod:Fireball+1","mysticmod:Sideswipe+1"],"relics":["mysticmod:SpellBook","NlothsMask","ReplayTheSpireMod:Lightbulb","Circlet","Vajra","Molten Egg 2","Cursed Key","MerchantsRug","Replay:Bottled Flurry","Potion Belt","Fusion Hammer"],"acts_visited":["Exordium","TheCity","TheBeyond"],"potions_floor_usage":[37],"damage_taken":[{"damage":5.0,"enemies":"Small Slimes","floor":1.0,"turns":5.0},{"damage":0.0,"enemies":"Cultist","floor":3.0,"turns":3.0},{"damage":2.0,"enemies":"Jaw Worm","floor":4.0,"turns":5.0},{"damage":15.0,"enemies":"Exordium Thugs","floor":5.0,"turns":6.0},{"damage":11.0,"enemies":"3 Sentries","floor":6.0,"turns":9.0},{"damage":22.0,"enemies":"Gremlin Nob","floor":8.0,"turns":5.0},{"damage":4.0,"enemies":"3 Louse","floor":10.0,"turns":2.0},{"damage":5.0,"enemies":"3 Sentries","floor":11.0,"turns":9.0},{"damage":0.0,"enemies":"Exordium Wildlife","floor":12.0,"turns":2.0},{"damage":1.0,"enemies":"Looter","floor":13.0,"turns":3.0},{"damage":13.0,"enemies":"3 Louse","floor":14.0,"turns":3.0},{"damage":57.0,"enemies":"Fading Forest","floor":16.0,"turns":11.0},{"damage":42.0,"enemies":"3 Byrds","floor":18.0,"turns":5.0},{"damage":5.0,"enemies":"Chosen","floor":21.0,"turns":3.0},{"damage":14.0,"enemies":"Sentry and Sphere","floor":22.0,"turns":4.0},{"damage":25.0,"enemies":"Cultist and Chosen","floor":24.0,"turns":7.0},{"damage":17.0,"enemies":"Book of Stabbing","floor":29.0,"turns":3.0},{"damage":8.0,"enemies":"Snake Plant","floor":30.0,"turns":2.0},{"damage":12.0,"enemies":"Centurion and Healer","floor":31.0,"turns":3.0},{"damage":58.0,"enemies":"Automaton","floor":33.0,"turns":8.0},{"damage":25.0,"enemies":"3 Darklings","floor":35.0,"turns":3.0},{"damage":27.0,"enemies":"3 Shapes","floor":36.0,"turns":3.0},{"damage":21,"enemies":"Spire Growth","floor":37,"turns":3},{"damage":10,"enemies":"Writhing Mass","floor":38,"turns":1}],"seed_played":"-467038122862697965","potions_obtained":[{"floor":1.0,"key":"AttackPotion"},{"floor":4.0,"key":"SpeedPotion"},{"floor":5.0,"key":"Milkshake"},{"floor":11.0,"key":"Cursed Concoction"},{"floor":22.0,"key":"PowerPotion"},{"floor":24.0,"key":"FearPotion"},{"floor":30.0,"key":"PowerPotion"},{"floor":33.0,"key":"CultistPotion"}],"is_trial":false,"path_per_floor":["M","?","M","M","M","E","R","E","T","M","E","M","M","M","R","B",null,"M","$","?","M","M","R","M","R","T","R","$","E","M","M","R","B",null,"M","M","M","M"],"character_chosen":"MYSTIC_CLASS","items_purchased":["mysticmod:ComboCaster","MerchantsRug","mysticmod:Natural20","mysticmod:Spellstrike+1"],"campfire_rested":6,"item_purchase_floors":[19,19,19,28],"current_hp_per_floor":[62,62,62,60,45,34,57,49,49,45,40,40,39,26,49,17,77,35,35,35,30,16,39,29,52,52,75,75,64,56,44,67,24,77,52,25,4,0,0],"gold":252,"neow_bonus":"","is_daily":false,"chose_seed":false,"campfire_upgraded":0,"win_rate":0.0,"timestamp":1610841754,"path_taken":["M","?","M","M","M","E","R","E","T","M","E","M","M","?","R","BOSS","M","$","?","M","M","R","M","R","T","R","?","E","M","M","R","BOSS","M","M","M","M"],"items_purchased_type":["Card","Relic","Card","Card"],"build_version":"2020-12-22","purchased_purges":0,"victory":false,"max_hp_per_floor":[77,77,77,77,77,77,77,77,77,77,77,77,77,77,77,77,77,77,77,77,77,77,77,77,77,77,77,77,77,77,77,77,77,77,77,77,77,77,77],"card_choices":[{"not_picked":["mysticmod:ComponentsPouch","mysticmod:DiviningBlow"],"picked":"mysticmod:MagicMissile","floor":1.0},{"not_picked":["mysticmod:Probe","mysticmod:Disengage"],"picked":"mysticmod:ArcaneAccuracy","floor":3.0},{"not_picked":["mysticmod:Daze","mysticmod:Grapple"],"picked":"mysticmod:MirrorStrike","floor":4.0},{"not_picked":["mysticmod:DiviningBlow","mysticmod:ComponentsPouch"],"picked":"mysticmod:Fly","floor":5.0},{"not_picked":["mysticmod:SpellRecall","mysticmod:Snowball"],"picked":"mysticmod:GeminiForm","floor":6.0},{"not_picked":["mysticmod:Fly","mysticmod:Disengage"],"picked":"mysticmod:KeenEdge","floor":8.0},{"not_picked":["mysticmod:KeenEdge","mysticmod:TomeOfSpells"],"picked":"mysticmod:PowerSlash","floor":10.0},{"not_picked":["mysticmod:Disengage","mysticmod:FloatingDisk"],"picked":"mysticmod:LightningBolt+1","floor":11.0},{"not_picked":["mysticmod:DiviningBlow+1","mysticmod:Shield"],"picked":"mysticmod:ComponentsPouch+1","floor":12.0},{"not_picked":["mysticmod:DiviningBlow+1","mysticmod:PowerSlash+1"],"picked":"mysticmod:GreaterInvisibility","floor":13.0},{"not_picked":["mysticmod:Shield","mysticmod:DiviningBlow+1"],"picked":"mysticmod:HeavyStrike+1","floor":14.0},{"not_picked":["mysticmod:GreaterInvisibility","mysticmod:Discipline"],"picked":"mysticmod:Disintegrate+1","floor":16.0},{"not_picked":["mysticmod:PureInstinct","mysticmod:HeavyStrike+1","mysticmod:TomeOfSpells"],"picked":"SKIP","floor":18.0},{"not_picked":["mysticmod:StyleChange","mysticmod:ComboCaster"],"picked":"mysticmod:Alacrity","floor":21.0},{"not_picked":["mysticmod:TomeOfSpells+1","mysticmod:Sideswipe+1"],"picked":"mysticmod:Snowball+1","floor":22.0},{"not_picked":["mysticmod:BulkUp+1","mysticmod:Snowball+1"],"picked":"mysticmod:Daze+1","floor":24.0},{"not_picked":["mysticmod:DiviningBlow+1","mysticmod:RapidCaster"],"picked":"mysticmod:Riposte+1","floor":29.0},{"not_picked":["mysticmod:MightyMagic","mysticmod:BladedDash+1"],"picked":"mysticmod:CorrosiveTouch+1","floor":30.0},{"not_picked":["mysticmod:Riposte+1","mysticmod:Daze"],"picked":"mysticmod:Discipline","floor":31.0},{"not_picked":["mysticmod:ObscuringMist","mysticmod:Natural20"],"picked":"mysticmod:EnchantedMoulinet+1","floor":33.0},{"not_picked":["mysticmod:StyleChange+1","mysticmod:Probe+1"],"picked":"mysticmod:Grease","floor":35.0},{"not_picked":["mysticmod:PunishingArmor+1","mysticmod:PureInstinct"],"picked":"mysticmod:Fireball+1","floor":36.0},{"not_picked":["mysticmod:Riposte+1","mysticmod:Shield"],"picked":"mysticmod:Sideswipe+1","floor":37}],"player_experience":339046,"relics_obtained":[{"floor":6.0,"key":"ReplayTheSpireMod:Lightbulb"},{"floor":8.0,"key":"Vajra"},{"floor":11.0,"key":"Molten Egg 2"},{"floor":26.0,"key":"Replay:Bottled Flurry"},{"floor":29.0,"key":"Potion Belt"}],"event_choices":[{"damage_healed":0.0,"max_hp_gain":0.0,"max_hp_loss":0.0,"gold_gain":0.0,"event_name":"FaceTrader","player_choice":"Trade","floor":2.0,"gold_loss":0.0,"damage_taken":0.0,"relics_obtained":["NlothsMask"]},{"damage_healed":0.0,"max_hp_gain":0.0,"max_hp_loss":0.0,"gold_gain":0.0,"event_name":"Purifier","player_choice":"Ignored","floor":20.0,"gold_loss":0.0,"damage_taken":0.0}],"is_beta":false,"boss_relics":[{"not_picked":["Replay:Ancient Bell","Calling Bell"],"picked":"Cursed Key"},{"not_picked":["Sozu","Coffee Dripper"],"picked":"Fusion Hammer"}],"items_purged_floors":[],"is_endless":false,"potions_floor_spawned":[1,4,5,10,11,22,24,30,33],"killed_by":"Writhing Mass","ascension_level":0}}