{"host":"1kq2ingo3j45gyyp","time":1610850173,"event":{"mods":["BaseMod","Better Note","Better Third Choice","Downfall","Minty Spire (QoL Compilation)","StSLib"],"gold_per_floor":[99,110,123,108,127,127,127,27,38,38,70,55,55,71,84,188,188,88,73,93,105,117,117,143,143,176,76,87,87,105,105,122,219,219,219,229,229,241,241,205,232,249,260,260,276,190,190,34,51,51,51,77,77,77,77,77],"floor_reached":57,"language":"ENG","playtime":3178,"items_purged":["bronze:Strike"],"score":1201,"play_id":"1879ef8f-dee0-420d-a397-c7caed93debe","local_time":"20210116212253","is_ascension_mode":false,"campfire_choices":[{"floor":1.0,"key":"RECALL"},{"data":"bronze:DarkDash","floor":8.0,"key":"SMITH"},{"data":"bronze:NullPointer","floor":13.0,"key":"SMITH"},{"data":"bronze:NullPointer","floor":18.0,"key":"SMITH"},{"data":"bronze:Invalidate","floor":23.0,"key":"SMITH"},{"floor":27.0,"key":"REST"},{"floor":29.0,"key":"REST"},{"data":"bronze:CleanCode","floor":35.0,"key":"SMITH"},{"floor":44.0,"key":"REST"},{"floor":54,"key":"REST"}],"circlet_count":0,"master_deck":["bronze:Strike","bronze:Strike","bronze:Strike","bronze:Defend","bronze:Defend","bronze:Defend","bronze:Defend","bronze:Replicate","bronze:Goto","bronze:CleanCode+1","bronze:DarkDash+1","bronze:WildBeam","bronze:Backtrace","bronze:NullPointer+1","bronze:ForceShield","bronze:BronzeArmor","bronze:NullPointer+1","bronze:FindAndReplace","bronze:Invalidate+1","bronze:WildBeam","bronze:NullPointer+1","bronze:Shell+1","expansioncontent:AwakenDeath","bronze:Deprecate+1","bronze:Branch+1"],"relics":["bronze:BronzeCore","downfall:HeartBlessingRed","Meat on the Bone","Busted Crown","downfall:HeartBlessingBlue","Happy Flower","downfall:KnowingSkull","Ice Cream","downfall:HeartBlessingGreen","Sozu","Vajra","DollysMirror","Boot","Bronze Scales","Calipers"],"acts_visited":["Exordium","TheCity","TheBeyond","TheEnding"],"potions_floor_usage":[56,56],"damage_taken":[{"damage":6.0,"enemies":"Jaw Worm","floor":2.0,"turns":5.0},{"damage":0.0,"enemies":"Cultist","floor":3.0,"turns":5.0},{"damage":0.0,"enemies":"downfall:FleeingMerchant","floor":4.0,"turns":4.0},{"damage":8.0,"enemies":"Small Slimes","floor":5.0,"turns":3.0},{"damage":6.0,"enemies":"Blue Slaver","floor":9.0,"turns":5.0},{"damage":2.0,"enemies":"Gremlin Nob","floor":11.0,"turns":3.0},{"damage":0.0,"enemies":"downfall:FleeingMerchant","floor":12.0,"turns":4.0},{"damage":7.0,"enemies":"3 Louse","floor":14.0,"turns":3.0},{"damage":0.0,"enemies":"2 Fungi Beasts","floor":15.0,"turns":4.0},{"damage":22.0,"enemies":"SI_SHIV_ARCHETYPE","floor":16.0,"turns":7.0},{"damage":0.0,"enemies":"downfall:FleeingMerchant","floor":19.0,"turns":4.0},{"damage":10.0,"enemies":"3 Byrds","floor":20.0,"turns":4.0},{"damage":0.0,"enemies":"Spheric Guardian","floor":21.0,"turns":3.0},{"damage":3.0,"enemies":"Centurion and Healer","floor":22.0,"turns":5.0},{"damage":39.0,"enemies":"Slavers","floor":26.0,"turns":5.0},{"damage":1.0,"enemies":"Cultist and Chosen","floor":28.0,"turns":4.0},{"damage":0.0,"enemies":"Shelled Parasite and Fungi","floor":30.0,"turns":3.0},{"damage":0.0,"enemies":"3 Cultists","floor":32.0,"turns":3.0},{"damage":54.0,"enemies":"DF_ARCHETYPE_CLAW","floor":33.0,"turns":9.0},{"damage":0.0,"enemies":"3 Darklings","floor":36.0,"turns":2.0},{"damage":1.0,"enemies":"Orb Walker","floor":38.0,"turns":2.0},{"damage":14.0,"enemies":"downfall:FleeingMerchant","floor":40.0,"turns":3.0},{"damage":19.0,"enemies":"Jaw Worm Horde","floor":42.0,"turns":4.0},{"damage":3.0,"enemies":"4 Shapes","floor":43.0,"turns":3.0},{"damage":1.0,"enemies":"Transient","floor":45.0,"turns":5.0},{"damage":1.0,"enemies":"Jaw Worm Horde","floor":49.0,"turns":4.0},{"damage":0.0,"enemies":"WA_ARCHETYPE_DIVINITY","floor":50.0,"turns":10.0},{"damage":23,"enemies":"downfall:CharBossMerchant","floor":52,"turns":10},{"damage":12,"enemies":"downfall:NeowBoss","floor":55,"turns":26},{"damage":48,"enemies":"downfall:NeowBossFinal","floor":56,"turns":18}],"seed_played":"704411802484811306","potions_obtained":[{"floor":2.0,"key":"hexamod:SoulburnPotion"},{"floor":9.0,"key":"bronze:FreeFunctionsPotion"},{"floor":11.0,"key":"AttackPotion"},{"floor":28.0,"key":"ColorlessPotion"},{"floor":30.0,"key":"Ancient Potion"}],"is_trial":false,"path_per_floor":["R","M","M","$","M","?","T","R","M","?","E","$","R","M","M","B",null,"R","$","M","M","M","R","T","?","E","R","M","R","M","?","M","B",null,"R","M","?","M","?","$","T","M","M","R","M","$","?","$","M","B",null,"E","$","R","B","B",null],"character_chosen":"THE_AUTOMATON","items_purchased":["Vajra","DollysMirror","expansioncontent:AwakenDeath","Bronze Scales"],"campfire_rested":4,"item_purchase_floors":[40,40,46,48],"current_hp_per_floor":[70,64,64,64,56,56,56,56,50,50,48,48,48,41,41,31,70,80,80,70,70,67,67,67,60,33,57,56,80,80,80,80,38,80,80,80,80,79,79,65,65,46,43,67,66,66,90,90,89,89,90,67,67,90,78,42],"gold":77,"neow_bonus":"ONE_RANDOM_RARE_CARD","is_daily":false,"chose_seed":false,"campfire_upgraded":5,"win_rate":0.0,"timestamp":1610850173,"path_taken":["R","M","M","$","M","?","T","R","M","?","E","$","R","?","M","BOSS","R","$","M","M","?","R","T","?","E","R","M","R","M","?","M","BOSS","R","M","?","?","?","$","T","M","M","R","?","$","?","?","M","BOSS","E","$","R","BOSS","BOSS"],"items_purchased_type":["Relic","Relic","Card","Relic"],"build_version":"2020-12-22","purchased_purges":1,"victory":true,"max_hp_per_floor":[70,70,70,70,70,70,70,70,70,70,70,70,70,70,70,70,70,80,80,80,80,80,80,80,80,80,80,80,80,80,80,80,80,80,80,80,80,80,80,80,80,80,80,80,80,80,90,90,90,90,90,90,90,90,90,90],"card_choices":[{"not_picked":["bronze:Overheat","bronze:Frontload"],"picked":"bronze:DarkDash","floor":2.0},{"not_picked":["bronze:Overheat","bronze:FineTuning"],"picked":"bronze:WildBeam","floor":3.0},{"not_picked":["bronze:Fortify","bronze:Frontload"],"picked":"bronze:Backtrace","floor":4.0},{"not_picked":["bronze:MaxOutput","bronze:Iterate","bronze:DelayedSlice"],"picked":"SKIP","floor":5.0},{"not_picked":["bronze:FineTuning","bronze:Overheat"],"picked":"bronze:NullPointer","floor":9.0},{"not_picked":["bronze:ShipIt","bronze:ChildClass"],"picked":"bronze:ForceShield","floor":11.0},{"not_picked":["bronze:MaxOutput","bronze:Iterate"],"picked":"bronze:BronzeArmor","floor":12.0},{"not_picked":["bronze:CutThrough","bronze:Turbo"],"picked":"bronze:NullPointer","floor":14.0},{"not_picked":["bronze:Iterate","bronze:Turbo"],"picked":"bronze:FindAndReplace","floor":15.0},{"not_picked":["bronze:ThunderWave","bronze:RecursiveStrike"],"picked":"bronze:HyperBeam","floor":16.0},{"not_picked":["bronze:Frontload"],"picked":"SKIP","floor":19.0},{"not_picked":[],"picked":"bronze:Invalidate","floor":20.0},{"not_picked":["bronze:DelayedGuard"],"picked":"SKIP","floor":21.0},{"not_picked":["bronze:BitShift+1"],"picked":"SKIP","floor":22.0},{"not_picked":["bronze:WhirlingStrike+1"],"picked":"SKIP","floor":26.0},{"not_picked":["bronze:Invalidate"],"picked":"SKIP","floor":28.0},{"not_picked":["bronze:DelayedGuard"],"picked":"SKIP","floor":30.0},{"not_picked":[],"picked":"bronze:WildBeam","floor":32.0},{"not_picked":["bronze:Repair"],"picked":"SKIP","floor":36.0},{"not_picked":["bronze:FollowUp"],"picked":"SKIP","floor":38.0},{"not_picked":["bronze:ForLoop"],"picked":"SKIP","floor":40.0},{"not_picked":["bronze:FineTuning+1"],"picked":"SKIP","floor":42.0},{"not_picked":[],"picked":"bronze:Shell+1","floor":43.0},{"not_picked":["bronze:CutThrough"],"picked":"SKIP","floor":45.0},{"not_picked":[],"picked":"bronze:Deprecate+1","floor":49.0},{"not_picked":[],"picked":"bronze:Branch+1","floor":52}],"player_experience":864480,"relics_obtained":[{"floor":11.0,"key":"Meat on the Bone"},{"floor":24.0,"key":"Happy Flower"},{"floor":26.0,"key":"Ice Cream"},{"floor":41.0,"key":"Boot"},{"floor":52,"key":"Calipers"}],"event_choices":[{"damage_healed":0.0,"max_hp_gain":0.0,"max_hp_loss":0.0,"gold_gain":0.0,"event_name":"betterNote:BetterNote","player_choice":"Ignored","floor":37.0,"gold_loss":0.0,"damage_taken":0.0,"cards_obtained":["Blind"]}],"is_beta":false,"boss_relics":[{"not_picked":["Snecko Eye","Philosopher\u0027s Stone"],"picked":"Busted Crown"},{"not_picked":["Runic Pyramid","Tiny House"],"picked":"Sozu"}],"items_purged_floors":[40],"is_endless":false,"potions_floor_spawned":[2,9,11,15,16,21,22,28,30,32,42,43,49],"ascension_level":0}}