{"host":"z4nt7tdd4gjrinn7","time":1610917834,"event":{"mods":["100% Spire Juice","BaseMod","Minty Spire (QoL Compilation)","StSLib"],"gold_per_floor":[118,71,71,71,88,88,113,113,184,184,202,3,33,33,33,129,129,140,140,88,88,88,121,1,15,15,26,3,3,31,44,44,143,143,153,153,153,8,23,23,42,61,61,61,79,34,47,65,65,65],"floor_reached":51,"language":"ENG","playtime":4734,"items_purged":[],"score":768,"play_id":"65feabaf-8b16-465f-965e-88be286de762","local_time":"20210117161034","is_ascension_mode":false,"campfire_choices":[{"floor":6,"key":"REST"},{"floor":10,"key":"REST"},{"floor":15,"key":"REST"},{"floor":24,"key":"REST"},{"floor":29,"key":"REST"},{"floor":32,"key":"REST"},{"floor":40,"key":"REST"},{"floor":49,"key":"REST"}],"circlet_count":0,"master_deck":["Moonworks:Strike+1","Moonworks:Strike+1","Moonworks:Strike+1","Moonworks:Strike+1","Moonworks:Defend+1","Moonworks:Defend+1","Moonworks:Defend+1","Moonworks:Ambush","Moonworks:LongDistanceShot","Moonworks:LulusLuckyEgg","Moonworks:IndiscriminateFireSupport","Moonworks:DeployBits","Moonworks:BeyondHell","Moonworks:SakisCookie","Moonworks:IndiscriminateFireSupport","Moonworks:PlushieMaster","Moonworks:IndiscriminateFireSupport","Moonworks:IndiscriminateFireSupport+1","Moonworks:SakisCookie+1","Moonworks:JonathanRush","Moonworks:ImOnFire","Moonworks:LulusLuckyEgg+1","Moonworks:LulusLuckyEgg+1","Moonworks:GoAway","CurseOfTheBell","Moonworks:JonathanRush","Moonworks:JonathanRush","Moonworks:IndiscriminateFireSupport+1","Moonworks:SealedMemories","Moonworks:SakisCookie","Moonworks:BackdoorTrade+1","Moonworks:JonathanRush"],"relics":["Moonworks:BrokenBomb","Moonworks:Homemark","Ancient Tea Set","Eternal Feather","Chemical X","Singing Bowl","Velvet Choker","Strawberry","Pen Nib","HornCleat","Letter Opener","Calling Bell","Centennial Puzzle","InkBottle","Ice Cream","Bag of Preparation","Sling","Mummified Hand"],"acts_visited":["Exordium","TheCity","TheBeyond"],"potions_floor_usage":[16,23,23,25,31],"damage_taken":[{"damage":1,"enemies":"Cultist","floor":1,"turns":3},{"damage":7,"enemies":"Small Slimes","floor":5,"turns":2},{"damage":30,"enemies":"3 Sentries","floor":7,"turns":7},{"damage":0,"enemies":"2 Louse","floor":11,"turns":2},{"damage":10,"enemies":"Gremlin Nob","floor":13,"turns":3},{"damage":0,"enemies":"Slime Boss","floor":16,"turns":4},{"damage":0,"enemies":"Spheric Guardian","floor":18,"turns":2},{"damage":8,"enemies":"Book of Stabbing","floor":23,"turns":3},{"damage":10,"enemies":"Chosen","floor":25,"turns":2},{"damage":15,"enemies":"Shelled Parasite and Fungi","floor":27,"turns":3},{"damage":13,"enemies":"Gremlin Leader","floor":30,"turns":3},{"damage":23,"enemies":"Snake Plant","floor":31,"turns":2},{"damage":69,"enemies":"Collector","floor":33,"turns":11},{"damage":7,"enemies":"Orb Walker","floor":35,"turns":2},{"damage":22,"enemies":"3 Shapes","floor":39,"turns":2},{"damage":0,"enemies":"Jaw Worm Horde","floor":41,"turns":1},{"damage":0,"enemies":"Maw","floor":42,"turns":5},{"damage":35,"enemies":"Transient","floor":45,"turns":5},{"damage":27,"enemies":"4 Shapes","floor":47,"turns":1},{"damage":0,"enemies":"Jaw Worm Horde","floor":48,"turns":1},{"damage":54,"enemies":"Awakened One","floor":50,"turns":6}],"seed_played":"7778318903584073847","potions_obtained":[{"floor":0,"key":"Ancient Potion"},{"floor":0,"key":"BlessingOfTheForge"},{"floor":0,"key":"FairyPotion"},{"floor":16,"key":"EssenceOfSteel"},{"floor":18,"key":"Fire Potion"},{"floor":23,"key":"ColorlessPotion"},{"floor":27,"key":"AttackPotion"},{"floor":33,"key":"Dexterity Potion"},{"floor":41,"key":"BlessingOfTheForge"},{"floor":47,"key":"AttackPotion"}],"is_trial":false,"path_per_floor":["M","$","?","?","M","R","E","?","T","R","M","$","E","?","R","B",null,"M","?","$","?","?","E","R","M","T","M","$","R","E","M","R","B",null,"M","?","?","$","M","R","M","M","T","?","M","$","M","M","R","B",null],"character_chosen":"THE_STARBREAKER","items_purchased":["Moonworks:IndiscriminateFireSupport","Chemical X","Moonworks:IndiscriminateFireSupport","Moonworks:IndiscriminateFireSupport","Moonworks:ImOnFire","Sling","Moonworks:SakisCookie"],"campfire_rested":8,"item_purchase_floors":[2,12,12,20,28,38,46],"current_hp_per_floor":[59,59,59,59,52,60,30,30,30,54,54,54,46,46,62,62,62,64,71,71,71,58,50,76,66,66,51,51,76,63,40,74,8,76,69,69,69,69,47,76,76,76,76,76,43,43,21,21,61,12],"gold":65,"neow_bonus":"THREE_SMALL_POTIONS","is_daily":false,"chose_seed":false,"campfire_upgraded":0,"win_rate":0.0,"timestamp":1610917834,"path_taken":["M","$","?","?","M","R","E","?","T","R","M","?","E","?","R","BOSS","M","?","$","?","?","E","R","M","T","M","?","R","E","?","R","BOSS","M","?","?","$","?","R","M","M","T","?","M","$","M","M","R","BOSS"],"items_purchased_type":["Card","Relic","Card","Card","Card","Relic","Card"],"build_version":"2020-12-22","purchased_purges":0,"victory":true,"max_hp_per_floor":[60,60,60,60,60,60,60,60,60,60,60,60,62,62,62,62,62,64,71,71,71,76,76,76,76,76,76,76,76,76,76,76,76,76,76,76,76,76,76,76,76,76,76,76,76,76,76,76,76,76],"card_choices":[{"not_picked":["Moonworks:SakisCookie","Moonworks:Assault"],"picked":"Moonworks:LulusLuckyEgg","floor":1},{"not_picked":["Moonworks:Dash","Moonworks:SakisCookie"],"picked":"Moonworks:DeployBits","floor":5},{"not_picked":["Moonworks:SakisCookie","Moonworks:ImOnFire"],"picked":"Moonworks:BeyondHell","floor":7},{"not_picked":["Moonworks:FullSpeedAlicianrone","Moonworks:FinalBattle"],"picked":"Moonworks:SakisCookie","floor":11},{"not_picked":["Moonworks:BackdoorTrade","Moonworks:ImOnFire","Moonworks:Flamethrower"],"picked":"Singing Bowl","floor":13},{"not_picked":["Moonworks:SinkOrSwim","Moonworks:Gamble"],"picked":"Moonworks:PlushieMaster","floor":16},{"not_picked":["Moonworks:WindyEnchantment","Moonworks:LulusLuckyEgg","Moonworks:CastOff"],"picked":"Singing Bowl","floor":18},{"not_picked":["Moonworks:BindingChains","Moonworks:BigMagnum+1"],"picked":"Moonworks:IndiscriminateFireSupport+1","floor":23},{"not_picked":["Moonworks:BigMagnum","Moonworks:DeployBits"],"picked":"Moonworks:SakisCookie+1","floor":25},{"not_picked":["Moonworks:IndiscriminateFireSupport","Moonworks:Assault"],"picked":"Moonworks:JonathanRush","floor":27},{"not_picked":["Moonworks:CloudOfSeagulls","Moonworks:ExtendedPhotonRifle"],"picked":"Moonworks:LulusLuckyEgg+1","floor":30},{"not_picked":["Moonworks:NicePresent","Moonworks:EvilSpyWorkPreparation"],"picked":"Moonworks:LulusLuckyEgg+1","floor":31},{"not_picked":["Moonworks:CrystalBarrier","Moonworks:Blazing"],"picked":"Moonworks:GoAway","floor":33},{"not_picked":["Moonworks:BigMagnum+1","Moonworks:ImOnFire"],"picked":"Moonworks:IndiscriminateFireSupport","floor":35},{"not_picked":["Moonworks:Assault","Moonworks:BigMagnum"],"picked":"Moonworks:JonathanRush","floor":39},{"not_picked":["Moonworks:SakisCookie","Moonworks:EvilSpyWorkPreparation+1"],"picked":"Moonworks:JonathanRush","floor":41},{"not_picked":["Moonworks:CookingTime","Moonworks:LulusLuckyEgg+1"],"picked":"Moonworks:IndiscriminateFireSupport+1","floor":42},{"not_picked":["Moonworks:LulusLuckyEgg","Moonworks:BigMagnum"],"picked":"Moonworks:SealedMemories","floor":45},{"not_picked":["Moonworks:AccelHyper","Moonworks:LulusLuckyEgg+1"],"picked":"Moonworks:BackdoorTrade+1","floor":47},{"not_picked":["Moonworks:NicePresent","Moonworks:Assault"],"picked":"Moonworks:JonathanRush","floor":48}],"player_experience":72776,"relics_obtained":[{"floor":7,"key":"Ancient Tea Set"},{"floor":9,"key":"Eternal Feather"},{"floor":13,"key":"Singing Bowl"},{"floor":23,"key":"Pen Nib"},{"floor":26,"key":"HornCleat"},{"floor":30,"key":"Letter Opener"},{"floor":34,"key":"Centennial Puzzle"},{"floor":34,"key":"InkBottle"},{"floor":34,"key":"Ice Cream"},{"floor":37,"key":"Bag of Preparation"},{"floor":43,"key":"Mummified Hand"}],"event_choices":[{"damage_healed":0,"gold_gain":0,"player_choice":"Leave","damage_taken":0,"max_hp_gain":0,"max_hp_loss":0,"event_name":"The Cleric","floor":3,"gold_loss":0},{"damage_healed":0,"gold_gain":0,"player_choice":"Ignored","damage_taken":0,"max_hp_gain":0,"max_hp_loss":0,"event_name":"Shining Light","floor":4,"gold_loss":0},{"damage_healed":0,"gold_gain":0,"player_choice":"Fled","damage_taken":0,"max_hp_gain":0,"max_hp_loss":0,"event_name":"Scrap Ooze","floor":8,"gold_loss":0},{"cards_removed":["Moonworks:Defend"],"damage_healed":0,"gold_gain":0,"player_choice":"Card Removal","damage_taken":0,"max_hp_gain":0,"max_hp_loss":0,"event_name":"Wheel of Change","floor":14,"gold_loss":0},{"damage_healed":0,"gold_gain":0,"player_choice":"Opened","damage_taken":0,"relics_obtained":["Strawberry"],"max_hp_gain":0,"max_hp_loss":0,"event_name":"The Mausoleum","floor":19,"gold_loss":0},{"damage_healed":0,"gold_gain":0,"player_choice":"Simplicity","damage_taken":0,"max_hp_gain":0,"max_hp_loss":0,"event_name":"Back to Basics","floor":21,"gold_loss":0,"cards_upgraded":["Moonworks:Strike","Moonworks:Strike","Moonworks:Strike","Moonworks:Strike","Moonworks:Defend","Moonworks:Defend","Moonworks:Defend"]},{"damage_healed":0,"gold_gain":0,"player_choice":"Shed Blood","damage_taken":18,"max_hp_gain":5,"max_hp_loss":0,"event_name":"Forgotten Altar","floor":22,"gold_loss":0},{"damage_healed":0,"gold_gain":0,"player_choice":"Ignored","damage_taken":0,"max_hp_gain":0,"max_hp_loss":0,"event_name":"Tomb of Lord Red Mask","floor":36,"gold_loss":0},{"damage_healed":0,"gold_gain":0,"player_choice":"Relic","damage_taken":0,"max_hp_gain":0,"max_hp_loss":0,"event_name":"Wheel of Change","floor":37,"gold_loss":0},{"cards_removed":["Moonworks:IndiscriminateFireSupport"],"damage_healed":0,"gold_gain":0,"player_choice":"Removed Attack","damage_taken":0,"max_hp_gain":0,"max_hp_loss":0,"event_name":"Falling","floor":44,"gold_loss":0}],"is_beta":false,"boss_relics":[{"not_picked":["Runic Dome","Ectoplasm"],"picked":"Velvet Choker"},{"not_picked":["Runic Pyramid","Fusion Hammer"],"picked":"Calling Bell"}],"items_purged_floors":[],"is_endless":false,"potions_floor_spawned":[13,16,18,23,27,33,41,45,47],"ascension_level":0}}