{"host":"xy1hv1rgvrf7f9nu","time":1610920311,"event":{"mods":["BaseMod","Fox Events","Koishi","Minty Spire (QoL Compilation)","StSLib"],"gold_per_floor":[365,365,315,327,327,355,365,385,385,385,418,199,213,247,247,347,347,359,45,45,59,70,70,70],"floor_reached":23,"language":"FRA","playtime":4879,"items_purged":[],"score":248,"play_id":"09e20872-88c1-429a-9a34-cd108953bb04","local_time":"20210117225151","is_ascension_mode":true,"campfire_choices":[{"data":"Redo","floor":10.0,"key":"SMITH"},{"data":"Amplify","floor":15.0,"key":"SMITH"}],"circlet_count":0,"master_deck":["Strike_B","Strike_B","Strike_B","Strike_B","Defend_B","Defend_B","Defend_B","Defend_B","Zap","Dualcast","Redo+1","Glacier","Ball Lightning","Rebound","Self Repair","Coolheaded","Defragment","Amplify+1","Sweeping Beam","Loop","Auto Shields","Compile Driver","Hello World","Buffer","Stack","Melter","Conserve Battery","Capacitor+1"],"relics":["Cracked Core","Happy Flower","Girya","Shuriken","PreservedInsect","Orrery","Singing Bowl","Black Star","Frozen Egg 2"],"acts_visited":["Exordium","TheCity"],"potions_floor_usage":[],"damage_taken":[{"damage":0.0,"enemies":"Small Slimes","floor":1.0,"turns":2.0},{"damage":0.0,"enemies":"2 Louse","floor":4.0,"turns":2.0},{"damage":20.0,"enemies":"Gremlin Nob","floor":6.0,"turns":5.0},{"damage":0.0,"enemies":"Cultist","floor":7.0,"turns":3.0},{"damage":12.0,"enemies":"Gremlin Gang","floor":8.0,"turns":3.0},{"damage":25.0,"enemies":"3 Sentries","floor":11.0,"turns":6.0},{"damage":2.0,"enemies":"Exordium Thugs","floor":13.0,"turns":4.0},{"damage":0.0,"enemies":"Gremlin Nob","floor":14.0,"turns":3.0},{"damage":5.0,"enemies":"The Guardian","floor":16.0,"turns":12.0},{"damage":13.0,"enemies":"2 Thieves","floor":18.0,"turns":4.0},{"damage":18.0,"enemies":"Shell Parasite","floor":21.0,"turns":6.0},{"damage":20.0,"enemies":"Centurion and Healer","floor":22.0,"turns":13.0},{"damage":41,"enemies":"Book of Stabbing","floor":23,"turns":5}],"seed_played":"-1113914202940786301","potions_obtained":[{"floor":4.0,"key":"Regen Potion"},{"floor":8.0,"key":"PotionOfCapacity"},{"floor":11.0,"key":"Fire Potion"},{"floor":14.0,"key":"Dexterity Potion"}],"is_trial":false,"path_per_floor":["M","?","?","M","?","E","M","M","T","R","E","$","M","E","R","B",null,"M","$","?","M","M","E"],"character_chosen":"DEFECT","items_purchased":["Defragment","Orrery","Frozen Egg 2","Melter"],"campfire_rested":0,"item_purchase_floors":[12,12,19,19],"current_hp_per_floor":[75,75,75,75,75,60,60,48,48,48,30,30,35,37,37,32,77,71,71,64,53,40,0,0],"gold":70,"neow_bonus":"TWO_FIFTY_GOLD","is_daily":false,"chose_seed":false,"campfire_upgraded":2,"win_rate":0.0,"timestamp":1610920311,"path_taken":["M","?","?","M","?","E","?","?","T","R","E","?","M","E","R","BOSS","M","$","?","M","?","E"],"items_purchased_type":["Card","Relic","Relic","Card"],"build_version":"2020-12-22","purchased_purges":0,"victory":false,"max_hp_per_floor":[75,75,75,75,75,75,75,75,75,75,75,75,75,77,77,77,77,77,77,77,77,77,77,77],"card_choices":[{"not_picked":["Rebound","Aggregate"],"picked":"Redo","floor":1.0},{"not_picked":["Reinforced Body","Stack"],"picked":"Glacier","floor":4.0},{"not_picked":["Barrage","Rebound"],"picked":"Ball Lightning","floor":6.0},{"not_picked":["Go for the Eyes","Sunder"],"picked":"Rebound","floor":7.0},{"not_picked":["Tempest","Rebound"],"picked":"Self Repair","floor":8.0},{"not_picked":["Reprogram","Hyperbeam"],"picked":"Coolheaded","floor":11.0},{"not_picked":["FTL","Seek"],"picked":"Amplify","floor":12.0},{"not_picked":["Rip and Tear","Tempest"],"picked":"Sweeping Beam","floor":12.0},{"not_picked":["Steam","Ball Lightning"],"picked":"Loop","floor":12.0},{"not_picked":["Gash","Sunder"],"picked":"Auto Shields","floor":12.0},{"not_picked":["Streamline","Self Repair"],"picked":"Compile Driver","floor":12.0},{"not_picked":["Reprogram","Glacier"],"picked":"Hello World","floor":13.0},{"not_picked":["Ball Lightning","Tempest","Biased Cognition"],"picked":"Singing Bowl","floor":14.0},{"not_picked":["Hyperbeam","Thunder Strike"],"picked":"Buffer","floor":16.0},{"not_picked":["Tempest","Sweeping Beam"],"picked":"Stack","floor":18.0},{"not_picked":["Gash","Static Discharge+1"],"picked":"Conserve Battery","floor":21.0},{"not_picked":["Hello World+1","Recycle"],"picked":"Capacitor+1","floor":22.0}],"player_experience":266195,"relics_obtained":[{"floor":6.0,"key":"Girya"},{"floor":9.0,"key":"Shuriken"},{"floor":11.0,"key":"PreservedInsect"},{"floor":14.0,"key":"Singing Bowl"}],"event_choices":[{"damage_healed":0.0,"max_hp_gain":0.0,"max_hp_loss":0.0,"gold_gain":0.0,"event_name":"Big Fish","player_choice":"Box","floor":2.0,"gold_loss":0.0,"damage_taken":0.0,"relics_obtained":["Happy Flower"],"cards_obtained":["Regret"]},{"cards_removed":["Injury"],"damage_healed":0.0,"max_hp_gain":0.0,"max_hp_loss":0.0,"gold_gain":0.0,"event_name":"The Cleric","player_choice":"Card Removal","floor":3.0,"gold_loss":50.0,"damage_taken":0.0},{"cards_removed":["Regret"],"damage_healed":0.0,"max_hp_gain":0.0,"max_hp_loss":0.0,"gold_gain":0.0,"event_name":"Fountain of Cleansing","player_choice":"Removed Curses","floor":5.0,"gold_loss":0.0,"damage_taken":0.0},{"damage_healed":0.0,"max_hp_gain":0.0,"max_hp_loss":0.0,"gold_gain":0.0,"event_name":"Wheel of Change","player_choice":"Damaged","floor":20.0,"gold_loss":0.0,"damage_taken":7.0}],"is_beta":false,"boss_relics":[{"not_picked":["Calling Bell","SlaversCollar"],"picked":"Black Star"}],"items_purged_floors":[],"is_endless":false,"potions_floor_spawned":[4,8,11,14],"killed_by":"Book of Stabbing","ascension_level":1}}