{"host":"9l1knhxfturzliqa","time":1610886068,"event":{"mods":["BaseMod","Colored Map","Colored Powertips","DeckTracker","Highlight Path","Keyboard Shortcuts","Minty Spire (QoL Compilation)","Random Character Button"],"gold_per_floor":[366,382,532,544,555,555,555],"floor_reached":6,"language":"KOR","playtime":369,"items_purged":[],"score":74,"play_id":"36246f0a-917a-4c92-b7ea-b42efae4bc65","local_time":"20210117212108","is_ascension_mode":true,"campfire_choices":[],"circlet_count":0,"master_deck":["AscendersBane","Strike_G","Strike_G","Strike_G","Strike_G","Strike_G","Defend_G","Defend_G","Defend_G","Defend_G","Defend_G","Survivor","Neutralize","PiercingWail","Deadly Poison","Doubt","Well Laid Plans"],"relics":["Ring of the Snake"],"acts_visited":["Exordium"],"potions_floor_usage":[6],"damage_taken":[{"damage":9.0,"enemies":"Cultist","floor":1.0,"turns":5.0},{"damage":0.0,"enemies":"2 Louse","floor":2.0,"turns":4.0},{"damage":1.0,"enemies":"Small Slimes","floor":4.0,"turns":5.0},{"damage":27.0,"enemies":"Exordium Thugs","floor":5.0,"turns":8.0},{"damage":29,"enemies":"3 Sentries","floor":6,"turns":6}],"seed_played":"4857983569346103703","potions_obtained":[{"floor":2.0,"key":"GhostInAJar"},{"floor":5.0,"key":"GamblersBrew"}],"is_trial":false,"path_per_floor":["M","M","?","M","M","E"],"character_chosen":"THE_SILENT","items_purchased":[],"campfire_rested":0,"item_purchase_floors":[],"current_hp_per_floor":[50,50,50,49,22,0,0],"gold":555,"neow_bonus":"TWO_FIFTY_GOLD","is_daily":false,"chose_seed":false,"campfire_upgraded":0,"win_rate":0.0,"timestamp":1610886068,"path_taken":["M","M","?","M","M","E"],"items_purchased_type":[],"build_version":"2020-12-22","purchased_purges":0,"victory":false,"max_hp_per_floor":[60,60,60,60,60,60,60],"card_choices":[{"not_picked":["Slice","Riddle With Holes"],"picked":"PiercingWail","floor":1.0},{"not_picked":["Dodge and Roll","Flying Knee"],"picked":"Deadly Poison","floor":2.0},{"not_picked":["Flying Knee","Setup"],"picked":"Well Laid Plans","floor":4.0},{"not_picked":["Flying Knee","Dash","Slice"],"picked":"SKIP","floor":5.0},{"not_picked":["Flying Knee","Dash","Slice"],"picked":"SKIP","floor":5.0}],"player_experience":487156,"relics_obtained":[],"event_choices":[{"damage_healed":0.0,"max_hp_gain":0.0,"max_hp_loss":0.0,"gold_gain":150.0,"event_name":"Liars Game","player_choice":"AGREE","floor":3.0,"gold_loss":0.0,"damage_taken":0.0,"cards_obtained":["Doubt"]}],"is_beta":false,"boss_relics":[],"items_purged_floors":[],"is_endless":false,"potions_floor_spawned":[2,5],"killed_by":"3 Sentries","ascension_level":19}}