{"host":"684z1xpuwaoqmmh1","time":1610907076,"event":{"mods":["Bard","BaseMod","Downfall","Hermit","Jorbs\u0027s Wanderer Trilogy","Marisa????????","Minty Spire (QoL Compilation)","Robot Space Explorer","Shade Mod","StSLib","The Bug Knight","The Cursed","The Hayseed","The Hierophant","The Marked","The Mystic","The Runesmith","The Senshi","The Spell Scribe"],"gold_per_floor":[109,109,120,140,123,123,157,175,175,175,175,187,203,237,237,332,332,345,345,51,63,80,110,110,110],"floor_reached":24,"language":"ENG","playtime":1558,"items_purged":[],"score":357,"play_id":"1705a799-17ff-459c-8203-f8c2096b56b9","local_time":"20210117201116","is_ascension_mode":true,"campfire_choices":[{"floor":6,"key":"REST"},{"floor":11,"key":"REST"},{"data":"theSenshi:MoonCosmicPowerMakeUp","floor":15,"key":"SMITH"}],"circlet_count":0,"master_deck":["AscendersBane","theSenshi:SailorKick","theSenshi:SailorKick","theSenshi:SailorKick","theSenshi:SailorKick","theSenshi:SailorBlock","theSenshi:SailorBlock","theSenshi:SailorBlock","theSenshi:SailorBlock","theSenshi:RoseThrow","theSenshi:MoonPrismPowerMakeUp","Finesse","theSenshi:MoonCosmicPowerMakeUp+1","theSenshi:LunasBite","theSenshi:TallSilhouette+1","theSenshi:SailorMercuryAssists","theSenshi:MoonTwilightFlash","theSenshi:SailorNeptuneAssists","theSenshi:InTheNameOfTheMoon+1","Flash of Steel","theSenshi:MoonTiaraMagic","theSenshi:MoonCrisisMakeUp","theSenshi:WarriorOfTheMoon","theSenshi:SailorVenusAssists","theSenshi:CrisisMakeUp+1","theSenshi:SailorChibiMoonAssists"],"relics":["theSenshi:TransformationBroochRelic","Strawberry","Potion Belt","Happy Flower","Sundial","sneckomod:SneckoTalon","Guardian:BottledAnomaly","War Paint","PreservedInsect"],"acts_visited":["Exordium","TheCity"],"potions_floor_usage":[5,23,24],"damage_taken":[{"damage":7.0,"enemies":"Jaw Worm","floor":1.0,"turns":6.0},{"damage":2.0,"enemies":"Small Slimes","floor":3.0,"turns":4.0},{"damage":5.0,"enemies":"Cultist","floor":4.0,"turns":5.0},{"damage":12,"enemies":"Exordium Thugs","floor":5,"turns":5},{"damage":32,"enemies":"3 Sentries","floor":7,"turns":12},{"damage":0,"enemies":"3 Louse","floor":8,"turns":5},{"damage":6,"enemies":"Red Slaver","floor":12,"turns":5},{"damage":2,"enemies":"Looter","floor":13,"turns":3},{"damage":6,"enemies":"Lagavulin","floor":14,"turns":7},{"damage":32,"enemies":"The Guardian","floor":16,"turns":17},{"damage":8,"enemies":"3 Byrds","floor":18,"turns":8},{"damage":5,"enemies":"Chosen","floor":21,"turns":6},{"damage":28,"enemies":"Snake Plant","floor":22,"turns":6},{"damage":2,"enemies":"HollowMod:Nosk","floor":23,"turns":11},{"damage":38,"enemies":"Cultist and Chosen","floor":24,"turns":4}],"seed_played":"3212404228112788510","potions_obtained":[{"floor":1.0,"key":"Weak Potion"},{"floor":3.0,"key":"BlessingOfTheForge"},{"floor":13,"key":"PowerPotion"},{"floor":18,"key":"Swift Potion"},{"floor":22,"key":"EssenceOfSteel"}],"is_trial":false,"path_per_floor":["M","?","M","M","M","R","E","M","T","?","R","M","M","E","R","B",null,"M","?","$","M","M","E","M"],"character_chosen":"THE_SENSHI","items_purchased":["Guardian:BottledAnomaly","War Paint"],"campfire_rested":2,"item_purchase_floors":[20,20],"current_hp_per_floor":[61,50,48,43,31,55,23,23,23,23,47,41,39,33,33,1,62,54,54,54,49,21,19,0,0],"gold":110,"neow_bonus":"RANDOM_COLORLESS","is_daily":false,"chose_seed":false,"campfire_upgraded":1,"win_rate":0.0,"timestamp":1610907076,"path_taken":["M","?","M","M","M","R","E","M","T","?","R","?","M","E","R","BOSS","M","?","$","M","M","E","M"],"items_purchased_type":["Relic","Relic"],"build_version":"2020-12-22","purchased_purges":0,"victory":false,"max_hp_per_floor":[75,82,82,82,82,82,82,82,82,82,82,82,82,82,82,82,82,82,82,82,82,82,82,82,82],"card_choices":[{"not_picked":["Impatience","Trip"],"picked":"Finesse","floor":0.0},{"not_picked":["theSenshi:SteeledNerves","theSenshi:TallSilhouette"],"picked":"theSenshi:MoonCosmicPowerMakeUp","floor":1.0},{"not_picked":["theSenshi:NeptunesGrace","theSenshi:MoonsReflection"],"picked":"theSenshi:LunasBite","floor":3.0},{"not_picked":["theSenshi:SchoolBag","theSenshi:Sidestep"],"picked":"theSenshi:TallSilhouette","floor":4.0},{"not_picked":["theSenshi:SchoolBag","theSenshi:MoonTiaraMagic"],"picked":"theSenshi:SailorMercuryAssists","floor":5},{"not_picked":["theSenshi:SailorMarsAssists","theSenshi:MoonKick"],"picked":"theSenshi:MoonTwilightFlash","floor":7},{"not_picked":["theSenshi:SailorUranusAssists","theSenshi:MoonTiaraMagic"],"picked":"theSenshi:SailorNeptuneAssists","floor":8},{"not_picked":["theSenshi:MoonPrincessHalation","theSenshi:OdangoHead","theSenshi:LunasBite"],"picked":"SKIP","floor":12},{"not_picked":["theSenshi:SchoolBag","theSenshi:LateForSchool","theSenshi:MoonsReflection"],"picked":"SKIP","floor":13},{"not_picked":["theSenshi:MoonPrincessHalation","theSenshi:SailorVenusAssists"],"picked":"theSenshi:MoonCrisisMakeUp","floor":14},{"not_picked":["theSenshi:MoonEternalMakeUp","theSenshi:SailorCosmosAssists"],"picked":"theSenshi:WarriorOfTheMoon","floor":16},{"not_picked":["theSenshi:YouCanTalk","theSenshi:SailorMarsAssists"],"picked":"theSenshi:SailorVenusAssists","floor":18},{"not_picked":["theSenshi:MoonPower","theSenshi:KlutzyLuck"],"picked":"theSenshi:CrisisMakeUp+1","floor":21},{"not_picked":["theSenshi:Sidestep","theSenshi:LateForSchool"],"picked":"theSenshi:SailorChibiMoonAssists","floor":22},{"not_picked":["theSenshi:TuxedoSmokingBomber","theSenshi:SailorVenusAssists+1","theSenshi:Sidestep"],"picked":"SKIP","floor":23}],"player_experience":2868983,"relics_obtained":[{"floor":7,"key":"Potion Belt"},{"floor":9,"key":"Happy Flower"},{"floor":14,"key":"Sundial"},{"floor":23,"key":"PreservedInsect"}],"event_choices":[{"damage_healed":0.0,"max_hp_gain":0.0,"max_hp_loss":0.0,"gold_gain":0.0,"event_name":"Scrap Ooze","player_choice":"Success","floor":2.0,"gold_loss":0.0,"damage_taken":18.0,"relics_obtained":["Strawberry"]},{"damage_healed":0,"gold_gain":0,"player_choice":"3 cards matched","damage_taken":0,"max_hp_gain":0,"max_hp_loss":0,"event_name":"Match and Keep!","floor":10,"gold_loss":0,"cards_obtained":["theSenshi:InTheNameOfTheMoon","Flash of Steel","theSenshi:MoonTiaraMagic"]},{"damage_healed":0,"gold_gain":0,"player_choice":"Ignored","damage_taken":0,"max_hp_gain":0,"max_hp_loss":0,"event_name":"Ghosts","floor":19,"gold_loss":0}],"is_beta":false,"boss_relics":[{"not_picked":["Cursed Key","Black Star"],"picked":"sneckomod:SneckoTalon"}],"items_purged_floors":[],"is_endless":false,"potions_floor_spawned":[1,3,4,13,18,22],"killed_by":"Cultist and Chosen","ascension_level":11}}