{"host":"78azdv0oxplymbah","time":1610857034,"event":{"mods":["Aspiration","BaseMod","Better Third Choice","BetterRewards","Challenge The Spire","Highlight Path","Minty Spire (QoL Compilation)","MostiFishMod","Quick Restart","Relic Stats","Remove Card Discount Mod","Replay The Spire","RumiaBox-露米娅的神秘盒子","Spicy Shops","StSLib","TestMod","The Administrix","The Servant 0.9.4","vexMod","【功能Mod】混沌之环修复补丁","【遗物卡牌】REMEMod"],"gold_per_floor":[113,113,113,328,503,531,931,931,958,474,474,448,464,476,476,573,573,586,586,598,617,628,659,685,635,635,670,681,712,749,769,769,864,864,875,875,886,53,66,95,95,122,122,122,152,128,158,58,58,58,58,58,14,26,14],"floor_reached":56,"language":"ZHS","playtime":2338,"items_purged":["Doubt","Normality","Self Repair+1","Strike_R","Defend_R","Strike_R","Defend_R+1","Strike_R","MostiFishMod:FrostNova","MostiFishMod:WinterMarkForm","Strike_R+2","Bash+1","Cleave","Defend_R+3","Strike_R+4","Defend_R+5","Doubt","Cleave+1","Inflame+1","Pot Of Greed","Inflame+1"],"score":1897,"play_id":"1507a949-8925-4cec-b197-7d110efe10b3","local_time":"20210117121714","is_ascension_mode":true,"campfire_choices":[{"floor":8,"key":"RECALL"},{"floor":15,"key":"DIG"},{"data":"Rupture","floor":32,"key":"SMITH"},{"data":"Limit Break","floor":44,"key":"SMITH"},{"data":"Pot Of Greed","floor":49,"key":"SMITH"},{"floor":52,"key":"REST"}],"circlet_count":0,"master_deck":["Thunderclap+1","ReplayTheSpireMod:Muscle Training+1","Warcry+1","Combust+1","MostiFishMod:DarkDeal+1","Heavy Blade+1","testmod-ConditionedReflex+1","Rupture+1","Limit Break+1","Limit Break+1","MostiFishMod:CullingBlade+1","Rupture+1","REME_Fury+1","ReplayTheSpireMod:IOU","MostiFishMod:404NotFound+1","Pot Of Greed+1","Pot Of Greed+1","ReplayTheSpireMod:IOU","ReplayTheSpireMod:IOU","ReplayTheSpireMod:IOU","ReplayTheSpireMod:IOU","ReplayTheSpireMod:IOU","ReplayTheSpireMod:IOU","ReplayTheSpireMod:IOU","ReplayTheSpireMod:IOU"],"relics":["DaveBox","REME_ComplimentaryCards","testmod-IntensifyImprint","DSteel32","aspiration:Nostalgia","Uniform","SynthV:TestCard","Ring of Fury","Ring of Misfortune","Iron Core","ReplayTheSpireMod:TigerMarble","testmod-IWantAll","aspiration:FrozenJewel","testmod-ObsoleteBoomerang","White Beast Statue","ReplayFunnel","Mark of Pain","Baka2","Simple Rune","Red Mask","vexMod:Dragonfruit","ReplayTheSpireMod:Shallot","aspiration:StickyExplosives_weak","ReplayTheSpireMod:TigerMarble","FrostBlade","MetatronsCube","REME_PuzzleBoxRelic","Orichalcum","DianDianMeat","Replay:Wax Seal","Technique","Grinning Jar","Bronze Scales","Dodecahedron","Replay:Kaleidoscope","Lee\u0027s Waffle","SecretRecord","Pear","vexMod:PlasmaPancake"],"acts_visited":["Exordium","TheCity","TheBeyond","TheEnding"],"potions_floor_usage":[37,40],"damage_taken":[{"damage":0,"enemies":"2 Louse","floor":1,"turns":3},{"damage":8,"enemies":"Jaw Worm","floor":4,"turns":3},{"damage":0,"enemies":"Gremlin Nob","floor":6,"turns":3},{"damage":0,"enemies":"3 Sentries","floor":12,"turns":3},{"damage":3,"enemies":"Small Slimes","floor":13,"turns":1},{"damage":1,"enemies":"2 Fungi Beasts","floor":14,"turns":1},{"damage":4,"enemies":"Slime Boss","floor":16,"turns":4},{"damage":1,"enemies":"3 Byrds","floor":18,"turns":1},{"damage":7,"enemies":"Chosen","floor":20,"turns":1},{"damage":6,"enemies":"Centurion and Healer","floor":21,"turns":1},{"damage":0,"enemies":"Snake Plant","floor":22,"turns":1},{"damage":2,"enemies":"REME_1_Revenger","floor":23,"turns":2},{"damage":0,"enemies":"Masked Bandits","floor":24,"turns":1},{"damage":2,"enemies":"Gremlin Leader","floor":27,"turns":2},{"damage":10,"enemies":"Shelled Parasite and Fungi","floor":28,"turns":3},{"damage":6,"enemies":"Book of Stabbing","floor":29,"turns":1},{"damage":0,"enemies":"Cultist and Chosen","floor":30,"turns":2},{"damage":5,"enemies":"Chosen and Byrds","floor":31,"turns":1},{"damage":6,"enemies":"Collector","floor":33,"turns":1},{"damage":3,"enemies":"Orb Walker","floor":35,"turns":1},{"damage":1,"enemies":"3 Darklings","floor":37,"turns":2},{"damage":5,"enemies":"Jaw Worm Horde","floor":39,"turns":1},{"damage":5,"enemies":"R_Hoarder","floor":40,"turns":1},{"damage":0,"enemies":"Reptomancer","floor":42,"turns":2},{"damage":6,"enemies":"Nemesis","floor":45,"turns":1},{"damage":5,"enemies":"R_Hoarder","floor":47,"turns":1},{"damage":0,"enemies":"Writhing Mass","floor":48,"turns":1},{"damage":7,"enemies":"Donu and Deca","floor":50,"turns":2},{"damage":0,"enemies":"Shield and Spear","floor":54,"turns":1},{"damage":18,"enemies":"The Heart","floor":55,"turns":2}],"seed_played":"4068155502554582181","potions_obtained":[{"floor":6,"key":"Energy Potion"},{"floor":12,"key":"Weak Potion"},{"floor":13,"key":"Adrenaline Potion"},{"floor":16,"key":"Swift Potion"},{"floor":20,"key":"AttackPotion"},{"floor":22,"key":"Elixir"},{"floor":33,"key":"REME_GoldPotion"},{"floor":37,"key":"Elixir"},{"floor":40,"key":"REME_GoldPotion"},{"floor":42,"key":"testmod-TimePotion"}],"is_trial":false,"path_per_floor":["M","?","?","M","?","E","?","R","T","$","?","E","M","M","R","B",null,"M","?","M","M","M","E","?","?","T","E","M","E","M","M","R","B",null,"M","?","M","$","M","E","?","E","T","R","E","$","E","M","R","B",null,"R","$","E","B",null],"character_chosen":"IRONCLAD","items_purchased":["testmod-IWantAll","aspiration:FrozenJewel","Thunderclap","MetatronsCube","MostiFishMod:404NotFound","Technique","Bronze Scales","Dodecahedron","Replay:Kaleidoscope","Lee\u0027s Waffle","SecretRecord"],"campfire_rested":1,"item_purchase_floors":[10,10,10,38,46,46,53,53,53,53,53],"current_hp_per_floor":[80,80,80,80,80,80,80,80,80,80,73,76,75,74,74,70,85,84,84,77,71,71,74,85,85,90,88,78,72,72,67,67,93,93,90,93,92,92,92,87,87,87,87,87,82,96,107,107,107,100,119,119,234,250,238],"gold":14,"neow_bonus":"NOSTALGIA","is_daily":false,"chose_seed":false,"campfire_upgraded":3,"win_rate":0.0,"timestamp":1610857034,"path_taken":["M","?","?","M","?","E","?","R","T","$","?","E","M","M","R","BOSS","M","?","M","M","M","E","?","?","T","E","?","E","M","M","R","BOSS","M","?","M","$","M","E","?","E","T","R","E","$","E","M","R","BOSS","R","$","E","BOSS"],"items_purchased_type":["Relic","Relic","Card","Relic","Card","Relic","Relic","Relic","Relic","Relic","Relic"],"build_version":"2020-12-22","purchased_purges":21,"victory":true,"max_hp_per_floor":[80,80,80,80,80,80,80,80,80,80,80,83,85,85,85,85,85,85,85,85,85,85,85,85,85,90,90,90,90,90,90,90,93,93,93,93,93,93,93,93,88,88,88,88,89,103,119,119,119,119,119,119,234,250,238],"relic_stats":{"Lee\u0027s Waffle":7,"counters":[30,50],"Bronze Scales":[0],"Orichalcum":[12],"obtain_stats":[{"ReplayFunnel":15,"vexMod:PlasmaPancake":54,"Iron Core":3,"DaveBox":0,"testmod-IWantAll":10,"SecretRecord":53,"Uniform":0,"Burning Blood":0,"aspiration:StickyExplosives_weak":29,"Baka2":21,"testmod-ObsoleteBoomerang":11,"Red Mask":24,"Replay:Wax Seal":45,"DSteel32":0,"DianDianMeat":43,"testmod-IntensifyImprint":0,"Lee\u0027s Waffle":53,"testmod-TestBox":0,"Pear":54,"Dodecahedron":53,"aspiration:Nostalgia":0,"Baka":1,"Replay:Kaleidoscope":53,"Orichalcum":42,"aspiration:FrozenJewel":10,"White Beast Statue":12,"vexMod:Dragonfruit":26,"FrostBlade":34,"SynthV:TestCard":1,"ReplayTheSpireMod:Shallot":27,"Ring of Misfortune":2,"Bronze Scales":53,"Ring of Fury":2,"Simple Rune":23,"Mark of Pain":17,"ReplayTheSpireMod:TigerMarble":6,"Technique":46,"REME_PuzzleBoxRelic":40,"Grinning Jar":47,"REME_ComplimentaryCards":0,"MetatronsCube":38},{"ReplayFunnel":6,"vexMod:PlasmaPancake":29,"Iron Core":1,"DaveBox":0,"testmod-IWantAll":3,"SecretRecord":28,"Uniform":0,"Burning Blood":0,"aspiration:StickyExplosives_weak":16,"Baka2":10,"testmod-ObsoleteBoomerang":3,"Red Mask":13,"Replay:Wax Seal":25,"DSteel32":0,"DianDianMeat":24,"testmod-IntensifyImprint":0,"Lee\u0027s Waffle":28,"testmod-TestBox":0,"Pear":29,"Dodecahedron":28,"aspiration:Nostalgia":0,"Baka":1,"Replay:Kaleidoscope":28,"Orichalcum":24,"aspiration:FrozenJewel":3,"White Beast Statue":4,"vexMod:Dragonfruit":13,"FrostBlade":19,"SynthV:TestCard":1,"ReplayTheSpireMod:Shallot":14,"Ring of Misfortune":1,"Bronze Scales":28,"Ring of Fury":1,"Simple Rune":12,"Mark of Pain":7,"ReplayTheSpireMod:TigerMarble":3,"Technique":25,"REME_PuzzleBoxRelic":23,"Grinning Jar":26,"REME_ComplimentaryCards":0,"MetatronsCube":21},{"ReplayFunnel":14,"vexMod:PlasmaPancake":48,"Iron Core":3,"DaveBox":0,"testmod-IWantAll":9,"SecretRecord":47,"Uniform":0,"Burning Blood":0,"aspiration:StickyExplosives_weak":31,"Baka2":21,"testmod-ObsoleteBoomerang":9,"Red Mask":25,"Replay:Wax Seal":43,"DSteel32":0,"DianDianMeat":42,"testmod-IntensifyImprint":0,"Lee\u0027s Waffle":47,"testmod-TestBox":0,"Pear":48,"Dodecahedron":47,"aspiration:Nostalgia":0,"Baka":3,"Replay:Kaleidoscope":47,"Orichalcum":42,"aspiration:FrozenJewel":9,"White Beast Statue":12,"vexMod:Dragonfruit":25,"FrostBlade":35,"SynthV:TestCard":3,"ReplayTheSpireMod:Shallot":27,"Ring of Misfortune":3,"Bronze Scales":47,"Ring of Fury":3,"Simple Rune":24,"Mark of Pain":18,"ReplayTheSpireMod:TigerMarble":9,"Technique":43,"REME_PuzzleBoxRelic":40,"Grinning Jar":44,"REME_ComplimentaryCards":0,"MetatronsCube":38}]},"card_choices":[{"not_picked":["ReplayTheSpireMod:Strike From Hell","Run Through","Abandon"],"picked":"SKIP","floor":1},{"not_picked":["Cold Snap","Headbutt","Shrug It Off","REME_SingleHolding"],"picked":"Cleave","floor":4},{"not_picked":["Clash","Dropkick","Perfected Strike","Battle Trance","Feel No Pain"],"picked":"SKIP","floor":6},{"not_picked":["Metallicize","Reckless Charge","Rip and Tear","Run Through"],"picked":"ReplayTheSpireMod:Muscle Training","floor":12},{"not_picked":["Turbo","Headbutt","Steam Power","Dark Embrace"],"picked":"Warcry","floor":13},{"not_picked":["ReplayReversal","Gash","Demon Form","Pummel"],"picked":"Combust","floor":14},{"not_picked":["Corruption","MostiFishMod:HellRitual","Berserk","MostiFishMod:PerfectStrikeMKII"],"picked":"MostiFishMod:DarkDeal","floor":16},{"not_picked":["Thunderclap","Replay:Undeath\u0027s Touch+1","True Grit","Warcry"],"picked":"Heavy Blade+1","floor":18},{"not_picked":["Thunderclap","Armaments","Dropkick","Twin Strike+1","MostiFishMod:FlyOverUtopia"],"picked":"SKIP","floor":20},{"not_picked":["Twin Strike","Perfected Strike","Sword Boomerang","Reckless Charge","Clash"],"picked":"SKIP","floor":21},{"not_picked":["Iron Wave+1","Clothesline","ReplayTheSpireMod:Muscle Training","Flex"],"picked":"Cleave","floor":22},{"not_picked":["Flame Barrier+1","Clothesline","MostiFishMod:BrandingRite","Flex","Shrug It Off"],"picked":"SKIP","floor":23},{"not_picked":["Flame Barrier+1","Clothesline","MostiFishMod:BrandingRite","Flex","Shrug It Off"],"picked":"SKIP","floor":23},{"not_picked":["REME_Scribble","Perfected Strike+1","Replay:Undeath\u0027s Touch","Clash"],"picked":"Inflame","floor":27},{"not_picked":["Warcry","MostiFishMod:RainCloud","Rage+1","Run Through+1"],"picked":"Rupture","floor":28},{"not_picked":["Perfected Strike","Pommel Strike+1","Disarm+1","Twin Strike"],"picked":"Inflame","floor":29},{"not_picked":["Perfected Strike","Heavy Blade","Metallicize","Seeing Red"],"picked":"Fire Breathing","floor":30},{"not_picked":["Heavy Blade+1","Hemokinesis+1","Armaments","Clash","Thunderclap"],"picked":"SKIP","floor":31},{"not_picked":["REME_TheLastStrike","MostiFishMod:Mania","Hemogenesis","Bludgeon"],"picked":"Limit Break","floor":33},{"not_picked":["REME_TheLastStrike","MostiFishMod:Mania","Hemogenesis","Bludgeon"],"picked":"Limit Break","floor":33},{"not_picked":["Armaments","Body Slam","Burning Pact+1","Shrug It Off","True Grit"],"picked":"SKIP","floor":35},{"not_picked":["Dark Embrace","True Grit+1","Headbutt+1","Abandon+1"],"picked":"MostiFishMod:CullingBlade","floor":37},{"not_picked":["Heavy Blade","Headbutt","Armaments+1","Carnage+1","Cleave"],"picked":"SKIP","floor":39},{"not_picked":["Whirlwind+1","ReplayTheSpireMod:Strike From Hell+1","MostiFishMod:BrandingRite+1","Anger","Infernal Blade+1"],"picked":"SKIP","floor":40},{"not_picked":["Ghostly Armor","Dark Embrace","ReplayTheSpireMod:Strike From Hell+1","Anger"],"picked":"Rupture","floor":42},{"not_picked":["Headbutt","Life Link+1","Thunderclap+1","Sword Boomerang+1"],"picked":"REME_Fury","floor":45},{"not_picked":["Anger","Run Through+1","ReplayTheSpireMod:Stacked","Second Wind+1","Armaments+1"],"picked":"SKIP","floor":47},{"not_picked":["Twin Strike","MostiFishMod:#F4004+1","Second Wind+1","Clothesline","ReplayTheSpireMod:Strike From Hell+1"],"picked":"SKIP","floor":48},{"not_picked":["Thunderclap+1","MostiFishMod:Mania","Dark Embrace+1","Cleave","Clash"],"picked":"SKIP","floor":54}],"player_experience":37748,"relics_obtained":[{"floor":1,"key":"Baka"},{"floor":1,"key":"SynthV:TestCard"},{"floor":2,"key":"Ring of Fury"},{"floor":2,"key":"Ring of Misfortune"},{"floor":6,"key":"ReplayTheSpireMod:TigerMarble"},{"floor":12,"key":"White Beast Statue"},{"floor":15,"key":"ReplayFunnel"},{"floor":21,"key":"Baka2"},{"floor":23,"key":"Simple Rune"},{"floor":24,"key":"Red Mask"},{"floor":26,"key":"vexMod:Dragonfruit"},{"floor":27,"key":"ReplayTheSpireMod:Shallot"},{"floor":29,"key":"aspiration:StickyExplosives_weak"},{"floor":31,"key":"ReplayTheSpireMod:TigerMarble"},{"floor":40,"key":"REME_PuzzleBoxRelic"},{"floor":42,"key":"Orichalcum"},{"floor":43,"key":"DianDianMeat"},{"floor":45,"key":"Replay:Wax Seal"},{"floor":47,"key":"Grinning Jar"},{"floor":54,"key":"Pear"},{"floor":54,"key":"vexMod:PlasmaPancake"}],"event_choices":[{"damage_healed":0,"gold_gain":175,"player_choice":"AGREE","damage_taken":328,"max_hp_gain":0,"max_hp_loss":0,"event_name":"betterThird:BetterSerpent","floor":5,"gold_loss":0},{"damage_healed":0,"gold_gain":400,"player_choice":"Sell","damage_taken":0,"max_hp_gain":0,"max_hp_loss":0,"event_name":"恩洛斯的盘子","floor":7,"relics_lost":["testmod-TestBox"],"gold_loss":0},{"damage_healed":0,"gold_gain":0,"player_choice":"Relic ","damage_taken":7,"max_hp_gain":0,"max_hp_loss":0,"event_name":"betterThird:BetterScrap","floor":11,"gold_loss":0,"cards_obtained":["Electrodynamics"]},{"damage_healed":0,"gold_gain":0,"player_choice":"Ignored","damage_taken":0,"max_hp_gain":0,"max_hp_loss":0,"event_name":"Vampires","floor":19,"gold_loss":0},{"damage_healed":0,"gold_gain":0,"player_choice":"Fought Bandits","damage_taken":0,"max_hp_gain":0,"max_hp_loss":0,"event_name":"Masked Bandits","floor":24,"gold_loss":0},{"damage_healed":0,"gold_gain":0,"player_choice":"Bet on Murderer","damage_taken":0,"max_hp_gain":0,"max_hp_loss":0,"event_name":"The Joust","floor":25,"gold_loss":50},{"damage_healed":0,"gold_gain":0,"player_choice":"Max HP","damage_taken":0,"max_hp_gain":0,"max_hp_loss":5,"event_name":"Winding Halls","floor":41,"gold_loss":0}],"is_beta":false,"boss_relics":[{"not_picked":["testmod-DreamHouse","MostiFishMod:Hod"],"picked":"Mark of Pain"},{"not_picked":["vexMod:BigBerry","testmod-BatchProcessingSystem"],"picked":"FrostBlade"}],"items_purged_floors":[10,10,10,10,10,10,10,10,38,38,38,38,38,38,46,46,46,46,46,53,53],"is_endless":false,"potions_floor_spawned":[6,12,13,14,16,18,20,21,22,23,24,27,28,29,30,31,33,35,37,39,40,42,45,47,48,54],"ascension_level":1}}