{"host":"mku5fdaoqz3qihec","time":1610868203,"event":{"mods":["2.2 Compatiblity","AchievementEnabler","Arknights The Spire","BaseMod","Colored Map","Colored Powertips","Minty Spire (QoL Compilation)","Rare Cards Sparkle","StSLib","SuperFastMode"],"gold_per_floor":[115,40,60,10,10,44,44,44,68,68,86,86,5,32,32,130,130,140,156,30,30,30,30,61,61,86,102,52,52,65,82,82,181,181,194,2,19,19,19,50,50,76,76,124,36,53,67,117,117,117],"floor_reached":51,"language":"KOR","playtime":1071,"items_purged":["ats:Strike C","ats:Strike V","ats:Strike S","ats:Defend","ats:Defend"],"score":904,"play_id":"aa6fdac0-7804-4ac7-b7da-c537bacc4687","local_time":"20210117162323","is_ascension_mode":false,"campfire_choices":[{"data":"ats:Powerful Strike","floor":7.0,"key":"SMITH"},{"data":"ats:Armor Crushing Shot","floor":10.0,"key":"SMITH"},{"data":"ats:Flexible Camouflage","floor":15.0,"key":"SMITH"},{"data":"ats:Demon Strength","floor":23.0,"key":"SMITH"},{"data":"ats:Hook Shot","floor":25.0,"key":"SMITH"},{"data":"ats:Soul Absorption","floor":29.0,"key":"SMITH"},{"data":"ats:Emotion Absorption","floor":32.0,"key":"SMITH"},{"data":"ats:Shell Defense","floor":41,"key":"SMITH"},{"data":"ats:Charging Defense","floor":49,"key":"SMITH"}],"circlet_count":0,"master_deck":["ats:Strike G","ats:Armor Crushing Shot+1","ats:Emotion Absorption+1","ats:Powerful Strike+1","ats:Shell Defense+1","ats:Powerful Strike+1","ats:Soul Absorption+1","ats:Demon Strength+1","ats:Mental Burst+1","ats:Flexible Camouflage+1","ats:Overload+1","ats:Overload+1","ats:Hook Shot+1","ats:True Silver Slash+1","ats:Red Shift+1","ats:Cat Scratch+1","ats:Cat Scratch+1","ats:Charging Defense+1","ats:Shadow Assault+1"],"relics":["ats:Sanity","NeowsBlessing","ats:Originium","Molten Egg 2","Lantern","Membership Card","Ancient Tea Set","ats:Omniscience","ats:Bonebreaker","Pen Nib","ats:Rhine Circuitry","Philosopher\u0027s Stone","Ice Cream","Bird Faced Urn","Bottled Flame","Mummified Hand","Unceasing Top","StoneCalendar"],"acts_visited":["Exordium","TheCity","TheBeyond"],"potions_floor_usage":[46,50,50,50],"damage_taken":[{"damage":0.0,"enemies":"2 Louse","floor":1.0,"turns":1.0},{"damage":0.0,"enemies":"Jaw Worm","floor":3.0,"turns":1.0},{"damage":0.0,"enemies":"Lagavulin","floor":6.0,"turns":1.0},{"damage":5.0,"enemies":"Small Slimes","floor":11.0,"turns":2.0},{"damage":0.0,"enemies":"Gremlin Nob","floor":14.0,"turns":2.0},{"damage":0.0,"enemies":"Slime Boss","floor":16.0,"turns":4.0},{"damage":0.0,"enemies":"2 Thieves","floor":18.0,"turns":3.0},{"damage":0.0,"enemies":"Shell Parasite","floor":19.0,"turns":3.0},{"damage":12.0,"enemies":"Gremlin Leader","floor":24.0,"turns":5.0},{"damage":0.0,"enemies":"Sentry and Sphere","floor":27.0,"turns":2.0},{"damage":7.0,"enemies":"Snake Plant","floor":30.0,"turns":3.0},{"damage":0.0,"enemies":"Chosen and Byrds","floor":31.0,"turns":3.0},{"damage":0.0,"enemies":"Champ","floor":33.0,"turns":4.0},{"damage":16.0,"enemies":"3 Shapes","floor":35.0,"turns":2.0},{"damage":0.0,"enemies":"Orb Walker","floor":37.0,"turns":2.0},{"damage":0,"enemies":"Reptomancer","floor":40,"turns":5},{"damage":10,"enemies":"Giant Head","floor":42,"turns":5},{"damage":0,"enemies":"2 Orb Walkers","floor":44,"turns":2},{"damage":0,"enemies":"Jaw Worm Horde","floor":46,"turns":2},{"damage":0,"enemies":"Spire Growth","floor":47,"turns":1},{"damage":8,"enemies":"Mind Bloom Boss Battle","floor":48,"turns":4},{"damage":38,"enemies":"Donu and Deca","floor":50,"turns":6}],"seed_played":"9110454860932869614","potions_obtained":[{"floor":3.0,"key":"FearPotion"},{"floor":6.0,"key":"Regen Potion"},{"floor":14.0,"key":"Energy Potion"},{"floor":19.0,"key":"ColorlessPotion"},{"floor":27.0,"key":"CultistPotion"},{"floor":40,"key":"Strength Potion"},{"floor":42,"key":"DistilledChaos"},{"floor":47,"key":"LiquidBronze"}],"is_trial":false,"path_per_floor":["M","$","M","?","?","E","R","$","T","R","M","T","$","E","R","B",null,"M","M","$","?","$","R","E","R","T","M","$","R","M","M","R","B",null,"M","$","M","$","?","E","R","E","T","?","$","M","M","?","R","B",null],"character_chosen":"DOCTOR_CLASS","items_purchased":["Membership Card","ats:Demon Strength","ats:Mental Burst+1","ats:Bonebreaker","Ice Cream"],"campfire_rested":0,"item_purchase_floors":[13,13,13,20,36],"current_hp_per_floor":[72,72,72,72,72,72,72,72,72,72,67,67,67,67,67,67,72,72,72,72,72,72,72,60,60,60,60,60,60,53,53,53,53,72,56,56,56,56,56,59,59,51,51,53,53,55,57,51,51,30],"gold":117,"neow_bonus":"THREE_ENEMY_KILL","is_daily":false,"chose_seed":false,"campfire_upgraded":9,"win_rate":0.0,"timestamp":1610868203,"path_taken":["M","$","M","?","?","E","R","?","T","R","M","?","$","E","R","BOSS","M","M","$","?","?","R","E","R","T","?","$","R","M","M","R","BOSS","M","$","M","$","?","E","R","E","T","?","?","?","M","?","R","BOSS"],"items_purchased_type":["Relic","Card","Card","Relic","Relic"],"build_version":"2020-12-22","purchased_purges":5,"victory":true,"max_hp_per_floor":[72,72,72,72,72,72,72,72,72,72,72,72,72,72,72,72,72,72,72,72,72,72,72,72,72,72,72,72,72,72,72,72,72,72,72,72,72,72,72,72,72,72,72,72,72,72,72,72,72,72],"card_choices":[{"not_picked":["ats:Hammer On","ats:Poison Spread"],"picked":"ats:Powerful Strike","floor":1.0},{"not_picked":["ats:Revitalization","ats:Poison Spread"],"picked":"ats:Shell Defense","floor":3.0},{"not_picked":["ats:Burning Ground","ats:Shell Defense"],"picked":"ats:Powerful Strike+1","floor":6.0},{"not_picked":["ats:Song Of Battle","ats:Directed Diagnosis"],"picked":"ats:Soul Absorption","floor":11.0},{"not_picked":["ats:Shell Defense","ats:Explosion Area Strengthen+1"],"picked":"ats:Flexible Camouflage","floor":14.0},{"not_picked":["ats:Assault Order+1","ats:Hammer On+1"],"picked":"ats:Overload+1","floor":18.0},{"not_picked":["ats:Cat Scratch+1","ats:Revitalization","ats:LN2 Cannon+1"],"picked":"SKIP","floor":19.0},{"not_picked":["ats:Poison Spread+1","ats:Leaping Hammer+1"],"picked":"ats:Hook Shot","floor":24.0},{"not_picked":["ats:Explosion Area Strengthen+1","ats:Burning Ground","ats:Composite Medical Shells"],"picked":"SKIP","floor":27.0},{"not_picked":["ats:Encircling Forest","ats:Assault Order","ats:Thorns"],"picked":"SKIP","floor":30.0},{"not_picked":["ats:Thermite Blade+1","ats:Revitalization","ats:Healing Drone"],"picked":"SKIP","floor":31.0},{"not_picked":["ats:Fractured Body","ats:Nebulous Foxfire"],"picked":"ats:True Silver Slash+1","floor":33.0},{"not_picked":["ats:Hammer On+1","ats:Assault Order+1"],"picked":"ats:Red Shift+1","floor":35.0},{"not_picked":["ats:Consecutive Shot Auto+1","ats:Apocalypse+1"],"picked":"ats:Cat Scratch+1","floor":37.0},{"not_picked":["ats:Poison Spread+1","ats:Powerful Strike+1"],"picked":"ats:Cat Scratch+1","floor":40},{"not_picked":["ats:Directed Diagnosis","ats:Wolf Pack+1","ats:Apocalypse+1"],"picked":"SKIP","floor":42},{"not_picked":["ats:Sword Rain+1","ats:Cat Scratch+1"],"picked":"ats:Charging Defense","floor":46},{"not_picked":["ats:Hook Shot","ats:Powerful Strike+1"],"picked":"ats:Shadow Assault+1","floor":47}],"player_experience":251843,"relics_obtained":[{"floor":6.0,"key":"ats:Originium"},{"floor":6.0,"key":"Molten Egg 2"},{"floor":9.0,"key":"Lantern"},{"floor":14.0,"key":"ats:Originium"},{"floor":14.0,"key":"Ancient Tea Set"},{"floor":24.0,"key":"ats:Originium"},{"floor":24.0,"key":"Pen Nib"},{"floor":26.0,"key":"ats:Rhine Circuitry"},{"floor":40,"key":"Bird Faced Urn"},{"floor":42,"key":"Bottled Flame"},{"floor":43,"key":"Mummified Hand"},{"floor":44,"key":"Unceasing Top"},{"floor":48,"key":"StoneCalendar"}],"event_choices":[{"cards_removed":["ats:Defend"],"damage_healed":0.0,"max_hp_gain":0.0,"max_hp_loss":0.0,"gold_gain":0.0,"event_name":"The Cleric","player_choice":"Card Removal","floor":4.0,"gold_loss":50.0,"damage_taken":0.0},{"damage_healed":0.0,"max_hp_gain":0.0,"max_hp_loss":0.0,"gold_gain":0.0,"event_name":"Liars Game","player_choice":"Ignored","floor":5.0,"gold_loss":0.0,"damage_taken":0.0},{"damage_healed":0.0,"max_hp_gain":0.0,"max_hp_loss":0.0,"gold_gain":0.0,"event_name":"The Library","player_choice":"Read","floor":21.0,"gold_loss":0.0,"damage_taken":0.0,"cards_obtained":["ats:Overload"]},{"cards_removed":["ats:Defend"],"damage_healed":0.0,"max_hp_gain":0.0,"max_hp_loss":0.0,"gold_gain":0.0,"event_name":"Falling","player_choice":"Removed Skill","floor":39.0,"gold_loss":0.0,"damage_taken":0.0},{"damage_healed":0,"gold_gain":0,"player_choice":"Fight","damage_taken":0,"max_hp_gain":0,"max_hp_loss":0,"event_name":"Mysterious Sphere","floor":44,"gold_loss":0},{"damage_healed":0,"gold_gain":0,"player_choice":"Fight","damage_taken":0,"max_hp_gain":0,"max_hp_loss":0,"event_name":"MindBloom","floor":48,"gold_loss":0}],"is_beta":false,"boss_relics":[{"not_picked":["Fusion Hammer","Pandora\u0027s Box"],"picked":"ats:Omniscience"},{"not_picked":["Runic Pyramid","Busted Crown"],"picked":"Philosopher\u0027s Stone"}],"items_purged_floors":[2,28,36,38,45],"is_endless":false,"potions_floor_spawned":[3,6,14,19,24,27,31,40,42,47],"ascension_level":0}}