{"host":"u1dfzl6o6mfmauc3","time":1610863572,"event":{"mods":["2.2 Compatiblity","AchievementEnabler","Bard","BaseMod","Block Reminder","Challenge The Spire","Dark Map","Hermit","Minty Spire (QoL Compilation)","Relic Stats","Robot Space Explorer","StSLib","The Cursed","The Disciple"],"gold_per_floor":[109,109,121,139,159,159,109,34,58,58,89,189,214,289,289,387,387,402,42,42,53,72,72,171,171,171,171,190,190,235,264,264,369,369,382,398,13,13,113,143,143,92,145,158,188,207,220,220,220,220,220,220,23,53,53],"floor_reached":56,"language":"ENG","playtime":4435,"items_purged":["Strike_R","Strike_R"],"score":1327,"play_id":"0f2ec292-95c3-4afa-afc6-43ef1f7a604e","local_time":"20210117010612","is_ascension_mode":true,"campfire_choices":[{"data":"Wild Strike","floor":6,"key":"SMITH"},{"data":"Cleave","floor":10,"key":"SMITH"},{"data":"Evolve","floor":15,"key":"SMITH"},{"floor":23,"key":"REST"},{"floor":25,"key":"RECALL"},{"floor":32,"key":"REST"},{"floor":41,"key":"REST"},{"floor":49,"key":"REST"},{"floor":52,"key":"REST"}],"circlet_count":0,"master_deck":["Defend_R","Defend_R","Defend_R","Defend_R","Bash+1","Wild Strike+1","Battle Trance","Cleave+1","Evolve+1","Clothesline","Warcry","Corruption","Wild Strike+1","Barricade","Clothesline","Feel No Pain","Juggernaut","Burning Pact+1","Iron Wave+1","Apotheosis","True Grit","Offering","Metallicize","Berserk","Power Through","Shrug It Off","Body Slam+1"],"relics":["Burning Blood","Tiny Chest","Regal Pillow","Centennial Puzzle","Juzu Bracelet","Fusion Hammer","Meat on the Bone","Gremlin Horn","Paper Frog","Oddly Smooth Stone","Whetstone","SacredBark","InkBottle","Mummified Hand","Molten Egg 2","Ornamental Fan"],"acts_visited":["Exordium","TheCity","TheBeyond","TheEnding"],"potions_floor_usage":[11,13,22,31,36,40,45,46,50,54,55,55],"damage_taken":[{"damage":7,"enemies":"Small Slimes","floor":1,"turns":4},{"damage":0,"enemies":"Jaw Worm","floor":3,"turns":3},{"damage":0,"enemies":"2 Louse","floor":4,"turns":2},{"damage":17,"enemies":"Exordium Thugs","floor":5,"turns":4},{"damage":8,"enemies":"3 Sentries","floor":11,"turns":6},{"damage":0,"enemies":"Gremlin Nob","floor":13,"turns":2},{"damage":54,"enemies":"The Guardian","floor":16,"turns":14},{"damage":38,"enemies":"Shell Parasite","floor":18,"turns":5},{"damage":6,"enemies":"Spheric Guardian","floor":21,"turns":3},{"damage":33,"enemies":"Snake Plant","floor":22,"turns":4},{"damage":4,"enemies":"Centurion and Healer","floor":28,"turns":5},{"damage":53,"enemies":"Book of Stabbing","floor":31,"turns":7},{"damage":54,"enemies":"Champ","floor":33,"turns":14},{"damage":17,"enemies":"3 Shapes","floor":35,"turns":9},{"damage":36,"enemies":"3 Darklings","floor":36,"turns":7},{"damage":34,"enemies":"Nemesis","floor":40,"turns":11},{"damage":47,"enemies":"Writhing Mass","floor":44,"turns":7},{"damage":60,"enemies":"Reptomancer","floor":45,"turns":7},{"damage":6,"enemies":"4 Shapes","floor":46,"turns":4},{"damage":11,"enemies":"Jaw Worm Horde","floor":47,"turns":3},{"damage":9,"enemies":"Donu and Deca","floor":50,"turns":10},{"damage":37,"enemies":"Shield and Spear","floor":54,"turns":11},{"damage":26,"enemies":"The Heart","floor":55,"turns":9}],"seed_played":"4368240002719037778","potions_obtained":[{"floor":3,"key":"SteroidPotion"},{"floor":5,"key":"Energy Potion"},{"floor":21,"key":"Regen Potion"},{"floor":28,"key":"DuplicationPotion"},{"floor":35,"key":"SkillPotion"},{"floor":45,"key":"SkillPotion"},{"floor":46,"key":"LiquidBronze"},{"floor":47,"key":"SpeedPotion"},{"floor":54,"key":"BloodPotion"}],"is_trial":false,"path_per_floor":["M","?","M","M","M","R","?","$","T","R","E","?","E","?","R","B",null,"M","$","T","M","M","R","?","R","T","?","M","?","T","E","R","B",null,"M","M","$","?","?","E","R","$","T","M","E","M","M","T","R","B",null,"R","$","E","B",null],"character_chosen":"IRONCLAD","items_purchased":["Meat on the Bone","Apotheosis","True Grit","Offering","Block Potion","Fire Potion","Shrug It Off","HeartOfIron","SpeedPotion"],"campfire_rested":5,"item_purchase_floors":[19,37,37,37,37,42,53,53,53],"current_hp_per_floor":[87,69,75,81,70,70,70,70,70,70,68,68,74,63,63,15,88,56,56,56,56,46,87,87,87,87,70,72,72,72,37,79,43,93,82,64,64,64,64,48,90,90,90,61,19,31,38,38,80,77,93,93,93,93,73],"gold":53,"neow_bonus":"TEN_PERCENT_HP_BONUS","is_daily":false,"chose_seed":false,"campfire_upgraded":3,"win_rate":0.0,"timestamp":1610863572,"path_taken":["M","?","M","M","M","R","?","$","T","R","E","?","E","?","R","BOSS","M","$","?","M","M","R","?","R","T","?","M","?","?","E","R","BOSS","M","M","$","?","?","E","R","?","T","M","E","M","M","?","R","BOSS","R","$","E","BOSS"],"items_purchased_type":["Relic","Card","Card","Card","Potion","Potion","Card","Potion","Potion"],"build_version":"2020-12-22","purchased_purges":2,"victory":true,"max_hp_per_floor":[88,88,88,88,88,88,88,88,88,88,88,88,88,88,88,88,88,88,88,88,88,88,88,88,88,88,93,93,93,93,93,93,93,93,93,93,93,93,93,93,93,93,93,93,93,93,93,93,93,93,93,93,93,93,93],"relic_stats":{"Regal Pillow":60,"Gremlin Horn":[12,15],"counters":[23,151],"Juzu Bracelet":3,"Whetstone":["Bash","Wild Strike"],"Burning Blood":138,"Centennial Puzzle":[51],"Mummified Hand":[40],"Ornamental Fan":[8],"Tiny Chest":3,"obtain_stats":[{"Regal Pillow":9,"Gremlin Horn":20,"SacredBark":34,"Oddly Smooth Stone":30,"Juzu Bracelet":13,"Whetstone":31,"Burning Blood":0,"Centennial Puzzle":11,"Mummified Hand":45,"Ornamental Fan":54,"Tiny Chest":2,"Molten Egg 2":48,"Fusion Hammer":17,"InkBottle":40,"Meat on the Bone":19,"Paper Frog":26},{"Regal Pillow":4,"Gremlin Horn":8,"SacredBark":13,"Oddly Smooth Stone":11,"Juzu Bracelet":6,"Whetstone":12,"Burning Blood":0,"Centennial Puzzle":5,"Mummified Hand":18,"Ornamental Fan":22,"Tiny Chest":1,"Molten Egg 2":20,"Fusion Hammer":7,"InkBottle":16,"Meat on the Bone":8,"Paper Frog":10},{"Regal Pillow":13,"Gremlin Horn":40,"SacredBark":73,"Oddly Smooth Stone":52,"Juzu Bracelet":21,"Whetstone":59,"Burning Blood":0,"Centennial Puzzle":19,"Mummified Hand":114,"Ornamental Fan":142,"Tiny Chest":4,"Molten Egg 2":121,"Fusion Hammer":35,"InkBottle":100,"Meat on the Bone":40,"Paper Frog":47}],"InkBottle":[18],"Meat on the Bone":108},"card_choices":[{"not_picked":["Warcry","Dark Embrace"],"picked":"Wild Strike","floor":1},{"not_picked":["Twin Strike","Heavy Blade"],"picked":"Battle Trance","floor":3},{"not_picked":["Searing Blow","Wild Strike"],"picked":"Cleave","floor":4},{"not_picked":["Ghostly Armor","Armaments"],"picked":"Evolve","floor":5},{"not_picked":["Anger","Feel No Pain"],"picked":"Clothesline","floor":11},{"not_picked":["Headbutt","Seeing Red"],"picked":"Warcry","floor":13},{"not_picked":["Juggernaut","Fiend Fire"],"picked":"Corruption","floor":16},{"not_picked":["Pummel","Intimidate"],"picked":"Wild Strike","floor":18},{"not_picked":["Searing Blow","Thunderclap+1","Dropkick"],"picked":"SKIP","floor":21},{"not_picked":["Twin Strike","Thunderclap","Evolve"],"picked":"SKIP","floor":22},{"not_picked":["Flex+1","Wild Strike","Clash"],"picked":"SKIP","floor":28},{"not_picked":["Disarm","Wild Strike"],"picked":"Feel No Pain","floor":31},{"not_picked":["Double Tap","Immolate"],"picked":"Juggernaut","floor":33},{"not_picked":["Thunderclap+1","Sword Boomerang"],"picked":"Burning Pact+1","floor":35},{"not_picked":["Thunderclap","Wild Strike"],"picked":"Iron Wave+1","floor":36},{"not_picked":["Cleave","Armaments"],"picked":"Metallicize","floor":40},{"not_picked":["Clash","Uppercut+1"],"picked":"Berserk","floor":44},{"not_picked":["Blood for Blood+1","Sword Boomerang+1"],"picked":"Power Through","floor":45},{"not_picked":["Bloodletting+1","Intimidate","Warcry"],"picked":"SKIP","floor":46},{"not_picked":["Sword Boomerang","Heavy Blade","Headbutt+1"],"picked":"SKIP","floor":47},{"not_picked":["Intimidate","Berserk"],"picked":"Body Slam+1","floor":54}],"player_experience":95980,"relics_obtained":[{"floor":9,"key":"Regal Pillow"},{"floor":11,"key":"Centennial Puzzle"},{"floor":13,"key":"Juzu Bracelet"},{"floor":20,"key":"Gremlin Horn"},{"floor":26,"key":"Paper Frog"},{"floor":30,"key":"Oddly Smooth Stone"},{"floor":31,"key":"Whetstone"},{"floor":40,"key":"InkBottle"},{"floor":45,"key":"Mummified Hand"},{"floor":48,"key":"Molten Egg 2"},{"floor":54,"key":"Ornamental Fan"}],"event_choices":[{"damage_healed":0,"gold_gain":0,"player_choice":"Success","damage_taken":18,"relics_obtained":["Tiny Chest"],"max_hp_gain":0,"max_hp_loss":0,"event_name":"Scrap Ooze","floor":2,"gold_loss":0},{"cards_removed":["Strike_R"],"damage_healed":0,"gold_gain":0,"player_choice":"Card Removal","damage_taken":0,"max_hp_gain":0,"max_hp_loss":0,"event_name":"The Cleric","floor":7,"gold_loss":50},{"damage_healed":0,"gold_gain":100,"player_choice":"Pray","damage_taken":0,"max_hp_gain":0,"max_hp_loss":0,"event_name":"Golden Shrine","floor":12,"gold_loss":0},{"damage_healed":0,"gold_gain":75,"player_choice":"Gather Gold","damage_taken":11,"max_hp_gain":0,"max_hp_loss":0,"event_name":"World of Goop","floor":14,"gold_loss":0},{"damage_healed":0,"gold_gain":99,"player_choice":"Stole From Cult","damage_taken":0,"max_hp_gain":0,"max_hp_loss":0,"event_name":"Nest","floor":24,"gold_loss":0},{"damage_healed":0,"gold_gain":0,"player_choice":"Shed Blood","damage_taken":22,"max_hp_gain":5,"max_hp_loss":0,"event_name":"Forgotten Altar","floor":27,"gold_loss":0},{"damage_healed":0,"gold_gain":0,"cards_transformed":["Strike_R","Strike_R"],"player_choice":"Became Test Subject","damage_taken":0,"max_hp_gain":0,"max_hp_loss":0,"event_name":"Drug Dealer","floor":29,"gold_loss":0,"cards_obtained":["Barricade","Clothesline"]},{"damage_healed":0,"gold_gain":0,"player_choice":"0 cards matched","damage_taken":0,"max_hp_gain":0,"max_hp_loss":0,"event_name":"Match and Keep!","floor":38,"gold_loss":0,"cards_obtained":[]},{"damage_healed":0,"gold_gain":100,"player_choice":"Pray","damage_taken":0,"max_hp_gain":0,"max_hp_loss":0,"event_name":"Golden Shrine","floor":39,"gold_loss":0}],"is_beta":false,"boss_relics":[{"not_picked":["Black Blood","Ectoplasm"],"picked":"Fusion Hammer"},{"not_picked":["Tiny House","Cursed Key"],"picked":"SacredBark"}],"items_purged_floors":[8,19],"is_endless":false,"potions_floor_spawned":[3,5,21,28,35,45,46,47,54],"ascension_level":2}}