{"host":"ujb8ojs2m8j2cdlp","time":1610866805,"event":{"mods":["AchievementEnabler","BaseMod","Bestiary","Colored Map","Colored Powertips","Minty Spire (QoL Compilation)","Relic Sorter","Relic Stats","ojb\u0027s Better Paths Mod","ojb\u0027s Info Mod"],"gold_per_floor":[144,144,189,234,279,369,369,414,414,414,459,504,504,594,594,894,894,939,984,543,543,88,178,178,268,268,313,412,412,502,547,547,847,847,892,668,628,188,233,323,368,413,413,413,458,383,428,473,473,473],"floor_reached":51,"language":"ENG","playtime":6813,"items_purged":[],"score":1451,"play_id":"5b23dcf0-89d7-4e89-b1fc-89fb89b3f01d","local_time":"20210116230005","daily_mods":["SealedDeck","Hoarder","Midas"],"is_ascension_mode":false,"campfire_choices":[{"floor":7.0,"key":"REST"},{"floor":15.0,"key":"REST"},{"floor":32.0,"key":"REST"},{"floor":44.0,"key":"REST"},{"floor":49,"key":"REST"}],"circlet_count":0,"master_deck":["Compile Driver","Compile Driver","Compile Driver","Stack","Stack","Stack","Conserve Battery","Conserve Battery","Conserve Battery","Barrage","Barrage","Barrage","Turbo","Turbo","Turbo","Steam Power+1","Steam Power+1","Steam Power","Compile Driver","Compile Driver","Compile Driver","Hologram","Hologram","Hologram","Coolheaded","Coolheaded","Coolheaded","Loop","Loop","Loop","Scrape","Scrape","Scrape","Cold Snap","Cold Snap","Core Surge","Core Surge","Core Surge","Stack","Stack","Stack","Beam Cell","Beam Cell","Beam Cell","Hologram","Hologram","Hologram+1","Machine Learning","Machine Learning","Machine Learning","FTL","FTL","FTL","Sunder","Sunder","Sunder","Echo Form","Echo Form","Echo Form","Ball Lightning","Ball Lightning","Ball Lightning","Double Energy","Double Energy","Double Energy","Glacier","Glacier","Glacier","Loop","Loop","Loop","Compile Driver","Compile Driver","Compile Driver","Doom and Gloom","Doom and Gloom","Doom and Gloom","Capacitor","Capacitor","Capacitor","Turbo","Turbo","Turbo","Violence","Violence","Violence","Go for the Eyes","Go for the Eyes","Go for the Eyes","Sunder","Sunder","Sunder","Biased Cognition","Biased Cognition","Biased Cognition","Double Energy+1","Double Energy+1","Double Energy+1","Skim+1","Skim+1","Skim+1","Coolheaded+1","Coolheaded+1","Coolheaded+1","Cold Snap","Cold Snap","Cold Snap","Barrage","Barrage","Barrage","Core Surge","Core Surge","Core Surge","Conserve Battery+1","Conserve Battery+1","Conserve Battery+1","Capacitor","Capacitor","Capacitor","Stack+1","Stack+1","Stack+1","Turbo+1","Turbo+1","Turbo+1","Defragment","Defragment","Defragment","Coolheaded+1","Coolheaded+1","Coolheaded+1","Compile Driver+1","Compile Driver+1","Compile Driver+1","All For One","All For One","All For One","Glacier+1","Glacier+1","Glacier+1","Doom and Gloom+1","Doom and Gloom+1","Doom and Gloom+1","Go for the Eyes","Go for the Eyes","Go for the Eyes","Defragment+1","Defragment+1","Defragment+1","Steam Power+1","Steam Power+1","Steam Power+1","Aggregate+1","Aggregate+1","Aggregate+1","Tempest+1","Tempest+1","Tempest+1","Undo+1","Undo+1","Undo+1","Compile Driver","Compile Driver","Compile Driver","Glacier+1","Glacier+1","Glacier+1"],"relics":["Cracked Core","Pear","Darkstone Periapt","Potion Belt","Bottled Flame","Fusion Hammer","Membership Card","Nunchaku","Bottled Lightning","Medical Kit","Toxic Egg 2","Vajra","Matryoshka","PreservedInsect","Shuriken","Bottled Tornado","Nuclear Battery","OrangePellets","Orichalcum","FossilizedHelix","Ice Cream","Chemical X","War Paint","White Beast Statue","Ancient Tea Set","Orrery"],"acts_visited":["TheCity","TheBeyond"],"potions_floor_usage":[50,50,50],"damage_taken":[{"damage":0.0,"enemies":"2 Louse","floor":1.0,"turns":1.0},{"damage":0.0,"enemies":"Cultist","floor":3.0,"turns":2.0},{"damage":0.0,"enemies":"Small Slimes","floor":4.0,"turns":1.0},{"damage":4.0,"enemies":"Looter","floor":5.0,"turns":2.0},{"damage":9.0,"enemies":"3 Sentries","floor":6.0,"turns":6.0},{"damage":0.0,"enemies":"2 Fungi Beasts","floor":8.0,"turns":2.0},{"damage":0.0,"enemies":"Large Slime","floor":11.0,"turns":3.0},{"damage":3.0,"enemies":"Lots of Slimes","floor":12.0,"turns":3.0},{"damage":0.0,"enemies":"Lagavulin","floor":14.0,"turns":6.0},{"damage":6.0,"enemies":"Slime Boss","floor":16.0,"turns":8.0},{"damage":0.0,"enemies":"Spheric Guardian","floor":18.0,"turns":3.0},{"damage":3.0,"enemies":"Chosen","floor":19.0,"turns":2.0},{"damage":30.0,"enemies":"Slavers","floor":23.0,"turns":4.0},{"damage":14.0,"enemies":"Gremlin Leader","floor":25.0,"turns":4.0},{"damage":2.0,"enemies":"3 Cultists","floor":27.0,"turns":3.0},{"damage":0.0,"enemies":"Book of Stabbing","floor":30.0,"turns":2.0},{"damage":1.0,"enemies":"Snake Plant","floor":31.0,"turns":4.0},{"damage":10.0,"enemies":"Automaton","floor":33.0,"turns":7.0},{"damage":0.0,"enemies":"3 Darklings","floor":35.0,"turns":2.0},{"damage":0.0,"enemies":"3 Shapes","floor":39.0,"turns":7.0},{"damage":0.0,"enemies":"Reptomancer","floor":40.0,"turns":2.0},{"damage":0.0,"enemies":"Transient","floor":41.0,"turns":5.0},{"damage":0.0,"enemies":"Writhing Mass","floor":42.0,"turns":3.0},{"damage":0,"enemies":"Jaw Worm Horde","floor":45,"turns":2},{"damage":0,"enemies":"3 Darklings","floor":47,"turns":3},{"damage":0,"enemies":"4 Shapes","floor":48,"turns":3},{"damage":0,"enemies":"Awakened One","floor":50,"turns":4}],"seed_played":"7372172642885907109","potions_obtained":[{"floor":5.0,"key":"Regen Potion"},{"floor":8.0,"key":"SneckoOil"},{"floor":11.0,"key":"SneckoOil"},{"floor":18.0,"key":"SpeedPotion"}],"is_trial":false,"path_per_floor":["M","?","M","M","M","E","R","M","T","?","M","M","?","E","R","B",null,"M","M","$","?","$","E","?","E","T","M","?","T","E","M","R","B",null,"M","$","?","$","M","E","M","M","T","R","M","$","M","M","R","B",null],"character_chosen":"DEFECT","items_purchased":["Membership Card","Nunchaku","Glacier","Loop","Compile Driver","Doom and Gloom","GamblersBrew","FocusPotion","Weak Potion","Capacitor","Turbo","Violence","Bottled Lightning","Go for the Eyes","Sunder","CultistPotion","Medical Kit","OrangePellets","Capacitor","Orichalcum","Stack+1","Turbo+1","FossilizedHelix","Ice Cream","Defragment","Coolheaded+1","Chemical X","Orrery"],"campfire_rested":5,"item_purchase_floors":[20,20,20,20,20,20,20,20,20,22,22,22,22,22,22,22,22,36,36,36,36,36,38,38,38,38,38,46],"current_hp_per_floor":[75,75,75,75,71,72,85,85,85,85,85,82,82,82,85,79,85,85,82,82,82,82,52,52,38,38,36,36,36,36,35,60,50,85,85,85,85,85,85,85,85,85,85,85,85,85,85,85,85,85],"gold":473,"neow_bonus":"","is_daily":true,"chose_seed":false,"campfire_upgraded":0,"win_rate":0.0,"timestamp":1610866805,"path_taken":["M","?","M","M","M","E","R","M","T","?","?","M","?","E","R","BOSS","M","M","$","?","$","E","?","E","T","M","?","?","E","M","R","BOSS","M","$","?","$","M","E","M","M","T","R","?","$","M","M","R","BOSS"],"items_purchased_type":["Relic","Relic","Card","Card","Card","Card","Potion","Potion","Potion","Card","Card","Card","Relic","Card","Card","Potion","Relic","Relic","Card","Relic","Card","Card","Relic","Relic","Card","Card","Relic","Relic"],"build_version":"2020-12-22","purchased_purges":0,"victory":true,"max_hp_per_floor":[75,75,75,75,75,85,85,85,85,85,85,85,85,85,85,85,85,85,85,85,85,85,85,85,85,85,85,85,85,85,85,85,85,85,85,85,85,85,85,85,85,85,85,85,85,85,85,85,85,85],"relic_stats":{"Darkstone Periapt":0,"OrangePellets":[5],"Nunchaku":[25],"counters":[27,94],"Shuriken":[48],"PreservedInsect":100,"Chemical X":[3],"Orichalcum":[42],"War Paint":["Hologram","Steam Power"],"Medical Kit":[0],"obtain_stats":[{"Darkstone Periapt":9,"Ice Cream":38,"Vajra":25,"Bottled Tornado":30,"Ancient Tea Set":43,"Nunchaku":20,"Matryoshka":26,"Fusion Hammer":17,"Chemical X":38,"Toxic Egg 2":23,"Cracked Core":0,"Potion Belt":10,"Pear":6,"PreservedInsect":29,"Orichalcum":36,"War Paint":40,"Medical Kit":22,"White Beast Statue":43,"Nuclear Battery":34,"OrangePellets":36,"Bottled Flame":14,"Shuriken":29,"Orrery":46,"Membership Card":20,"Bottled Lightning":22,"FossilizedHelix":38},{"Darkstone Periapt":6,"Ice Cream":19,"Vajra":14,"Bottled Tornado":16,"Ancient Tea Set":23,"Nunchaku":12,"Matryoshka":14,"Fusion Hammer":10,"Chemical X":19,"Toxic Egg 2":13,"Cracked Core":0,"Potion Belt":6,"Pear":5,"PreservedInsect":15,"Orichalcum":19,"War Paint":21,"Medical Kit":12,"White Beast Statue":23,"Nuclear Battery":18,"OrangePellets":19,"Bottled Flame":9,"Shuriken":15,"Orrery":24,"Membership Card":12,"Bottled Lightning":12,"FossilizedHelix":19},{"Darkstone Periapt":14,"Ice Cream":65,"Vajra":47,"Bottled Tornado":52,"Ancient Tea Set":82,"Nunchaku":39,"Matryoshka":47,"Fusion Hammer":34,"Chemical X":65,"Toxic Egg 2":43,"Cracked Core":0,"Potion Belt":14,"Pear":12,"PreservedInsect":50,"Orichalcum":65,"War Paint":74,"Medical Kit":39,"White Beast Statue":82,"Nuclear Battery":63,"OrangePellets":65,"Bottled Flame":26,"Shuriken":50,"Orrery":84,"Membership Card":39,"Bottled Lightning":39,"FossilizedHelix":65}]},"card_choices":[{"not_picked":["Leap","Streamline"],"picked":"Scrape","floor":1.0},{"not_picked":["Streamline","Double Energy"],"picked":"Cold Snap","floor":3.0},{"not_picked":["Steam","Turbo"],"picked":"Core Surge","floor":4.0},{"not_picked":["Gash","FTL"],"picked":"Stack","floor":5.0},{"not_picked":["Storm","Hello World"],"picked":"Beam Cell","floor":6.0},{"not_picked":["Reboot","Steam"],"picked":"Hologram","floor":8.0},{"not_picked":["Go for the Eyes","Consume"],"picked":"Machine Learning","floor":11.0},{"not_picked":["Redo","Chill"],"picked":"FTL","floor":12.0},{"not_picked":["Go for the Eyes","Conserve Battery"],"picked":"Sunder","floor":14.0},{"not_picked":["Core Surge","Machine Learning"],"picked":"Echo Form","floor":16.0},{"not_picked":["Streamline","Storm"],"picked":"Ball Lightning","floor":18.0},{"not_picked":["Static Discharge","Genetic Algorithm"],"picked":"Double Energy","floor":19.0},{"not_picked":["FTL","BootSequence+1"],"picked":"Biased Cognition","floor":23.0},{"not_picked":["Self Repair+1","Undo+1"],"picked":"Skim+1","floor":25.0},{"not_picked":["Streamline+1","Gash+1"],"picked":"Coolheaded+1","floor":27.0},{"not_picked":["Amplify+1","Consume+1"],"picked":"Cold Snap","floor":30.0},{"not_picked":["Self Repair","Gash"],"picked":"Barrage","floor":31.0},{"not_picked":["Thunder Strike","Electrodynamics"],"picked":"Core Surge","floor":33.0},{"not_picked":["Redo+1","Barrage"],"picked":"Conserve Battery+1","floor":35.0},{"not_picked":["Cold Snap+1","Double Energy+1"],"picked":"Compile Driver+1","floor":39.0},{"not_picked":["Doom and Gloom","Chaos+1"],"picked":"All For One","floor":40.0},{"not_picked":["Conserve Battery+1","Consume+1"],"picked":"Glacier+1","floor":41.0},{"not_picked":["Reprogram+1","Tempest+1"],"picked":"Doom and Gloom+1","floor":42.0},{"not_picked":["Leap+1","Gash+1"],"picked":"Go for the Eyes","floor":45},{"not_picked":["Self Repair","Coolheaded+1"],"picked":"Defragment+1","floor":46},{"not_picked":["Conserve Battery+1","Chaos+1"],"picked":"Steam Power+1","floor":46},{"not_picked":["Darkness+1","Reboot+1"],"picked":"Aggregate+1","floor":46},{"not_picked":["Glacier+1","Barrage+1"],"picked":"Tempest+1","floor":46},{"not_picked":["Storm","Rebound+1"],"picked":"Undo+1","floor":46},{"not_picked":["Conserve Battery+1","Cold Snap+1"],"picked":"Compile Driver","floor":47},{"not_picked":["Hologram+1","Recycle+1"],"picked":"Glacier+1","floor":48}],"player_experience":145143,"relics_obtained":[{"floor":6.0,"key":"Pear"},{"floor":9.0,"key":"Darkstone Periapt"},{"floor":14.0,"key":"Bottled Flame"},{"floor":23.0,"key":"Toxic Egg 2"},{"floor":25.0,"key":"Vajra"},{"floor":26.0,"key":"Matryoshka"},{"floor":29.0,"key":"PreservedInsect"},{"floor":29.0,"key":"Shuriken"},{"floor":30.0,"key":"Bottled Tornado"},{"floor":40.0,"key":"War Paint"},{"floor":43.0,"key":"White Beast Statue"},{"floor":43.0,"key":"Ancient Tea Set"}],"event_choices":[{"damage_healed":0.0,"max_hp_gain":0.0,"max_hp_loss":0.0,"gold_gain":0.0,"event_name":"Golden Wing","player_choice":"Ignored","floor":2.0,"gold_loss":0.0,"damage_taken":0.0},{"cards_removed":["Cold Snap"],"damage_healed":0.0,"max_hp_gain":0.0,"max_hp_loss":0.0,"gold_gain":0.0,"event_name":"WeMeetAgain","player_choice":"Gave Card","floor":10.0,"gold_loss":0.0,"damage_taken":0.0,"relics_obtained":["Potion Belt"]},{"damage_healed":0.0,"max_hp_gain":0.0,"max_hp_loss":0.0,"gold_gain":0.0,"event_name":"Liars Game","player_choice":"Ignored","floor":13.0,"gold_loss":0.0,"damage_taken":0.0},{"damage_healed":0.0,"max_hp_gain":0.0,"max_hp_loss":0.0,"gold_gain":0.0,"event_name":"Beggar","player_choice":"Ignored","floor":21.0,"gold_loss":0.0,"damage_taken":0.0},{"damage_healed":0.0,"max_hp_gain":0.0,"max_hp_loss":0.0,"gold_gain":0.0,"event_name":"The Library","player_choice":"Read","floor":24.0,"gold_loss":0.0,"damage_taken":0.0,"cards_obtained":["Double Energy"]},{"damage_healed":0.0,"max_hp_gain":0.0,"max_hp_loss":0.0,"gold_gain":99.0,"event_name":"Nest","player_choice":"Stole From Cult","floor":28.0,"gold_loss":0.0,"damage_taken":0.0},{"damage_healed":0.0,"max_hp_gain":0.0,"max_hp_loss":0.0,"gold_gain":0.0,"event_name":"Designer","player_choice":"Upgrade","floor":37.0,"gold_loss":40.0,"damage_taken":0.0,"cards_upgraded":["Steam Power"]}],"is_beta":false,"boss_relics":[{"not_picked":["SlaversCollar","Philosopher\u0027s Stone"],"picked":"Fusion Hammer"},{"not_picked":["Black Star","Astrolabe"],"picked":"Nuclear Battery"}],"items_purged_floors":[],"is_endless":false,"potions_floor_spawned":[5,8,11,18,27,30,33,39,45,47,48],"ascension_level":0}}