{"host":"1a3cjta80tad0aqj","time":1610882832,"event":{"mods":["2.2 Compatiblity","AchievementEnabler","BaseMod","Colored Map","DeckTracker","KOR Keyword Fix","Keyboard Shortcuts","Minty Spire (QoL Compilation)","Permanent Neow","Quick Restart","Random Character Button","StSLib","SuperFastMode","everything is the same but u backflip on backflip"],"gold_per_floor":[115,65,65,85,160,160,174,207,207,60,74,40,52,52,52,154,154,173,192,40,40,40,40],"floor_reached":22,"language":"KOR","playtime":694,"items_purged":[],"score":285,"play_id":"a64e9239-a7fb-4538-b66e-81d24e51336d","local_time":"20210117202712","is_ascension_mode":true,"campfire_choices":[{"data":"Eruption","floor":6.0,"key":"SMITH"},{"floor":15.0,"key":"REST"}],"circlet_count":0,"master_deck":["AscendersBane","Strike_P","Strike_P","Strike_P","Defend_P","Defend_P","Defend_P","Eruption+1","Vigilance","Adaptation","CutThroughFate","Tantrum","Blasphemy","FearNoEvil","MentalFortress","EmptyBody+1"],"relics":["PureWater","Omamori","Lizard Tail","Mango","Vajra","Sozu","Lantern"],"acts_visited":["Exordium","TheCity"],"potions_floor_usage":[],"damage_taken":[{"damage":2.0,"enemies":"Jaw Worm","floor":1.0,"turns":4.0},{"damage":7.0,"enemies":"2 Louse","floor":4.0,"turns":3.0},{"damage":7.0,"enemies":"Small Slimes","floor":7.0,"turns":3.0},{"damage":12.0,"enemies":"Lagavulin","floor":8.0,"turns":5.0},{"damage":7.0,"enemies":"Exordium Wildlife","floor":11.0,"turns":3.0},{"damage":6.0,"enemies":"Looter","floor":13.0,"turns":2.0},{"damage":43.0,"enemies":"The Guardian","floor":16.0,"turns":10.0},{"damage":8.0,"enemies":"Shell Parasite","floor":18.0,"turns":4.0},{"damage":35,"enemies":"2 Thieves","floor":19,"turns":3},{"damage":13,"enemies":"3 Cultists","floor":22,"turns":3}],"seed_played":"-7206251209757013173","potions_obtained":[{"floor":1.0,"key":"Dexterity Potion"},{"floor":16.0,"key":"FearPotion"}],"is_trial":false,"path_per_floor":["M","?","?","M","?","R","M","E","T","$","M","$","M","?","R","B",null,"M","M","$","?","M"],"character_chosen":"WATCHER","items_purchased":["Vajra","MentalFortress","Lantern"],"campfire_rested":1,"item_purchase_floors":[10,12,20],"current_hp_per_floor":[63,63,63,56,45,45,38,26,40,40,33,33,27,20,45,2,65,57,22,22,16,3,3],"gold":40,"neow_bonus":"RANDOM_COMMON_RELIC","is_daily":false,"chose_seed":false,"campfire_upgraded":1,"win_rate":0.0,"timestamp":1610882832,"path_taken":["M","?","?","M","?","R","?","E","T","$","M","$","M","?","R","BOSS","M","M","$","?","M"],"items_purchased_type":["Relic","Card","Relic"],"build_version":"2020-12-22","purchased_purges":0,"victory":false,"max_hp_per_floor":[72,72,72,72,72,72,72,72,86,86,86,86,86,86,86,86,86,86,86,86,86,86,86],"card_choices":[{"not_picked":["Perseverance","ThirdEye"],"picked":"Adaptation","floor":1.0},{"not_picked":["Perseverance","Study"],"picked":"CutThroughFate","floor":4.0},{"not_picked":["JustLucky","ClearTheMind"],"picked":"Tantrum","floor":7.0},{"not_picked":["FlyingSleeves","CarveReality"],"picked":"Blasphemy","floor":8.0},{"not_picked":["Evaluate","CrushJoints"],"picked":"FearNoEvil","floor":11.0},{"not_picked":["Protect","EmptyFist","EmptyMind"],"picked":"SKIP","floor":13.0},{"not_picked":["CutThroughFate","WheelKick","Swivel+1"],"picked":"SKIP","floor":18.0},{"not_picked":["PathToVictory+1","CutThroughFate"],"picked":"EmptyBody+1","floor":19}],"player_experience":704795,"relics_obtained":[{"floor":8.0,"key":"Lizard Tail"},{"floor":9.0,"key":"Mango"}],"event_choices":[{"cards_removed":["Defend_P"],"damage_healed":0.0,"max_hp_gain":0.0,"max_hp_loss":0.0,"gold_gain":0.0,"event_name":"The Cleric","player_choice":"Card Removal","floor":2.0,"gold_loss":50.0,"damage_taken":0.0},{"damage_healed":0.0,"max_hp_gain":0.0,"max_hp_loss":0.0,"gold_gain":0.0,"event_name":"Liars Game","player_choice":"Ignored","floor":3.0,"gold_loss":0.0,"damage_taken":0.0},{"damage_healed":0.0,"max_hp_gain":0.0,"max_hp_loss":0.0,"gold_gain":75.0,"event_name":"World of Goop","player_choice":"Gather Gold","floor":5.0,"gold_loss":0.0,"damage_taken":11.0},{"cards_removed":["Strike_P"],"damage_healed":0.0,"max_hp_gain":0.0,"max_hp_loss":0.0,"gold_gain":0.0,"event_name":"Golden Wing","player_choice":"Card Removal","floor":14.0,"gold_loss":0.0,"damage_taken":7.0},{"damage_healed":0,"gold_gain":0,"player_choice":"","damage_taken":6,"max_hp_gain":0,"max_hp_loss":0,"event_name":"Knowing Skull","floor":21,"potions_obtained":[],"gold_loss":0,"cards_obtained":[]}],"is_beta":false,"boss_relics":[{"not_picked":["Empty Cage","Snecko Eye"],"picked":"Sozu"}],"items_purged_floors":[],"is_endless":false,"potions_floor_spawned":[1,16,18],"killed_by":"3 Cultists","ascension_level":11}}