{"host":"cv77zuuuekizn3ic","time":1610866137,"event":{"mods":["AchievementEnabler","Act Like it!","BaseMod","Gensokyo","Marisa£®ÏF”Í°°ƒß¿Ì…≥£©","Minty Spire (QoL Compilation)","StSLib","Waifu the Spire","everything is the same but u backflip on backflip","slay the spire mod where everything is the same but ironclad has a cowboy hat"],"gold_per_floor":[115,115,27,27,40,80,80,114,126,162,190,202,238,271,283,393,405,432,34,34,34,34,34,75,93,117,156,156,156,156,156],"floor_reached":30,"language":"ZHS","playtime":1464,"items_purged":["Strike_R"],"score":602,"play_id":"915f463f-ab78-403f-a96c-0a441a19b035","local_time":"20210117144857","is_ascension_mode":true,"campfire_choices":[{"data":"Shockwave","floor":7.0,"key":"SMITH"},{"data":"Armaments","floor":12.0,"key":"SMITH"},{"data":"Fire Breathing","floor":15.0,"key":"SMITH"},{"data":"True Grit","floor":23,"key":"SMITH"},{"data":"Burning Pact","floor":29,"key":"SMITH"}],"circlet_count":0,"master_deck":["AscendersBane","Strike_R+1","Strike_R","Strike_R+1","Strike_R","Defend_R","Defend_R","Defend_R","Defend_R","Bash","Burning Pact+1","Shockwave+1","Disarm","Thunderclap","Fire Breathing+1","Twin Strike","Armaments+1","True Grit+1","Writhe","Ghostly Armor","Rage+1"],"relics":["Burning Blood","NeowsBlessing","Golden Idol","Champion Belt","MawBank","Gambling Chip","Runic Dome","OrangePellets","Lantern","HornCleat","Kunai","Nunchaku","The Courier"],"acts_visited":["Exordium","TheCity"],"potions_floor_usage":[24],"damage_taken":[{"damage":0.0,"enemies":"Jaw Worm","floor":1.0,"turns":1.0},{"damage":0.0,"enemies":"2 Louse","floor":5.0,"turns":1.0},{"damage":0.0,"enemies":"Lagavulin","floor":6.0,"turns":1.0},{"damage":54.0,"enemies":"3 Sentries","floor":8.0,"turns":12.0},{"damage":4.0,"enemies":"Small Slimes","floor":10.0,"turns":2.0},{"damage":6.0,"enemies":"Exordium Thugs","floor":11.0,"turns":4.0},{"damage":10.0,"enemies":"Large Slime","floor":13.0,"turns":8.0},{"damage":3.0,"enemies":"3 Louse","floor":14.0,"turns":5.0},{"damage":40.0,"enemies":"Slime Boss","floor":16.0,"turns":9.0},{"damage":9,"enemies":"3 Byrds","floor":18,"turns":7},{"damage":15,"enemies":"Gremlin Leader","floor":24,"turns":9},{"damage":6,"enemies":"Chosen","floor":25,"turns":5},{"damage":18,"enemies":"Book of Stabbing","floor":27,"turns":9},{"damage":40,"enemies":"Gremlin Leader","floor":30,"turns":7}],"seed_played":"3711188337989680729","potions_obtained":[{"floor":1.0,"key":"Ancient Potion"},{"floor":8.0,"key":"Fire Potion"},{"floor":10.0,"key":"Fire Potion"},{"floor":11.0,"key":"FairyPotion"},{"floor":18,"key":"Explosive Potion"}],"is_trial":false,"path_per_floor":["M","?","$","?","M","E","R","E","T","M","M","R","M","M","R","B",null,"M","$","?","$","?","R","E","M","T","E","?","R","E"],"character_chosen":"IRONCLAD","items_purchased":["Shockwave","OrangePellets","Lantern"],"campfire_rested":0,"item_purchase_floors":[3,19,19],"current_hp_per_floor":[74,51,51,51,57,63,63,15,15,17,17,17,13,16,16,9,53,50,50,50,50,50,50,41,41,41,29,29,29,0,0],"gold":156,"neow_bonus":"THREE_ENEMY_KILL","is_daily":false,"chose_seed":false,"campfire_upgraded":5,"win_rate":0.0,"timestamp":1610866137,"path_taken":["M","?","$","?","M","E","R","E","T","M","M","R","M","M","R","BOSS","M","$","?","?","?","R","E","M","T","E","?","R","E"],"items_purchased_type":["Card","Relic","Relic"],"build_version":"2020-12-22","purchased_purges":1,"victory":false,"max_hp_per_floor":[75,75,75,68,68,68,68,68,68,68,68,68,68,68,68,68,68,68,68,68,68,68,68,68,68,68,68,68,68,68,68],"card_choices":[{"not_picked":["Warcry","Iron Wave"],"picked":"Burning Pact","floor":1.0},{"not_picked":["Pummel","Anger"],"picked":"Disarm","floor":5.0},{"not_picked":["Clash","Armaments"],"picked":"Thunderclap","floor":6.0},{"not_picked":["Limit Break","Infernal Blade"],"picked":"Fire Breathing","floor":8.0},{"not_picked":["Sword Boomerang","Havoc"],"picked":"Twin Strike","floor":10.0},{"not_picked":["Cleave","Flex"],"picked":"Armaments","floor":11.0},{"not_picked":["Heavy Blade","Cleave","Rupture"],"picked":"SKIP","floor":13.0},{"not_picked":["Heavy Blade","Headbutt"],"picked":"True Grit","floor":14.0},{"not_picked":["Berserk","Reaper"],"picked":"Brutality","floor":16.0},{"not_picked":["Clash+1","Spot Weakness","Anger"],"picked":"SKIP","floor":18},{"not_picked":["Perfected Strike","Shrug It Off"],"picked":"Ghostly Armor","floor":24},{"not_picked":["Burning Pact","Headbutt","Intimidate"],"picked":"SKIP","floor":25},{"not_picked":["Armaments","Sever Soul"],"picked":"Rage","floor":27}],"player_experience":938312,"relics_obtained":[{"floor":6.0,"key":"Champion Belt"},{"floor":8.0,"key":"MawBank"},{"floor":9.0,"key":"Gambling Chip"},{"floor":26,"key":"Nunchaku"},{"floor":27,"key":"The Courier"}],"event_choices":[{"damage_healed":0.0,"max_hp_gain":0.0,"max_hp_loss":0.0,"gold_gain":0.0,"event_name":"Shining Light","player_choice":"Entered Light","floor":2.0,"gold_loss":0.0,"damage_taken":23.0,"cards_upgraded":["Strike_R","Strike_R"]},{"damage_healed":0.0,"max_hp_gain":0.0,"max_hp_loss":7.0,"gold_gain":0.0,"event_name":"Golden Idol","player_choice":"Lose Max HP","floor":4.0,"gold_loss":0.0,"damage_taken":0.0,"relics_obtained":["Golden Idol"]},{"cards_removed":["Brutality"],"damage_healed":0,"gold_gain":0,"player_choice":"Gave Card","damage_taken":0,"relics_obtained":["HornCleat"],"max_hp_gain":0,"max_hp_loss":0,"event_name":"WeMeetAgain","floor":20,"gold_loss":0},{"damage_healed":0,"gold_gain":0,"player_choice":"Opened","damage_taken":0,"relics_obtained":["Kunai"],"max_hp_gain":0,"max_hp_loss":0,"event_name":"The Mausoleum","floor":22,"gold_loss":0,"cards_obtained":["Writhe"]},{"damage_healed":0,"gold_gain":0,"player_choice":"Upgraded","damage_taken":0,"max_hp_gain":0,"max_hp_loss":0,"event_name":"Upgrade Shrine","floor":28,"gold_loss":0,"cards_upgraded":["Rage"]}],"is_beta":false,"boss_relics":[{"not_picked":["Cursed Key","Tiny House"],"picked":"Runic Dome"}],"items_purged_floors":[19],"is_endless":false,"potions_floor_spawned":[1,8,10,11,18],"killed_by":"Gremlin Leader","ascension_level":20}}