{"host":"b1nkw8hni90dsvue","time":1610868030,"event":{"mods":["ATMod(阿瑾Mod)","Aspiration","BaseMod","Colored Powertips","Good Game Mod","Jedi Mod","Minty Spire (QoL Compilation)","Remove Card Discount Mod","Replay The Spire","RumiaBox-露米娅的神秘盒子","Shop Mod","StSLib","TestMod","noobMod"],"gold_per_floor":[117,117,134,84,107,138,138,174,198,198,223,56,75,95,95,206,206,228,253,60,89,89,135,135,49,49,79,79,105,126,169,169,299,299,325,340,92,135,135,192,192,192,219,247,304,304,330,361,361,409,409,409,23,80,127],"floor_reached":56,"language":"ZHS","playtime":4704,"items_purged":["Strike_G","Defend_G","Strike_G","Defend_G","Well Laid Plans","Strike_G","Defend_G","Strike_G","Defend_G","Strike_G","A Thousand Cuts"],"score":1624,"play_id":"9f66cae9-7c1a-4006-935e-bc9632e9d5ad","local_time":"20210117152030","is_ascension_mode":true,"campfire_choices":[{"floor":7,"key":"RECALL"},{"data":"testmod-FightingIntention","floor":24,"key":"SMITH"},{"data":"Outmaneuver","floor":28,"key":"SMITH"},{"floor":32,"key":"DIG"},{"data":"Madness","floor":41,"key":"SMITH"},{"data":"Madness","floor":49,"key":"SMITH"},{"data":"Tools of the Trade","floor":52,"key":"SMITH"}],"circlet_count":0,"master_deck":["AT_EssenceShift","testmod-FightingIntention+1","Dagger Throw","Flying Knee","Deflect","Cloak And Dagger+1","Noxious Fumes","Blade Dance","jedi:studyshivs+1","Infinite Blades","Underhanded Strike","Outmaneuver+1","AT_KingSlayer+1","Flying Knee","Underhanded Strike+1","Prepared","Backflip+1","Tools of the Trade+1","jedi:studyshivs","jedi:unstablefumes+1","AT_FocusSwordFire+1","Madness+1","Madness+1","Survey Options","Outmaneuver+1","Prepared+1","Calculated Gamble+1","Fluid Movement+1"],"relics":["Ring of the Snake","testmod-TestBox","AT_ATBox","REME:ComplimentaryCards","ice","testmod-Acrobat","AT_ChloranthyRing","Boot","Happy Flower","MerchantsRug","Honey Jar","Anchor","Guide Book","AT_LudenTempest","Replay:Bottled Flurry","testmod-SaigiyounoYou","testmod-TheFather","Tingsha","Dream Catcher","Bag of Marbles","testmod-TestBox","testmod-TurbochargingSystem","Sling","Lantern"],"acts_visited":["Exordium","TheCity","TheBeyond","TheEnding"],"potions_floor_usage":[8,50,50,50,55],"damage_taken":[{"damage":0,"enemies":"Cultist","floor":1,"turns":5},{"damage":6,"enemies":"2 Louse","floor":3,"turns":3},{"damage":0,"enemies":"Jaw Worm","floor":5,"turns":3},{"damage":36,"enemies":"3 Sentries","floor":6,"turns":8},{"damage":30,"enemies":"Lagavulin","floor":8,"turns":9},{"damage":17,"enemies":"Gremlin Gang","floor":11,"turns":5},{"damage":0,"enemies":"Exordium Wildlife","floor":13,"turns":4},{"damage":7,"enemies":"Blue Slaver","floor":14,"turns":4},{"damage":9,"enemies":"Hexaghost","floor":16,"turns":8},{"damage":0,"enemies":"Chosen","floor":18,"turns":5},{"damage":5,"enemies":"3 Byrds","floor":19,"turns":4},{"damage":5,"enemies":"Snake Plant","floor":21,"turns":4},{"damage":25,"enemies":"Book of Stabbing","floor":23,"turns":5},{"damage":6,"enemies":"Centurion and Healer","floor":27,"turns":5},{"damage":6,"enemies":"Snecko","floor":29,"turns":3},{"damage":13,"enemies":"Snake Plant","floor":30,"turns":3},{"damage":2,"enemies":"Gremlin Leader","floor":31,"turns":4},{"damage":11,"enemies":"Pondfish","floor":33,"turns":7},{"damage":0,"enemies":"3 Shapes","floor":35,"turns":3},{"damage":22,"enemies":"Orb Walker","floor":36,"turns":3},{"damage":5,"enemies":"3 Darklings","floor":38,"turns":4},{"damage":36,"enemies":"R_Hoarder","floor":40,"turns":5},{"damage":0,"enemies":"Jaw Worm Horde","floor":44,"turns":1},{"damage":0,"enemies":"Giant Head","floor":45,"turns":4},{"damage":24,"enemies":"Spire Growth","floor":47,"turns":3},{"damage":0,"enemies":"4 Shapes","floor":48,"turns":3},{"damage":65,"enemies":"Awakened One","floor":50,"turns":5},{"damage":0,"enemies":"Shield and Spear","floor":54,"turns":2},{"damage":87,"enemies":"The Heart","floor":55,"turns":6}],"seed_played":"2318876100572103867","potions_obtained":[{"floor":5,"key":"Regen Potion"},{"floor":6,"key":"Strength Potion"},{"floor":14,"key":"Explosive Potion"},{"floor":21,"key":"BlessingOfTheForge"},{"floor":23,"key":"Swift Potion"},{"floor":27,"key":"ColorlessPotion"},{"floor":31,"key":"DuplicationPotion"},{"floor":40,"key":"Fire Potion"},{"floor":44,"key":"Block Potion"},{"floor":45,"key":"jedi:hoardpotion"},{"floor":48,"key":"DistilledChaos"}],"is_trial":false,"path_per_floor":["M","T","M","?","M","E","R","E","T","?","M","$","M","M","R","B",null,"M","M","$","M","?","E","R","$","T","M","R","M","M","E","R","B",null,"M","M","$","M","?","E","R","?","T","M","E","?","M","M","R","B",null,"R","$","E","B",null],"character_chosen":"THE_SILENT","items_purchased":["MerchantsRug","Anchor","Underhanded Strike","Guide Book","testmod-TheFather","testmod-TurbochargingSystem","Sling","LiquidBronze"],"campfire_rested":0,"item_purchase_floors":[12,20,20,25,37,53,53,53],"current_hp_per_floor":[77,77,71,71,71,35,35,20,20,25,8,8,8,1,25,16,82,82,77,77,72,72,54,54,54,54,48,48,42,29,27,27,16,89,89,70,70,89,78,67,67,67,67,89,89,89,87,89,89,89,89,89,89,89,81],"gold":127,"neow_bonus":"TEN_PERCENT_HP_BONUS","is_daily":false,"chose_seed":false,"campfire_upgraded":5,"win_rate":0.0,"timestamp":1610868030,"path_taken":["M","?","M","?","M","E","R","E","T","?","M","$","M","M","R","BOSS","M","M","$","M","?","E","R","$","T","M","R","?","M","E","R","BOSS","M","M","$","M","?","E","R","?","T","M","E","?","M","M","R","BOSS","R","$","E","BOSS"],"items_purchased_type":["Relic","Relic","Card","Relic","Relic","Relic","Relic","Potion"],"build_version":"2020-12-22","purchased_purges":11,"victory":true,"max_hp_per_floor":[77,77,77,77,77,77,77,77,77,82,82,82,82,82,82,82,82,82,82,82,82,82,89,89,89,89,89,89,89,89,89,89,89,89,89,89,89,89,89,89,89,89,89,89,89,89,89,89,89,89,89,89,89,89,89],"card_choices":[{"not_picked":["PiercingWail","Backflip"],"picked":"Dagger Throw","floor":1},{"not_picked":["Slice","Dagger Spray"],"picked":"Flying Knee","floor":3},{"not_picked":["Sucker Punch","jedi:pocketpoison"],"picked":"Deflect","floor":5},{"not_picked":["Choke","jedi:pocketpoison"],"picked":"Cloak And Dagger","floor":6},{"not_picked":["Sucker Punch","AT_WindFlip"],"picked":"Noxious Fumes","floor":8},{"not_picked":["ReplayTheSpireMod:The Works","Catalyst"],"picked":"Well Laid Plans","floor":11},{"not_picked":["Replay:Poison Smokescreen","Blur","AT_TwilightShroud"],"picked":"SKIP","floor":13},{"not_picked":["Bane","Quick Slash"],"picked":"Blade Dance","floor":14},{"not_picked":["Burst","Poison Darts"],"picked":"jedi:studyshivs","floor":16},{"not_picked":["AT_WindFlip","Slice","Heel Hook"],"picked":"Infinite Blades","floor":18},{"not_picked":["AT_ThistleTea","Hidden Blade","Prepared"],"picked":"Quick Slash+1","floor":19},{"not_picked":["Well Laid Plans","Deadly Poison","Dagger Throw+1"],"picked":"Outmaneuver","floor":21},{"not_picked":["Acrobatics","Blur","Blade Dance"],"picked":"AT_KingSlayer","floor":23},{"not_picked":["Sucker Punch","AT_WindFlip+1","Quick Slash"],"picked":"Flying Knee","floor":27},{"not_picked":["Quick Slash","Dagger Spray","Deadly Poison"],"picked":"Underhanded Strike+1","floor":29},{"not_picked":["Burst","Quick Slash","Backflip"],"picked":"Prepared","floor":30},{"not_picked":["Leg Sweep","Poisoned Stab","Night Terror"],"picked":"Backflip+1","floor":31},{"not_picked":["Doppelganger","ReplayTheSpireMod:From All Sides","Bullet Time"],"picked":"jedi:studyshivs","floor":33},{"not_picked":["Sucker Punch","Cloak And Dagger+1","Masterful Stab+1"],"picked":"jedi:unstablefumes+1","floor":35},{"not_picked":["Slice","AT_WindFlip","Dodge and Roll","Backflip"],"picked":"SKIP","floor":36},{"not_picked":["AT_ShadowStep","PiercingWail+1","Bouncing Flask"],"picked":"AT_FocusSwordFire+1","floor":38},{"not_picked":["Underhanded Strike","Flying Knee","AT_WindFlip","Riddle With Holes"],"picked":"SKIP","floor":40},{"not_picked":["testmod-AdversityCounterattack","Replay:BasicMightCard","Replay:Sssssssssshield"],"picked":"Survey Options","floor":42},{"not_picked":["ReplayTheSpireMod:Exploit Weakness+1","Bouncing Flask+1","AT_WindFlip"],"picked":"Outmaneuver+1","floor":44},{"not_picked":["Sucker Punch+1","PiercingWail+1","Deflect"],"picked":"Prepared+1","floor":45},{"not_picked":["Sucker Punch+1","Backflip","Bane"],"picked":"Calculated Gamble+1","floor":47},{"not_picked":["Flying Knee","Quick Slash+1","AT_WindFlip+1","Bane+1"],"picked":"SKIP","floor":48},{"not_picked":["Prepared","jedi:collectorvenom+1","Well Laid Plans+1"],"picked":"Fluid Movement+1","floor":54}],"player_experience":86516,"relics_obtained":[{"floor":6,"key":"AT_ChloranthyRing"},{"floor":8,"key":"Boot"},{"floor":9,"key":"Happy Flower"},{"floor":23,"key":"Strawberry"},{"floor":26,"key":"AT_LudenTempest"},{"floor":31,"key":"SumBook"},{"floor":32,"key":"Replay:Bottled Flurry"},{"floor":40,"key":"Tingsha"},{"floor":43,"key":"Dream Catcher"},{"floor":45,"key":"Bag of Marbles"},{"floor":54,"key":"Lantern"}],"event_choices":[{"cards_removed":["Defend_G"],"damage_healed":0,"gold_gain":0,"player_choice":"Card Removal","damage_taken":0,"max_hp_gain":0,"max_hp_loss":0,"event_name":"The Cleric","floor":4,"gold_loss":50},{"damage_healed":0,"gold_gain":0,"player_choice":"Donut","damage_taken":0,"max_hp_gain":5,"max_hp_loss":0,"event_name":"Big Fish","floor":10,"gold_loss":0},{"cards_removed":["Quick Slash"],"damage_healed":0,"gold_gain":0,"player_choice":"Purged","damage_taken":0,"max_hp_gain":0,"max_hp_loss":0,"event_name":"Purifier","floor":22,"gold_loss":0},{"damage_healed":0,"gold_gain":0,"player_choice":"Embrace Madness","damage_taken":11,"max_hp_gain":0,"max_hp_loss":0,"event_name":"Winding Halls","floor":39,"gold_loss":0,"cards_obtained":["Madness","Madness"]},{"damage_healed":0,"gold_gain":0,"player_choice":"Memory 1","damage_taken":0,"max_hp_gain":0,"max_hp_loss":0,"event_name":"SensoryStone","floor":42,"gold_loss":0},{"damage_healed":0,"gold_gain":0,"player_choice":"Swap Relic","damage_taken":0,"relics_obtained":["testmod-TestBox"],"max_hp_gain":0,"max_hp_loss":0,"event_name":"给自己的盒子","floor":46,"relics_lost":["SumBook"],"gold_loss":0}],"is_beta":false,"boss_relics":[{"not_picked":["Ectoplasm","testmod-Nine"],"picked":"Honey Jar"},{"not_picked":["AT_MortalBlade","Empty Cage"],"picked":"testmod-SaigiyounoYou"}],"items_purged_floors":[12,12,12,12,12,20,20,20,20,20,37],"is_endless":false,"potions_floor_spawned":[5,6,14,21,23,27,31,40,44,45,48],"ascension_level":1}}