{"host":"dhz33sbo0u8uk8hq","time":1610898884,"event":{"mods":["BaseMod","Colored Map","Minty Spire (QoL Compilation)","StSLib"],"gold_per_floor":[119,219,232,242,252,252,266,266,266,279,279,296,374,186,186,186,186],"floor_reached":16,"language":"ENG","playtime":502,"items_purged":[],"score":94,"play_id":"e2a1395a-c82f-484a-a037-ee29e00871d1","local_time":"20210117225444","is_ascension_mode":false,"campfire_choices":[{"floor":6,"key":"REST"},{"floor":8,"key":"REST"},{"floor":11,"key":"REST"},{"floor":15,"key":"REST"}],"circlet_count":0,"master_deck":["Strike_B","Strike_B","Strike_B","Strike_B","Defend_B","Defend_B","Defend_B","Defend_B","Zap","Dualcast","Hologram","Beam Cell","Streamline","Gash","Meteor Strike","Go for the Eyes","Streamline","Rebound","Stack","Turbo","Compile Driver","Rebound","Streamline"],"relics":["Cracked Core","NeowsBlessing","HornCleat","Orrery"],"acts_visited":["Exordium"],"potions_floor_usage":[],"damage_taken":[{"damage":0,"enemies":"Small Slimes","floor":1,"turns":1},{"damage":0,"enemies":"Cultist","floor":3,"turns":1},{"damage":0,"enemies":"Jaw Worm","floor":4,"turns":1},{"damage":8,"enemies":"Blue Slaver","floor":5,"turns":4},{"damage":13,"enemies":"Lots of Slimes","floor":7,"turns":4},{"damage":7,"enemies":"Exordium Wildlife","floor":10,"turns":5},{"damage":13,"enemies":"Large Slime","floor":12,"turns":6},{"damage":80,"enemies":"Hexaghost","floor":16,"turns":11}],"seed_played":"6943396391696170666","potions_obtained":[{"floor":4,"key":"FocusPotion"},{"floor":7,"key":"Swift Potion"},{"floor":10,"key":"AttackPotion"}],"is_trial":false,"path_per_floor":["M","?","M","M","M","R","M","R","T","M","R","M","?","$","R","B"],"character_chosen":"DEFECT","items_purchased":["Rebound","Orrery"],"campfire_rested":4,"item_purchase_floors":[14,14],"current_hp_per_floor":[75,75,75,75,67,75,62,75,75,68,75,62,62,62,75,0,0],"gold":186,"neow_bonus":"THREE_ENEMY_KILL","is_daily":false,"chose_seed":false,"campfire_upgraded":0,"win_rate":0.0,"timestamp":1610898884,"path_taken":["M","?","M","?","M","R","M","R","T","M","R","M","?","$","R","BOSS"],"items_purchased_type":["Card","Relic"],"build_version":"2020-12-22","purchased_purges":0,"victory":false,"max_hp_per_floor":[75,75,75,75,75,75,75,75,75,75,75,75,75,75,75,75,75],"card_choices":[{"not_picked":["Reprogram","Coolheaded"],"picked":"Hologram","floor":1},{"not_picked":["Hologram","Coolheaded"],"picked":"Beam Cell","floor":3},{"not_picked":["Doom and Gloom","Leap"],"picked":"Streamline","floor":4},{"not_picked":["Chill","Beam Cell"],"picked":"Gash","floor":5},{"not_picked":["Sweeping Beam","Coolheaded"],"picked":"Meteor Strike","floor":7},{"not_picked":["Redo","Cold Snap"],"picked":"Go for the Eyes","floor":10},{"not_picked":["Hologram","Sunder"],"picked":"Streamline","floor":12},{"not_picked":["Redo","Biased Cognition"],"picked":"Stack","floor":14},{"not_picked":["Hologram","Force Field"],"picked":"Turbo","floor":14},{"not_picked":["Consume","Double Energy"],"picked":"Compile Driver","floor":14},{"not_picked":["Conserve Battery","Chaos"],"picked":"Rebound","floor":14},{"not_picked":["Reprogram","Redo"],"picked":"Streamline","floor":14}],"player_experience":14888,"relics_obtained":[{"floor":9,"key":"HornCleat"}],"event_choices":[{"damage_healed":0,"gold_gain":100,"player_choice":"Pray","damage_taken":0,"max_hp_gain":0,"max_hp_loss":0,"event_name":"Golden Shrine","floor":2,"gold_loss":0},{"damage_healed":0,"gold_gain":78,"player_choice":"Gained Gold","damage_taken":0,"max_hp_gain":0,"max_hp_loss":0,"event_name":"Golden Wing","floor":13,"gold_loss":0}],"is_beta":false,"boss_relics":[],"items_purged_floors":[],"is_endless":false,"potions_floor_spawned":[4,7,10],"killed_by":"Hexaghost","ascension_level":0}}