{"host":"i0xrm7p89v8es8ob","time":1610858115,"event":{"mods":["ATMod(∞¢Ë™Mod)","Act Like it!","Aspiration","BaseMod","Conspire","Dota2Spire","Hunter ¡‘»À","Minty Spire (QoL Compilation)","MostiFishMod","Pale of the Ancients","Permanent Neow","Quick Restart","Relic Stats","Replay The Spire","Spicy Shops","StSLib","The Cursed","The Gatherer","The IronCluck","[IsaacMod]“‘»ˆº‚À˛","vexMod","°æ“≈ŒÔø®≈∆°øREMEMod"],"gold_per_floor":[146,96,115,115,37,37,37,37,37,84,10,10,58,108,108,108,108],"floor_reached":16,"language":"ZHS","playtime":598,"items_purged":[],"score":90,"play_id":"e7a8d8cd-5467-421f-be59-54a294c2cecf","local_time":"20210117123515","is_ascension_mode":false,"campfire_choices":[{"data":"AT_WindFlip","floor":6.0,"key":"SMITH"},{"data":"Backflip Giant","floor":8.0,"key":"SMITH"},{"data":"Ready_Giant","floor":12.0,"key":"SMITH"},{"data":"GremlinTsunderePetCall","floor":15.0,"key":"SMITH"}],"circlet_count":0,"master_deck":["Strike_Giant","Strike_Giant","Defend_Giant","Defend_Giant","Defend_Giant","CultistPetCall","EagleFirst","EagleFirst","EagleSecond","EpicFetus","MostiFishMod:Neurotoxin","AT_WindFlip+1","Meditate Giant","Backflip Giant+1","Ready_Giant+1","Random Death Rattle","GremlinTsunderePetCall+1"],"relics":["GiantSoulBox","REME_ComplimentaryCards","AT_ATBox","HushsDoor","DaveBox","Leech","HollowDreamFlower","aspiration:Nostalgia","Replay:M_StaffOfTheSnake","SynthV:TestCard","REME_CardOfGreed","Dota2Spire:HandOfMidas","AT_SunfireAegis"],"acts_visited":["Exordium"],"potions_floor_usage":[],"damage_taken":[{"damage":0.0,"enemies":"Small Slimes","floor":1.0,"turns":1.0},{"damage":1.0,"enemies":"Cultist","floor":3.0,"turns":3.0},{"damage":10.0,"enemies":"conspire:RoseBush","floor":10.0,"turns":1.0},{"damage":10.0,"enemies":"Looter","floor":13.0,"turns":2.0},{"damage":16.0,"enemies":"Exordium Thugs","floor":14.0,"turns":3.0},{"damage":0,"enemies":"Fading Forest","floor":16,"turns":1}],"seed_played":"-5272815302264613569","potions_obtained":[{"floor":1.0,"key":"LiquidMemories"},{"floor":10.0,"key":"Weak Potion"},{"floor":14.0,"key":"Explosive Potion"}],"is_trial":false,"path_per_floor":["M","?","M","?","$","R","$","R","T","M","$","R","M","M","R","B"],"character_chosen":"Giant","items_purchased":["REME_CardOfGreed","AT_SunfireAegis"],"campfire_rested":0,"item_purchase_floors":[5,11],"current_hp_per_floor":[65,65,64,64,64,64,64,64,64,55,55,55,56,51,51,55,55],"gold":108,"neow_bonus":"NOSTALGIA","is_daily":false,"chose_seed":false,"campfire_upgraded":4,"win_rate":0.0,"timestamp":1610858115,"path_taken":["M","?","?","?","?","R","?","R","T","M","$","R","?","M","R","BOSS"],"items_purchased_type":["Relic","Relic"],"build_version":"2020-12-22","purchased_purges":0,"victory":false,"max_hp_per_floor":[65,65,65,65,65,65,65,65,65,65,65,65,70,70,70,70,70],"relic_stats":{"counters":[6,11],"obtain_stats":[{"KeepersGift":0,"Dota2Spire:HandOfMidas":9,"AT_ATBox":0,"Replay:M_StaffOfTheSnake":0,"DaveBox":0,"aspiration:Nostalgia":0,"Leech":0,"SynthV:TestCard":1,"GiantSoulBox":0,"REME_CardOfGreed":5,"AT_SunfireAegis":11,"HushsDoor":0,"HollowDreamFlower":0,"REME_ComplimentaryCards":0},{"KeepersGift":0,"Dota2Spire:HandOfMidas":2,"AT_ATBox":0,"Replay:M_StaffOfTheSnake":0,"DaveBox":0,"aspiration:Nostalgia":0,"Leech":0,"SynthV:TestCard":1,"GiantSoulBox":0,"REME_CardOfGreed":2,"AT_SunfireAegis":3,"HushsDoor":0,"HollowDreamFlower":0,"REME_ComplimentaryCards":0},{"KeepersGift":0,"Dota2Spire:HandOfMidas":4,"AT_ATBox":0,"Replay:M_StaffOfTheSnake":0,"DaveBox":0,"aspiration:Nostalgia":0,"Leech":0,"SynthV:TestCard":1,"GiantSoulBox":0,"REME_CardOfGreed":4,"AT_SunfireAegis":5,"HushsDoor":0,"HollowDreamFlower":0,"REME_ComplimentaryCards":0}]},"card_choices":[{"not_picked":[],"picked":"EpicFetus","floor":0.0},{"not_picked":["Combo Defend","JustLucky"],"picked":"Meditate Giant","floor":1.0},{"not_picked":["Outmaneuver","Phantasmal Killer","Rupture Giant","Well Laid Plans"],"picked":"Backflip Giant","floor":3.0},{"not_picked":["Struggle Attack","Acrobatics","SashWhip","Bomb"],"picked":"Ready_Giant","floor":10.0},{"not_picked":["Calmness Giant","Backflip Giant","Heal Wind","Flying Knee"],"picked":"Random Death Rattle","floor":13.0},{"not_picked":["Backflip Giant","Protect_Giant","ClearTheMind","Phantasmal Killer"],"picked":"GremlinTsunderePetCall","floor":14.0}],"player_experience":61529,"relics_obtained":[{"floor":1.0,"key":"SynthV:TestCard"},{"floor":9.0,"key":"Dota2Spire:HandOfMidas"}],"event_choices":[{"cards_removed":["Defend_Giant"],"damage_healed":0.0,"max_hp_gain":0.0,"max_hp_loss":0.0,"gold_gain":0.0,"event_name":"The Cleric","player_choice":"Card Removal","floor":2.0,"gold_loss":50.0,"damage_taken":0.0},{"damage_healed":0.0,"max_hp_gain":0.0,"max_hp_loss":0.0,"gold_gain":0.0,"event_name":"conspire:LoneGhost","player_choice":"Disagree","floor":4.0,"gold_loss":0.0,"damage_taken":0.0}],"is_beta":false,"boss_relics":[],"items_purged_floors":[],"is_endless":false,"potions_floor_spawned":[1,10,14],"killed_by":"Fading Forest","ascension_level":0}}