{"host":"wud4w7nw8qmq6f33","time":1610859299,"event":{"mods":["2.2 Compatiblity","Act Like it!","BaseMod","Better Third Choice","BetterRewards","Colored Map","Colored Powertips","Energized Spire","Gremlin Skip","Minty Spire (QoL Compilation)","Permanent Neow","Quick Restart","Rare Cards Sparkle","StSLib","The Bug Knight","everything is the same but u backflip on backflip","slay the spire mod where everything is the same but ironclad has a cowboy hat"],"gold_per_floor":[118,131,131,131,147,182,182,193,193,209,235,235,4,4,4,4,4],"floor_reached":16,"language":"ENG","playtime":665,"items_purged":["Defend_B"],"score":110,"play_id":"7c31496f-e78f-4104-ae8c-e59100be2ec8","local_time":"20210116235459","is_ascension_mode":false,"campfire_choices":[{"data":"Hologram","floor":7,"key":"SMITH"},{"data":"Genetic Algorithm","floor":12,"key":"SMITH"},{"floor":15,"key":"REST"}],"circlet_count":0,"master_deck":["Strike_B+1","Strike_B+1","Strike_B","Strike_B","Defend_B","Defend_B","Defend_B","Zap+1","Dualcast+1","Glacier","Cold Snap+1","Hologram+1","Genetic Algorithm+1","Redo"],"relics":["Cracked Core","Bag of Preparation","Whetstone","Vajra","White Beast Statue","Membership Card"],"acts_visited":["Exordium"],"potions_floor_usage":[11],"damage_taken":[{"damage":0,"enemies":"Small Slimes","floor":1,"turns":2},{"damage":2,"enemies":"Cultist","floor":2,"turns":4},{"damage":1,"enemies":"Jaw Worm","floor":5,"turns":4},{"damage":18,"enemies":"Gremlin Nob","floor":6,"turns":5},{"damage":5,"enemies":"Exordium Wildlife","floor":8,"turns":5},{"damage":1,"enemies":"Red Slaver","floor":10,"turns":3},{"damage":14,"enemies":"3 Sentries","floor":11,"turns":5},{"damage":29,"enemies":"Slime Boss","floor":16,"turns":7}],"seed_played":"-1110028445909667429","potions_obtained":[{"floor":1,"key":"Explosive Potion"},{"floor":6,"key":"PotionOfCapacity"},{"floor":8,"key":"Weak Potion"}],"is_trial":false,"path_per_floor":["M","M","?","?","M","E","R","M","T","M","E","R","$","?","R","B"],"character_chosen":"DEFECT","items_purchased":["Membership Card"],"campfire_rested":1,"item_purchase_floors":[13],"current_hp_per_floor":[75,73,78,78,77,59,59,54,54,53,39,39,39,23,47,18,18],"gold":4,"neow_bonus":"RANDOM_COMMON_RELIC","is_daily":false,"chose_seed":false,"campfire_upgraded":2,"win_rate":0.0,"timestamp":1610859299,"path_taken":["M","M","?","?","M","E","R","M","T","?","E","R","$","?","R","BOSS"],"items_purchased_type":["Relic"],"build_version":"2020-12-22","purchased_purges":1,"victory":false,"max_hp_per_floor":[75,75,80,80,80,80,80,80,80,80,80,80,80,80,80,80,80],"card_choices":[{"not_picked":["Ball Lightning","Go for the Eyes"],"picked":"Glacier","floor":1},{"not_picked":["Heatsinks","Beam Cell"],"picked":"Cold Snap","floor":2},{"not_picked":["Force Field","Glacier"],"picked":"Hologram","floor":5},{"not_picked":["Beam Cell","Sweeping Beam","Streamline"],"picked":"SKIP","floor":6},{"not_picked":["Consume","Static Discharge","Glacier"],"picked":"SKIP","floor":8},{"not_picked":["Compile Driver","Cold Snap"],"picked":"Genetic Algorithm","floor":10},{"not_picked":["Go for the Eyes","FTL"],"picked":"Redo","floor":11}],"player_experience":609877,"relics_obtained":[{"floor":6,"key":"Whetstone"},{"floor":9,"key":"Vajra"},{"floor":11,"key":"White Beast Statue"}],"event_choices":[{"damage_healed":0,"gold_gain":0,"player_choice":"Donut","damage_taken":0,"max_hp_gain":5,"max_hp_loss":0,"event_name":"Big Fish","floor":3,"gold_loss":0},{"damage_healed":0,"gold_gain":0,"player_choice":"Upgraded","damage_taken":0,"max_hp_gain":0,"max_hp_loss":0,"event_name":"Upgrade Shrine","floor":4,"gold_loss":0,"cards_upgraded":["Zap"]},{"damage_healed":39,"gold_gain":0,"player_choice":"Upgrade","damage_taken":16,"max_hp_gain":0,"max_hp_loss":80,"event_name":"betterThird:BetterShining","floor":14,"gold_loss":0,"cards_upgraded":["Strike_B","Dualcast"]}],"is_beta":false,"boss_relics":[],"items_purged_floors":[13],"is_endless":false,"potions_floor_spawned":[1,6,8],"killed_by":"Slime Boss","ascension_level":0}}