{"host":"fdq5pmhluajjrf8d","time":1610905675,"event":{"mods":["BaseMod","Minty Spire (QoL Compilation)"],"gold_per_floor":[112,127,127,138,150,175,190,190,242,257,257,273,110,110,110,182,182,195,207,207,217,236,236,270,65,88,88,88],"floor_reached":27,"language":"ENG","playtime":1265,"items_purged":[],"score":474,"play_id":"2f61ce5f-4c9f-4a55-9430-60a0b58683ce","local_time":"20210117124755","is_ascension_mode":true,"campfire_choices":[{"floor":11,"key":"REST"},{"floor":15,"key":"REST"},{"floor":23,"key":"REST"}],"circlet_count":0,"master_deck":["AscendersBane","Strike_B","Strike_B","Strike_B","Strike_B","Defend_B","Defend_B","Defend_B","Defend_B","Zap","Dualcast","Genetic Algorithm","Sweeping Beam","Storm+1","Defragment","Redo","Static Discharge","Buffer","Redo","Force Field","Ball Lightning","Loop+1","Self Repair"],"relics":["Cracked Core","GremlinMask","Toy Ornithopter","Oddly Smooth Stone","DataDisk","Cables","Nuclear Battery","Ornamental Fan","Membership Card","Omamori"],"acts_visited":["Exordium","TheCity"],"potions_floor_usage":[5,6,16,21],"damage_taken":[{"damage":0,"enemies":"2 Louse","floor":1,"turns":3},{"damage":1,"enemies":"Cultist","floor":2,"turns":4},{"damage":4,"enemies":"Jaw Worm","floor":4,"turns":4},{"damage":0,"enemies":"Large Slime","floor":5,"turns":4},{"damage":25,"enemies":"Lagavulin","floor":6,"turns":7},{"damage":40,"enemies":"Lots of Slimes","floor":7,"turns":4},{"damage":23,"enemies":"Exordium Thugs","floor":10,"turns":5},{"damage":12,"enemies":"Large Slime","floor":12,"turns":6},{"damage":18,"enemies":"The Guardian","floor":16,"turns":9},{"damage":17,"enemies":"Shell Parasite","floor":18,"turns":5},{"damage":0,"enemies":"Chosen","floor":19,"turns":4},{"damage":17,"enemies":"Centurion and Healer","floor":21,"turns":7},{"damage":31,"enemies":"Chosen and Byrds","floor":22,"turns":5},{"damage":31,"enemies":"Book of Stabbing","floor":24,"turns":5},{"damage":18,"enemies":"Shelled Parasite and Fungi","floor":27,"turns":2}],"seed_played":"-7029103370861577344","potions_obtained":[{"floor":1,"key":"BlessingOfTheForge"},{"floor":2,"key":"Energy Potion"},{"floor":7,"key":"Ancient Potion"},{"floor":12,"key":"Energy Potion"},{"floor":19,"key":"Regen Potion"},{"floor":24,"key":"Ancient Potion"}],"is_trial":false,"path_per_floor":["M","M","?","M","M","E","M","?","T","M","R","M","$","T","R","B",null,"M","M","?","M","M","R","E","$","T","M"],"character_chosen":"DEFECT","items_purchased":["DataDisk","Membership Card","Self Repair"],"campfire_rested":3,"item_purchase_floors":[13,25,25],"current_hp_per_floor":[71,70,70,66,66,41,1,27,27,4,27,15,15,15,38,25,65,48,48,48,51,20,43,12,12,12,0,0],"gold":88,"neow_bonus":"TEN_PERCENT_HP_BONUS","is_daily":false,"chose_seed":false,"campfire_upgraded":0,"win_rate":0.0,"timestamp":1610905675,"path_taken":["M","M","?","M","?","E","M","?","T","M","R","M","$","?","R","BOSS","M","M","?","M","?","R","E","$","T","M"],"items_purchased_type":["Relic","Relic","Card"],"build_version":"2020-12-22","purchased_purges":0,"victory":false,"max_hp_per_floor":[78,78,78,78,78,78,78,78,78,78,78,78,78,78,78,78,78,78,78,78,78,78,78,78,78,78,78,78],"card_choices":[{"not_picked":["Streamline","Tempest"],"picked":"Genetic Algorithm","floor":1},{"not_picked":["Steam Power","Aggregate"],"picked":"Sweeping Beam","floor":2},{"not_picked":["Tempest","Aggregate"],"picked":"Storm","floor":4},{"not_picked":["Leap","Undo","Auto Shields"],"picked":"SKIP","floor":5},{"not_picked":["Go for the Eyes","Aggregate"],"picked":"Defragment","floor":6},{"not_picked":["Steam Power","Genetic Algorithm"],"picked":"Redo","floor":7},{"not_picked":["Barrage","Steam Power"],"picked":"Static Discharge","floor":10},{"not_picked":["Redo","Sweeping Beam","Cold Snap"],"picked":"SKIP","floor":12},{"not_picked":["All For One","Fission"],"picked":"Buffer","floor":16},{"not_picked":["Aggregate","Gash"],"picked":"Redo","floor":18},{"not_picked":["Barrage+1","Hello World"],"picked":"Force Field","floor":19},{"not_picked":["Leap","Go for the Eyes"],"picked":"Ball Lightning","floor":21},{"not_picked":["Conserve Battery+1","Coolheaded","Stack"],"picked":"SKIP","floor":22},{"not_picked":["Coolheaded","Multi-Cast"],"picked":"Loop+1","floor":24}],"player_experience":1923409,"relics_obtained":[{"floor":6,"key":"Toy Ornithopter"},{"floor":9,"key":"Oddly Smooth Stone"},{"floor":14,"key":"Cables"},{"floor":24,"key":"Ornamental Fan"},{"floor":26,"key":"Omamori"}],"event_choices":[{"damage_healed":0,"gold_gain":0,"player_choice":"Trade","damage_taken":0,"relics_obtained":["GremlinMask"],"max_hp_gain":0,"max_hp_loss":0,"event_name":"FaceTrader","floor":3,"gold_loss":0},{"damage_healed":26,"gold_gain":0,"player_choice":"Banana","damage_taken":0,"max_hp_gain":0,"max_hp_loss":0,"event_name":"Big Fish","floor":8,"gold_loss":0},{"damage_healed":0,"gold_gain":0,"player_choice":"Forge","damage_taken":0,"max_hp_gain":0,"max_hp_loss":0,"event_name":"Accursed Blacksmith","floor":20,"gold_loss":0,"cards_upgraded":["Storm"]}],"is_beta":false,"boss_relics":[{"not_picked":["Runic Dome","Philosopher\u0027s Stone"],"picked":"Nuclear Battery"}],"items_purged_floors":[],"is_endless":false,"potions_floor_spawned":[1,2,7,12,19,24],"killed_by":"Shelled Parasite and Fungi","ascension_level":20}}