{"host":"bgq1kh73gni2z7sn","time":1610899789,"event":{"mods":["BaseMod","Block Reminder","Highlight Path","Infinite Spire","Minty Spire (QoL Compilation)","Quick Restart","StSLib"],"gold_per_floor":[115,115,180,198,212,212,246,318,318,395,445,140,209,259,259,358,358,377,83,156,173,191,191,191],"floor_reached":23,"language":"SPA","playtime":846,"items_purged":[],"score":229,"play_id":"344e3862-5502-48c0-b2ba-11d583ad4788","local_time":"20210117170949","is_ascension_mode":true,"campfire_choices":[{"data":"Inflame","floor":6,"key":"SMITH"},{"floor":15,"key":"REST"}],"circlet_count":0,"master_deck":["Strike_R+1","Strike_R+1","Strike_R","Strike_R","Strike_R","Defend_R","Defend_R","Defend_R","Defend_R","Bash","Pommel Strike","Flex","Inflame+1","Cleave","Offering","Spot Weakness","Thunderclap","Twin Strike","Disarm","Juggernaut","Heavy Blade","Heavy Blade","Shockwave"],"relics":["Burning Blood","Tiny Chest","SsserpentHead","Whetstone","Odd Mushroom","Singing Bowl","Dream Catcher","PreservedInsect","OrangePellets","Smiling Mask","Philosopher\u0027s Stone","Ice Cream","Oddly Smooth Stone"],"acts_visited":["Exordium","TheCity"],"potions_floor_usage":[7,7,13,16,22],"damage_taken":[{"damage":7,"enemies":"Jaw Worm","floor":1,"turns":3},{"damage":20,"enemies":"infinitespire:Voidling","floor":3,"turns":3},{"damage":8,"enemies":"2 Louse","floor":4,"turns":4},{"damage":7,"enemies":"Looter","floor":5,"turns":3},{"damage":35,"enemies":"Lagavulin","floor":7,"turns":4},{"damage":24,"enemies":"The Mushroom Lair","floor":8,"turns":3},{"damage":6,"enemies":"Exordium Wildlife","floor":13,"turns":2},{"damage":50,"enemies":"The Guardian","floor":16,"turns":6},{"damage":33,"enemies":"Shell Parasite","floor":18,"turns":4},{"damage":12,"enemies":"Spheric Guardian","floor":21,"turns":3},{"damage":46,"enemies":"Snake Plant","floor":22,"turns":4},{"damage":8,"enemies":"Gremlin Leader","floor":23,"turns":2}],"seed_played":"3789887634556128230","potions_obtained":[{"floor":1,"key":"BloodPotion"},{"floor":3,"key":"GamblersBrew"},{"floor":4,"key":"SkillPotion"},{"floor":8,"key":"BloodPotion"},{"floor":18,"key":"Swift Potion"}],"is_trial":false,"path_per_floor":["M","?","M","M","M","R","E","?","T","T","?","$","M","T","R","B",null,"M","$","T","M","M","E"],"character_chosen":"IRONCLAD","items_purchased":["PreservedInsect","Thunderclap","OrangePellets","Ice Cream"],"campfire_rested":1,"item_purchase_floors":[12,12,12,19],"current_hp_per_floor":[79,79,70,68,67,67,54,36,36,36,36,36,52,52,76,32,80,53,53,53,47,7,0,0],"gold":191,"neow_bonus":"RANDOM_COMMON_RELIC","is_daily":false,"chose_seed":false,"campfire_upgraded":1,"win_rate":0.0,"timestamp":1610899789,"path_taken":["M","?","?","M","M","R","E","?","T","?","?","?","?","?","R","BOSS","M","$","?","M","M","E"],"items_purchased_type":["Relic","Card","Relic","Relic"],"build_version":"2020-12-22","purchased_purges":0,"victory":false,"max_hp_per_floor":[80,80,80,80,80,80,80,80,80,80,80,80,80,80,80,80,80,80,80,80,80,80,80,80],"card_choices":[{"not_picked":["Sword Boomerang","Entrench"],"picked":"Pommel Strike","floor":1},{"not_picked":["Wild Strike","Uppercut"],"picked":"Flex","floor":3},{"not_picked":["Clothesline","Combust"],"picked":"Inflame","floor":4},{"not_picked":["Havoc","Fiend Fire"],"picked":"Cleave","floor":5},{"not_picked":["Body Slam","Perfected Strike"],"picked":"Offering","floor":7},{"not_picked":["Pommel Strike","Armaments"],"picked":"Spot Weakness","floor":8},{"not_picked":["Evolve","Clothesline"],"picked":"Twin Strike","floor":13},{"not_picked":["Warcry","True Grit"],"picked":"Disarm","floor":15},{"not_picked":["Barricade","Exhume"],"picked":"Juggernaut","floor":16},{"not_picked":["Power Through","Clothesline"],"picked":"Heavy Blade","floor":18},{"not_picked":["Sentinel","True Grit"],"picked":"Heavy Blade","floor":21},{"not_picked":["Clothesline","Spot Weakness"],"picked":"Shockwave","floor":22}],"player_experience":103800,"relics_obtained":[{"floor":7,"key":"Whetstone"},{"floor":8,"key":"Odd Mushroom"},{"floor":9,"key":"Singing Bowl"},{"floor":10,"key":"Dream Catcher"},{"floor":14,"key":"Smiling Mask"},{"floor":20,"key":"Oddly Smooth Stone"}],"event_choices":[{"damage_healed":0,"gold_gain":0,"player_choice":"Trade","damage_taken":0,"relics_obtained":["SsserpentHead"],"max_hp_gain":0,"max_hp_loss":0,"event_name":"FaceTrader","floor":2,"gold_loss":0},{"damage_healed":0,"gold_gain":0,"player_choice":"Fought Mushrooms","damage_taken":0,"max_hp_gain":0,"max_hp_loss":0,"event_name":"Mushrooms","floor":8,"gold_loss":0},{"damage_healed":0,"gold_gain":0,"player_choice":"Ignored","damage_taken":0,"max_hp_gain":0,"max_hp_loss":0,"event_name":"Liars Game","floor":11,"gold_loss":0}],"is_beta":false,"boss_relics":[{"not_picked":["SacredBark","Cursed Key"],"picked":"Philosopher\u0027s Stone"}],"items_purged_floors":[],"is_endless":false,"potions_floor_spawned":[1,3,4,8,18],"killed_by":"Gremlin Leader","ascension_level":4}}