{"host":"vyjryxuuuxkt43k4","time":1610902044,"event":{"mods":["AchievementEnabler","BaseMod","Colored Map","DeckTracker","Keyboard Shortcuts","Minty Spire (QoL Compilation)","Permanent Neow","Quick Restart","StSLib","SuperFastMode","everything is the same but u backflip on backflip"],"gold_per_floor":[113,126,51,151,168,200,215,241,266,1,14,29,29,29,29,126,126,138,154,8,21,56,91,91,121,199,199,214,214,214,229,229,229,229],"floor_reached":33,"language":"KOR","playtime":1208,"items_purged":["Defend_P","Injury"],"score":382,"play_id":"4fd79876-ccdc-47d6-bf5c-9c3c1c4d0194","local_time":"20210118014724","is_ascension_mode":true,"campfire_choices":[{"floor":15.0,"key":"REST"},{"floor":24.0,"key":"REST"},{"data":"Eruption","floor":29.0,"key":"SMITH"},{"floor":32.0,"key":"REST"}],"circlet_count":0,"master_deck":["Strike_P","Strike_P","Strike_P","Strike_P","Defend_P","Defend_P+1","Defend_P","Eruption+1","Vigilance","DeceiveReality","Vault","Apotheosis+1","Scrawl","Crescendo+1","InnerPeace+1","Tantrum","Injury","ClearTheMind+1"],"relics":["Cursed Key","Orichalcum","Akabeko","Art of War","Sozu","TheAbacus","Red Mask","Boot","War Paint","White Beast Statue","Enchiridion"],"acts_visited":["Exordium","TheCity"],"potions_floor_usage":[33],"damage_taken":[{"damage":0.0,"enemies":"Cultist","floor":1.0,"turns":3.0},{"damage":4.0,"enemies":"Jaw Worm","floor":2.0,"turns":4.0},{"damage":0.0,"enemies":"Small Slimes","floor":5.0,"turns":3.0},{"damage":8.0,"enemies":"Gremlin Nob","floor":6.0,"turns":4.0},{"damage":9.0,"enemies":"Exordium Wildlife","floor":7.0,"turns":4.0},{"damage":34.0,"enemies":"Lagavulin","floor":8.0,"turns":6.0},{"damage":0.0,"enemies":"Looter","floor":11.0,"turns":2.0},{"damage":4.0,"enemies":"Red Slaver","floor":12.0,"turns":3.0},{"damage":0.0,"enemies":"Slime Boss","floor":16.0,"turns":6.0},{"damage":0.0,"enemies":"Spheric Guardian","floor":18.0,"turns":4.0},{"damage":5.0,"enemies":"3 Byrds","floor":19.0,"turns":6.0},{"damage":12.0,"enemies":"Snecko","floor":21.0,"turns":4.0},{"damage":0.0,"enemies":"Masked Bandits","floor":22.0,"turns":7.0},{"damage":41.0,"enemies":"Gremlin Leader","floor":23.0,"turns":9.0},{"damage":5.0,"enemies":"Book of Stabbing","floor":25.0,"turns":6.0},{"damage":0.0,"enemies":"Snake Plant","floor":28.0,"turns":2.0},{"damage":5.0,"enemies":"Centurion and Healer","floor":31.0,"turns":5.0},{"damage":60,"enemies":"Automaton","floor":33,"turns":7}],"seed_played":"-5819772554673425779","potions_obtained":[{"floor":1.0,"key":"Fire Potion"},{"floor":8.0,"key":"Energy Potion"},{"floor":11.0,"key":"FearPotion"}],"is_trial":false,"path_per_floor":["M","M","$","?","M","E","M","E","T","$","M","M","$","?","R","B",null,"M","M","$","M","?","E","R","E","T","?","M","R","?","M","R","B"],"character_chosen":"WATCHER","items_purchased":["Apotheosis","TheAbacus"],"campfire_rested":3,"item_purchase_floors":[10,20],"current_hp_per_floor":[72,68,68,68,68,60,51,17,17,17,17,13,13,13,34,34,72,72,67,67,55,55,14,35,30,30,30,30,30,14,9,30,0,0],"gold":229,"neow_bonus":"BOSS_RELIC","is_daily":false,"chose_seed":false,"campfire_upgraded":1,"win_rate":0.0,"timestamp":1610902044,"path_taken":["M","M","$","?","M","E","M","E","T","$","?","M","?","?","R","BOSS","M","M","$","M","?","E","R","E","T","?","M","R","?","?","R","BOSS"],"items_purchased_type":["Card","Relic"],"build_version":"2020-12-22","purchased_purges":2,"victory":false,"max_hp_per_floor":[72,72,72,72,72,72,72,72,72,72,72,72,72,72,72,72,72,72,72,72,72,72,72,72,72,72,72,72,72,72,72,72,72,72],"card_choices":[{"not_picked":["ThirdEye","FlyingSleeves"],"picked":"DeceiveReality","floor":1.0},{"not_picked":["Halt","WreathOfFlame","FlyingSleeves"],"picked":"SKIP","floor":2.0},{"not_picked":["Conclude","Protect","SashWhip"],"picked":"SKIP","floor":5.0},{"not_picked":["Omniscience","Wallop","Halt"],"picked":"SKIP","floor":6.0},{"not_picked":["FollowUp","EmptyFist","Sanctity"],"picked":"SKIP","floor":7.0},{"not_picked":["Pray","Prostrate"],"picked":"Vault","floor":8.0},{"not_picked":["JustLucky","EmptyFist","Halt"],"picked":"SKIP","floor":11.0},{"not_picked":["Nirvana","FlyingSleeves","Weave"],"picked":"SKIP","floor":12.0},{"not_picked":["Establishment","Alpha"],"picked":"Scrawl","floor":16.0},{"not_picked":["Protect","Collect","CrushJoints"],"picked":"SKIP","floor":18.0},{"not_picked":["Evaluate","EmptyBody"],"picked":"Crescendo+1","floor":19.0},{"not_picked":["Consecrate","Conclude","PathToVictory"],"picked":"SKIP","floor":21.0},{"not_picked":["Crescendo","PathToVictory+1"],"picked":"InnerPeace+1","floor":22.0},{"not_picked":["Omniscience","FlurryOfBlows","Consecrate"],"picked":"SKIP","floor":23.0},{"not_picked":["FlyingSleeves","Consecrate"],"picked":"Tantrum","floor":25.0},{"not_picked":["BowlingBash+1","ClearTheMind","WreathOfFlame+1"],"picked":"SKIP","floor":28.0},{"not_picked":["JustLucky+1","EmptyFist"],"picked":"ClearTheMind+1","floor":31.0}],"player_experience":425398,"relics_obtained":[{"floor":6.0,"key":"Orichalcum"},{"floor":8.0,"key":"Akabeko"},{"floor":9.0,"key":"Art of War"},{"floor":22.0,"key":"Red Mask"},{"floor":23.0,"key":"Boot"},{"floor":25.0,"key":"War Paint"},{"floor":26.0,"key":"White Beast Statue"},{"floor":30.0,"key":"Enchiridion"}],"event_choices":[{"damage_healed":0.0,"max_hp_gain":0.0,"max_hp_loss":0.0,"gold_gain":100.0,"event_name":"Golden Shrine","player_choice":"Pray","floor":4.0,"gold_loss":0.0,"damage_taken":0.0},{"damage_healed":0.0,"max_hp_gain":0.0,"max_hp_loss":0.0,"gold_gain":0.0,"event_name":"Liars Game","player_choice":"Ignored","floor":14.0,"gold_loss":0.0,"damage_taken":0.0},{"damage_healed":0.0,"max_hp_gain":0.0,"max_hp_loss":0.0,"gold_gain":0.0,"event_name":"Masked Bandits","player_choice":"Fought Bandits","floor":22.0,"gold_loss":0.0,"damage_taken":0.0},{"damage_healed":0.0,"max_hp_gain":0.0,"max_hp_loss":0.0,"gold_gain":0.0,"event_name":"The Mausoleum","player_choice":"Ignored","floor":27.0,"gold_loss":0.0,"damage_taken":0.0},{"damage_healed":0.0,"max_hp_gain":0.0,"max_hp_loss":0.0,"gold_gain":0.0,"event_name":"Cursed Tome","player_choice":"Obtained Book","floor":30.0,"gold_loss":0.0,"damage_taken":16.0}],"is_beta":false,"boss_relics":[{"not_picked":["SacredBark","Runic Dome"],"picked":"Sozu"}],"items_purged_floors":[3,10],"is_endless":false,"potions_floor_spawned":[1,8,11,18,21,22,28,31],"killed_by":"Automaton","ascension_level":2}}