{"host":"farxtl2u8hmkbdo2","time":1610873119,"event":{"mods":["A Magickal Journey","BaseMod","Challenge The Spire","Colored Map","Colored Powertips","Current Relic Mod","Energized Spire","Gremlin Mod","Hubris","Mimic Mod","Minty Spire (QoL Compilation)","Quick Restart","READ ME - Guardian Mod","READ ME - Snecko Mod","StSLib","The Bladedancer","The Bug Knight","The Disciple","The Elementalist","The Factory","The Necromancer","The Runesmith"],"gold_per_floor":[113,124,199,44,62,62,72,84,84,112,112,132,147,68,68,168,168,178,195,42,92,124,159,159,84,84,84,84,84],"floor_reached":28,"language":"SPA","playtime":1538,"items_purged":[],"score":238,"play_id":"cc0e6647-399f-46e8-a716-8a725cb58dab","local_time":"20210117054519","is_ascension_mode":false,"campfire_choices":[{"data":"HollowMod:FocusHealStart","floor":6.0,"key":"SMITH"},{"data":"HollowMod:SlysStrikes","floor":11.0,"key":"SMITH"},{"data":"HollowMod:MantisMark","floor":15.0,"key":"SMITH"},{"data":"HollowMod:SlysStrikes","floor":27,"key":"SMITH"}],"circlet_count":0,"master_deck":["HollowMod:NailStrikeStart","HollowMod:NailStrikeStart","HollowMod:NailStrikeStart","HollowMod:NailStrikeStart","HollowMod:QuickDashStart","HollowMod:QuickDashStart","HollowMod:QuickDashStart","HollowMod:FocusHealStart+1","HollowMod:PogoStrike","HollowMod:PerfectDash","HollowMod:BlackTendrils","HollowMod:QuirrelsAssistance","HollowMod:DoubleDash","HollowMod:PerfectDash","HollowMod:SlysStrikes+1","HollowMod:QuirrelsAssistance","HollowMod:DescendingDark","HollowMod:MantisMark+1","HollowMod:SlysStrikes+1","HollowMod:DescendingDark","HollowMod:BlackTendrils+1","HollowMod:DoubleDash","HollowMod:MantisMark"],"relics":["HollowMod:VesselMask","HollowMod:PaleOreRelic","Anchor","hubris:Metronome","Oddly Smooth Stone","SacredBark","Pen Nib","Red Mask","hubris:BundleOfHerbs","hubris:Towel","Meat on the Bone"],"acts_visited":["Exordium","TheCity"],"potions_floor_usage":[23,23,28,28],"damage_taken":[{"damage":4.0,"enemies":"2 Louse","floor":1.0,"turns":3.0},{"damage":1.0,"enemies":"Cultist","floor":2.0,"turns":3.0},{"damage":0.0,"enemies":"Jaw Worm","floor":5.0,"turns":3.0},{"damage":7.0,"enemies":"Lots of Slimes","floor":7.0,"turns":7.0},{"damage":0.0,"enemies":"Red Slaver","floor":8.0,"turns":2.0},{"damage":1.0,"enemies":"3 Sentries","floor":10.0,"turns":7.0},{"damage":1.0,"enemies":"Blue Slaver","floor":12.0,"turns":5.0},{"damage":0.0,"enemies":"Exordium Wildlife","floor":13.0,"turns":3.0},{"damage":27.0,"enemies":"The Guardian","floor":16.0,"turns":9.0},{"damage":1.0,"enemies":"2 Thieves","floor":18.0,"turns":4.0},{"damage":1.0,"enemies":"3 Byrds","floor":19.0,"turns":3.0},{"damage":34.0,"enemies":"Masked Bandits","floor":22.0,"turns":4.0},{"damage":4,"enemies":"Slavers","floor":23,"turns":4},{"damage":65,"enemies":"Cultist and Chosen","floor":28,"turns":5}],"seed_played":"-831627055200319363","potions_obtained":[{"floor":2.0,"key":"Weak Potion"},{"floor":5.0,"key":"SkillPotion"},{"floor":8.0,"key":"EntropicBrew"},{"floor":12.0,"key":"Fire Potion"},{"floor":16.0,"key":"DuplicationPotion"},{"floor":18.0,"key":"BlessingOfTheForge"},{"floor":22.0,"key":"Block Potion"}],"is_trial":false,"path_per_floor":["M","M","?","$","M","R","M","M","T","E","R","M","M","$","R","B",null,"M","M","$","?","?","E","?","?","T","R","M"],"character_chosen":"THE_BUGKNIGHT","items_purchased":["Anchor","HollowMod:MantisMark","Pen Nib"],"campfire_rested":0,"item_purchase_floors":[4,14,20],"current_hp_per_floor":[75,75,68,68,70,70,75,75,75,75,75,75,75,75,75,58,75,74,73,73,73,45,47,47,47,47,47,0,0],"gold":84,"neow_bonus":"RANDOM_COMMON_RELIC","is_daily":false,"chose_seed":false,"campfire_upgraded":4,"win_rate":0.0,"timestamp":1610873119,"path_taken":["M","M","?","?","?","R","M","M","T","E","R","M","?","?","R","BOSS","M","M","$","?","?","E","?","?","T","R","M"],"items_purchased_type":["Relic","Card","Relic"],"build_version":"2020-12-22","purchased_purges":0,"victory":false,"max_hp_per_floor":[75,75,75,75,75,75,75,75,75,75,75,75,75,75,75,75,75,75,75,75,75,75,75,75,75,75,75,75,75],"card_choices":[{"not_picked":["HollowMod:ShadowDash","HollowMod:InfectedAttack"],"picked":"HollowMod:PerfectDash","floor":1.0},{"not_picked":["HollowMod:ChannelNail","HollowMod:CycloneSlash"],"picked":"HollowMod:BlackTendrils","floor":2.0},{"not_picked":["HollowMod:TaintedHusks","HollowMod:NewGlowingWomb"],"picked":"HollowMod:QuirrelsAssistance","floor":5.0},{"not_picked":["HollowMod:SiblingsSouls","HollowMod:BaldurShell"],"picked":"HollowMod:DoubleDash","floor":7.0},{"not_picked":["HollowMod:DoubleDash","HollowMod:PureNailStrike"],"picked":"HollowMod:PerfectDash","floor":8.0},{"not_picked":["HollowMod:DashSlash","HollowMod:MothsMistake"],"picked":"HollowMod:SlysStrikes","floor":10.0},{"not_picked":["HollowMod:VengefulSpirit","HollowMod:SoulStrike"],"picked":"HollowMod:QuirrelsAssistance","floor":12.0},{"not_picked":["HollowMod:HeavyBlow","HollowMod:SiblingsSouls"],"picked":"HollowMod:DescendingDark","floor":13.0},{"not_picked":["HollowMod:theNailsmith","HollowMod:LifebloodCore"],"picked":"HollowMod:SlysStrikes","floor":16.0},{"not_picked":["HollowMod:CornifersMapStart","HollowMod:GoodIntentions+1"],"picked":"HollowMod:DescendingDark","floor":18.0},{"not_picked":["HollowMod:DescendingDark","HollowMod:InfectionAssault"],"picked":"HollowMod:BlackTendrils+1","floor":19.0},{"not_picked":["HollowMod:SoulSplash","HollowMod:BaldurShell+1"],"picked":"HollowMod:DoubleDash","floor":22.0},{"not_picked":["HollowMod:CoiledNail+1","HollowMod:DoubleDash+1"],"picked":"HollowMod:MantisMark","floor":23}],"player_experience":1853771,"relics_obtained":[{"floor":9.0,"key":"hubris:Metronome"},{"floor":10.0,"key":"Oddly Smooth Stone"},{"floor":22.0,"key":"Red Mask"},{"floor":23,"key":"hubris:BundleOfHerbs"},{"floor":26,"key":"Meat on the Bone"}],"event_choices":[{"damage_healed":0.0,"max_hp_gain":0.0,"max_hp_loss":0.0,"gold_gain":75.0,"event_name":"FaceTrader","player_choice":"Touch","floor":3.0,"gold_loss":0.0,"damage_taken":7.0},{"damage_healed":0.0,"max_hp_gain":0.0,"max_hp_loss":0.0,"gold_gain":0.0,"event_name":"Masked Bandits","player_choice":"Fought Bandits","floor":22.0,"gold_loss":0.0,"damage_taken":0.0},{"cards_removed":["HollowMod:QuickDashStart"],"damage_healed":0,"gold_gain":0,"player_choice":"Gave Gold","damage_taken":0,"max_hp_gain":0,"max_hp_loss":0,"event_name":"Beggar","floor":25,"gold_loss":75}],"is_beta":false,"boss_relics":[{"not_picked":["hubris:BlackHole","energizedSpire:DeadBattery"],"picked":"SacredBark"}],"items_purged_floors":[],"is_endless":false,"potions_floor_spawned":[2,5,8,12,16,18,22],"killed_by":"Cultist and Chosen","ascension_level":0}}