{"host":"fuszjwm6fqgjjp4d","time":1610874390,"event":{"mods":["BaseMod","Bestiary","Colored Map","DeckTracker","Minty Spire (QoL Compilation)","Permanent Neow","Relic Sorter","Relic Stats","StSLib"],"gold_per_floor":[113,124,124,139,289,289,289,289,314,314,1,34,52,85,85,181,181,197,221,127,196,45,45,79,79,79,79,79,79],"floor_reached":28,"language":"ENG","playtime":525,"items_purged":["Strike_B","Strike_B","Strike_B"],"score":484,"play_id":"c40d1d3f-72c1-4cff-b4c5-900c8e8de16e","local_time":"20210117030630","is_ascension_mode":true,"campfire_choices":[{"data":"Loop","floor":6,"key":"SMITH"},{"data":"Zap","floor":8,"key":"SMITH"},{"data":"Tempest","floor":10,"key":"SMITH"},{"data":"White Noise","floor":15,"key":"SMITH"},{"data":"Storm","floor":23,"key":"SMITH"},{"floor":27,"key":"REST"}],"circlet_count":0,"master_deck":["AscendersBane","Strike_B","Defend_B","Defend_B","Defend_B","Defend_B","Zap+1","Dualcast","Tempest+1","Lockon","Loop+1","Echo Form","Biased Cognition","Hologram","White Noise+1","Thunder Strike","Storm+1","Defragment","Static Discharge","Self Repair","Coolheaded","Glacier+1","Necronomicurse"],"relics":["Cracked Core","Blood Vial","Golden Idol","Akabeko","Sling","Art of War","Smiling Mask","Snecko Eye","Kunai","Lantern","Necronomicon","Cables"],"acts_visited":["Exordium","TheCity"],"potions_floor_usage":[4,12,13,16,18,24],"damage_taken":[{"damage":1.0,"enemies":"Cultist","floor":1.0,"turns":3.0},{"damage":7.0,"enemies":"Jaw Worm","floor":2.0,"turns":4.0},{"damage":5,"enemies":"2 Louse","floor":4,"turns":4},{"damage":8,"enemies":"Gremlin Nob","floor":12,"turns":3},{"damage":16,"enemies":"Lots of Slimes","floor":13,"turns":3},{"damage":7,"enemies":"Lagavulin","floor":14,"turns":4},{"damage":19,"enemies":"The Guardian","floor":16,"turns":5},{"damage":0,"enemies":"Chosen","floor":18,"turns":3},{"damage":28,"enemies":"2 Thieves","floor":19,"turns":3},{"damage":12,"enemies":"Book of Stabbing","floor":24,"turns":2},{"damage":27,"enemies":"Slavers","floor":28,"turns":2}],"seed_played":"7952561539799539720","potions_obtained":[{"floor":1.0,"key":"ColorlessPotion"},{"floor":4,"key":"GamblersBrew"},{"floor":12,"key":"LiquidMemories"},{"floor":13,"key":"Swift Potion"},{"floor":16,"key":"DistilledChaos"},{"floor":19,"key":"Swift Potion"}],"is_trial":false,"path_per_floor":["M","M","?","M","?","R","?","R","T","R","$","E","M","E","R","B",null,"M","M","$","T","$","R","E","?","T","R","E"],"character_chosen":"DEFECT","items_purchased":["Sling","Echo Form","Static Discharge","Self Repair","Coolheaded"],"campfire_rested":1,"item_purchase_floors":[11,11,20,22,22],"current_hp_per_floor":[65,60,60,57,57,57,57,57,57,57,57,51,37,32,32,15,52,54,28,28,28,28,28,25,4,4,23,0,0],"gold":79,"neow_bonus":"RANDOM_COMMON_RELIC","is_daily":false,"chose_seed":false,"campfire_upgraded":5,"win_rate":0.0,"timestamp":1610874390,"path_taken":["M","?","?","M","?","R","?","R","T","R","$","E","M","E","R","BOSS","M","M","$","?","$","R","E","?","T","R","E"],"items_purchased_type":["Relic","Card","Card","Card","Card"],"build_version":"2020-12-22","purchased_purges":3,"victory":false,"max_hp_per_floor":[71,71,64,64,64,64,64,64,64,64,64,64,64,64,64,64,64,64,64,64,64,64,64,64,64,64,64,64,64],"relic_stats":{"Blood Vial":22,"counters":[11,35],"Golden Idol":55,"Snecko Eye":[24,17,12,14],"Art of War":[10],"Necronomicon":[0],"Kunai":[0],"Smiling Mask":125,"obtain_stats":[{"Blood Vial":0,"Lantern":24,"Golden Idol":3,"Snecko Eye":17,"Art of War":12,"Necronomicon":25,"Kunai":21,"Cracked Core":0,"Sling":11,"Smiling Mask":14,"Akabeko":9,"Cables":26},{"Blood Vial":0,"Lantern":10,"Golden Idol":2,"Snecko Eye":7,"Art of War":4,"Necronomicon":10,"Kunai":9,"Cracked Core":0,"Sling":3,"Smiling Mask":6,"Akabeko":3,"Cables":10},{"Blood Vial":0,"Lantern":33,"Golden Idol":7,"Snecko Eye":25,"Art of War":14,"Necronomicon":33,"Kunai":31,"Cracked Core":0,"Sling":11,"Smiling Mask":20,"Akabeko":11,"Cables":33}],"Cables":[2,2,0,0,0]},"card_choices":[{"not_picked":["Sweeping Beam","Storm"],"picked":"Tempest","floor":1.0},{"not_picked":["Go for the Eyes","Hologram"],"picked":"Lockon","floor":2.0},{"not_picked":["Beam Cell","Chaos"],"picked":"Loop","floor":4},{"not_picked":["Gash","Undo"],"picked":"Biased Cognition","floor":12},{"not_picked":["Conserve Battery","Genetic Algorithm"],"picked":"Hologram","floor":13},{"not_picked":["Consume","Go for the Eyes"],"picked":"White Noise","floor":14},{"not_picked":["Hyperbeam","Machine Learning"],"picked":"Thunder Strike","floor":16},{"not_picked":["Blizzard","Gash"],"picked":"Storm","floor":18},{"not_picked":["Consume","Hologram"],"picked":"Defragment","floor":19},{"not_picked":["Ball Lightning","White Noise"],"picked":"Glacier+1","floor":24}],"player_experience":1297214,"relics_obtained":[{"floor":9,"key":"Akabeko"},{"floor":12,"key":"Art of War"},{"floor":14,"key":"Smiling Mask"},{"floor":21,"key":"Kunai"},{"floor":24,"key":"Lantern"},{"floor":25,"key":"Necronomicon"},{"floor":26,"key":"Cables"}],"event_choices":[{"damage_healed":0,"gold_gain":0,"player_choice":"Lose Max HP","damage_taken":0,"relics_obtained":["Golden Idol"],"max_hp_gain":0,"max_hp_loss":7,"event_name":"Golden Idol","floor":3,"gold_loss":0},{"damage_healed":0,"gold_gain":150,"player_choice":"AGREE","damage_taken":0,"max_hp_gain":0,"max_hp_loss":0,"event_name":"Liars Game","floor":5,"gold_loss":0,"cards_obtained":["Doubt"]},{"cards_removed":["Doubt"],"damage_healed":0,"gold_gain":0,"player_choice":"Removed Curses","damage_taken":0,"max_hp_gain":0,"max_hp_loss":0,"event_name":"Fountain of Cleansing","floor":7,"gold_loss":0},{"damage_healed":0,"gold_gain":0,"player_choice":"Obtained Book","damage_taken":21,"max_hp_gain":0,"max_hp_loss":0,"event_name":"Cursed Tome","floor":25,"gold_loss":0}],"is_beta":false,"boss_relics":[{"not_picked":["Busted Crown","Philosopher\u0027s Stone"],"picked":"Snecko Eye"}],"items_purged_floors":[11,20,22],"is_endless":false,"potions_floor_spawned":[1,4,12,13,16,19],"killed_by":"Slavers","ascension_level":20}}