{"host":"9tdk3zzhmpo6o3dg","time":1610906032,"event":{"mods":["AchievementEnabler","BaseMod","Downfall","Hermit","Hunter 猎人","Koishi","Marisa（F雨　魔理沙）","Minty Spire (QoL Compilation)","SOS（斯巴达之子）","Shop Mod","StSLib","The Alterego","The Animator","The Cursed","The Hierophant","The Marked","The Servant 0.9.4","WarShipGirlsR/战舰少女R mod","Yuri Mod"],"gold_per_floor":[117,87,99,99,49,49,49,49,49,49,49,73,116,116,116,245,245,260,283,298,298,146,179,179,218,244,244,268,288,288,713,713,843,843,859,883,283,283,303,303,334,355,355,373,373,74,74,112,124,136],"floor_reached":51,"language":"ZHS","playtime":2737,"items_purged":[],"score":879,"play_id":"8690421f-2b14-45f7-a7f3-f4ade04b61b9","local_time":"20210118015352","is_ascension_mode":true,"campfire_choices":[{"data":"Flechettes","floor":6.0,"key":"SMITH"},{"data":"Slice","floor":11.0,"key":"SMITH"},{"floor":15.0,"key":"RECALL"},{"floor":24,"key":"REST"},{"floor":30,"key":"REST"},{"data":"Adrenaline","floor":32,"key":"SMITH"},{"data":"Burst","floor":40,"key":"SMITH"},{"floor":45,"key":"REST"},{"data":"J.A.X.","floor":47,"key":"SMITH"},{"floor":49,"key":"REST"}],"circlet_count":0,"master_deck":["Defend_G","Defend_G","Defend_G","Defend_G","Survivor","Neutralize","Outmaneuver","Flechettes+1","Slice+1","Backflip","Sucker Punch","Burst+1","Dash+1","Flying Knee+1","Slice+1","Acrobatics+1","Flechettes+1","Leg Sweep","J.A.X.+1","Reflex","Acrobatics+1","Adrenaline+1","Heel Hook+1","Terror","Night Terror","Endless Agony+1","Acrobatics+1","PiercingWail+1","Dagger Throw+1","Calculated Gamble+1","Heel Hook+1","Prepared+1","Prepared+1"],"relics":["Ring of the Snake","Dead Branch","Golden Idol","Paper Crane","Bag of Preparation","Astrolabe","Anchor","Snake Skull","Shuriken","Regal Pillow","Old Coin","Pear","Black Star","Tough Bandages","Centennial Puzzle","Orrery","Molten Egg 2","PreservedInsect","Sundial","Membership Card","Thread and Needle","Happy Flower","MawBank"],"acts_visited":["Exordium","TheCity","TheBeyond"],"potions_floor_usage":[16,33,33,33,33,41],"damage_taken":[{"damage":0.0,"enemies":"Small Slimes","floor":1.0,"turns":4.0},{"damage":9.0,"enemies":"Jaw Worm","floor":3.0,"turns":6.0},{"damage":0.0,"enemies":"2 Louse","floor":12.0,"turns":2.0},{"damage":0.0,"enemies":"Lagavulin","floor":13.0,"turns":3.0},{"damage":15,"enemies":"Hexaghost","floor":16,"turns":10},{"damage":5,"enemies":"2 Thieves","floor":18,"turns":4},{"damage":9,"enemies":"3 Byrds","floor":19,"turns":5},{"damage":5,"enemies":"3 Cultists","floor":20,"turns":6},{"damage":18,"enemies":"Gremlin Leader","floor":23,"turns":5},{"damage":15,"enemies":"Book of Stabbing","floor":25,"turns":6},{"damage":3,"enemies":"Chosen and Byrds","floor":28,"turns":3},{"damage":3,"enemies":"Cultist and Chosen","floor":29,"turns":2},{"damage":3,"enemies":"Colosseum Slavers","floor":31,"turns":2},{"damage":3,"enemies":"Colosseum Nobs","floor":31,"turns":2},{"damage":59,"enemies":"Automaton","floor":33,"turns":7},{"damage":3,"enemies":"3 Darklings","floor":35,"turns":2},{"damage":13,"enemies":"3 Shapes","floor":36,"turns":3},{"damage":9,"enemies":"Maw","floor":39,"turns":3},{"damage":3,"enemies":"Giant Head","floor":41,"turns":5},{"damage":6,"enemies":"3 Darklings","floor":42,"turns":3},{"damage":13,"enemies":"4 Shapes","floor":44,"turns":4},{"damage":5,"enemies":"Nemesis","floor":48,"turns":3},{"damage":24,"enemies":"Awakened One","floor":50,"turns":6}],"seed_played":"8080208863827312305","potions_obtained":[{"floor":3.0,"key":"DuplicationPotion"},{"floor":12.0,"key":"SteroidPotion"},{"floor":13.0,"key":"CunningPotion"},{"floor":20,"key":"Guardian:BlockOnCardUsePotion"},{"floor":25,"key":"Swift Potion"},{"floor":28,"key":"EntropicBrew"},{"floor":33,"key":"Fire Potion"},{"floor":48,"key":"SteroidPotion"}],"is_trial":false,"path_per_floor":["M","?","M","$","?","R","?","?","T","?","R","M","E","?","R","B",null,"M","M","M","?","$","E","R","E","T","?","M","M","R","?","R","B",null,"M","M","$","?","M","R","E","M","T","M","R","$","R","E","R","B",null],"character_chosen":"THE_SILENT","items_purchased":["Anchor","Tough Bandages","Centennial Puzzle","Orrery","Membership Card","Thread and Needle"],"campfire_rested":4,"item_purchase_floors":[22,37,37,37,46,46],"current_hp_per_floor":[49,49,40,40,40,40,40,40,40,45,45,45,45,45,45,30,70,65,56,51,51,51,33,54,39,39,39,36,33,69,73,73,14,80,77,64,64,56,47,47,44,38,38,25,64,64,64,59,80,56],"gold":148,"neow_bonus":"ONE_RARE_RELIC","is_daily":false,"chose_seed":false,"campfire_upgraded":5,"win_rate":0.0,"timestamp":1610906032,"path_taken":["M","?","M","$","?","R","?","?","T","?","R","?","E","?","R","BOSS","M","?","?","?","$","E","R","E","T","?","M","M","R","?","R","BOSS","M","M","$","?","M","R","E","?","T","?","R","$","R","E","R","BOSS"],"items_purchased_type":["Relic","Relic","Relic","Relic","Relic","Relic"],"build_version":"2020-12-22","purchased_purges":0,"victory":true,"max_hp_per_floor":[70,70,70,70,70,70,65,65,65,70,70,70,70,70,70,70,70,70,70,70,70,70,70,70,70,70,70,70,70,70,80,80,80,80,80,80,80,80,80,80,80,80,80,80,80,80,80,80,80,80],"card_choices":[{"not_picked":["Flying Knee","Bane"],"picked":"Outmaneuver","floor":1.0},{"not_picked":["Noxious Fumes","Sucker Punch"],"picked":"Flechettes","floor":3.0},{"not_picked":["Slice","Dagger Throw"],"picked":"Backflip","floor":12.0},{"not_picked":["Bouncing Flask","Terror"],"picked":"Sucker Punch","floor":13.0},{"not_picked":["Corpse Explosion","Wraith Form v2"],"picked":"Burst","floor":16},{"not_picked":["Bouncing Flask","Prepared"],"picked":"Acrobatics+1","floor":18},{"not_picked":["Choke+1","Dagger Spray"],"picked":"Flechettes+1","floor":19},{"not_picked":["Flying Knee+1","Accuracy"],"picked":"Leg Sweep","floor":20},{"not_picked":["Caltrops","Slice"],"picked":"Reflex","floor":23},{"not_picked":["Sucker Punch","Expertise"],"picked":"Acrobatics+1","floor":25},{"not_picked":["Acrobatics","Wraith Form v2"],"picked":"Heel Hook+1","floor":28},{"not_picked":["Accuracy","Poisoned Stab+1","Predator"],"picked":"SKIP","floor":29},{"not_picked":["Catalyst","Blade Dance+1"],"picked":"Terror","floor":31},{"not_picked":["A Thousand Cuts","Bullet Time"],"picked":"Night Terror","floor":33},{"not_picked":["Backflip","Outmaneuver"],"picked":"Endless Agony+1","floor":35},{"not_picked":["All Out Attack+1","Skewer+1"],"picked":"Acrobatics+1","floor":36},{"not_picked":["Poisoned Stab","Blade Dance+1"],"picked":"PiercingWail+1","floor":37},{"not_picked":["Sucker Punch","Outmaneuver+1"],"picked":"Dagger Throw+1","floor":39},{"not_picked":["Dagger Spray+1","Bane+1"],"picked":"Calculated Gamble+1","floor":41},{"not_picked":["Deflect","Expertise"],"picked":"Heel Hook+1","floor":42},{"not_picked":["Blade Dance+1","Deflect"],"picked":"Prepared+1","floor":44},{"not_picked":["Backflip+1","Unload+1"],"picked":"Prepared+1","floor":48}],"player_experience":174126,"relics_obtained":[{"floor":9.0,"key":"Paper Crane"},{"floor":13.0,"key":"Bag of Preparation"},{"floor":23,"key":"Snake Skull"},{"floor":25,"key":"Shuriken"},{"floor":26,"key":"Regal Pillow"},{"floor":31,"key":"Old Coin"},{"floor":31,"key":"Pear"},{"floor":41,"key":"Molten Egg 2"},{"floor":41,"key":"PreservedInsect"},{"floor":43,"key":"Sundial"},{"floor":48,"key":"Happy Flower"},{"floor":48,"key":"MawBank"}],"event_choices":[{"cards_removed":["Strike_G"],"damage_healed":0.0,"max_hp_gain":0.0,"max_hp_loss":0.0,"gold_gain":0.0,"event_name":"The Cleric","player_choice":"Card Removal","floor":5.0,"gold_loss":50.0,"damage_taken":0.0},{"damage_healed":0.0,"max_hp_gain":0.0,"max_hp_loss":5.0,"gold_gain":0.0,"event_name":"Golden Idol","player_choice":"Lose Max HP","floor":7.0,"gold_loss":0.0,"damage_taken":0.0,"relics_obtained":["Golden Idol"]},{"damage_healed":0.0,"max_hp_gain":0.0,"max_hp_loss":0.0,"gold_gain":0.0,"cards_transformed":["Strike_G"],"event_name":"Living Wall","player_choice":"Change","floor":8.0,"gold_loss":0.0,"damage_taken":0.0,"cards_obtained":["Slice"]},{"damage_healed":0.0,"max_hp_gain":5.0,"max_hp_loss":0.0,"gold_gain":0.0,"event_name":"Big Fish","player_choice":"Donut","floor":10.0,"gold_loss":0.0,"damage_taken":0.0},{"cards_removed":["Strike_G"],"damage_healed":0.0,"max_hp_gain":0.0,"max_hp_loss":0.0,"gold_gain":0.0,"event_name":"Bonfire Elementals","player_choice":"Offered Basic","floor":14.0,"gold_loss":0.0,"damage_taken":0.0},{"damage_healed":0,"gold_gain":0,"player_choice":"Obtain J.A.X.","damage_taken":0,"max_hp_gain":0,"max_hp_loss":0,"event_name":"Drug Dealer","floor":21,"gold_loss":0,"cards_obtained":["J.A.X."]},{"damage_healed":0,"gold_gain":0,"player_choice":"Read","damage_taken":0,"max_hp_gain":0,"max_hp_loss":0,"event_name":"The Library","floor":27,"gold_loss":0,"cards_obtained":["Adrenaline"]},{"damage_healed":0,"gold_gain":0,"player_choice":"Fight","damage_taken":0,"max_hp_gain":0,"max_hp_loss":0,"event_name":"Colosseum","floor":31,"gold_loss":0},{"damage_healed":0,"gold_gain":0,"player_choice":"Fought Nobs","damage_taken":0,"max_hp_gain":0,"max_hp_loss":0,"event_name":"Colosseum","floor":31,"gold_loss":0},{"damage_healed":0,"gold_gain":0,"player_choice":"Damaged","damage_taken":8,"max_hp_gain":0,"max_hp_loss":0,"event_name":"Wheel of Change","floor":38,"gold_loss":0}],"is_beta":false,"boss_relics":[{"not_picked":["Fusion Hammer","Pandora\u0027s Box"],"picked":"Astrolabe"},{"not_picked":["Runic Dome","Velvet Choker"],"picked":"Black Star"}],"items_purged_floors":[],"is_endless":false,"potions_floor_spawned":[3,12,13,20,25,28,31,33,39,48],"ascension_level":1}}