{"host":"idjwbq71yrpkph1r","time":1610852785,"event":{"mods":["Alarm Clock","BaseMod","Better Third Choice","Block Reminder","Colored Powertips","Conspire","Hubris","Minty Spire (QoL Compilation)","Rare Cards Sparkle","StSLib","The Blue Laboratory","Waifu the Spire","everything is the same but u backflip on backflip"],"gold_per_floor":[11,0,0,15,15,46,46,46,125,145,145,145,60,87,87,188,188,205,215,233,233,247,282,282,282,282,282,293,293,293,310,310,406,406,422,17,17,34,53,81,81,114,114,114,114,114],"floor_reached":45,"language":"ENG","playtime":3509,"items_purged":["Defend_B"],"score":549,"play_id":"58a40d4d-bb01-4554-99f7-37bb9279246c","local_time":"20210117040625","is_ascension_mode":false,"campfire_choices":[{"floor":8,"key":"REST"},{"floor":15,"key":"REST"},{"data":"Dualcast","floor":24,"key":"SMITH"},{"floor":29,"key":"REST"},{"data":"Creative AI","floor":32,"key":"SMITH"},{"data":"hubris:DoWhile","floor":44,"key":"SMITH"}],"circlet_count":0,"master_deck":["Strike_B","Strike_B","Defend_B+1","Defend_B","Defend_B+1","Zap","Dualcast+1","Genetic Algorithm","BootSequence","Go for the Eyes","Ball Lightning","Sweeping Beam","Conserve Battery","Melter","Rebound","Electrodynamics","Hologram+1","Lockon+1","Undo","Heatsinks","Doom and Gloom+1","Sunder+1","hubris:DoWhile+1","Creative AI+1","J.A.X.","Self Repair+1","Echo Form","CurseOfTheBell","All For One","Melter","Loop","Leap+1","Writhe","Conserve Battery+1"],"relics":["Cracked Core","Pocketwatch","betterThird:SlimedRelic","GremlinMask","Pen Nib","DataDisk","conspire:GlowingRock","Shuriken","Philosopher\u0027s Stone","War Paint","Bird Faced Urn","Calling Bell","Ancient Tea Set","hubris:TinFlute","conspire:GiftBox","HornCleat","hubris:Icosahedron","Bag of Marbles","Meat on the Bone","Blue Candle"],"acts_visited":["Exordium","TheCity","TheBeyond"],"potions_floor_usage":[16,20,45],"damage_taken":[{"damage":0,"enemies":"2 Louse","floor":1,"turns":2},{"damage":1,"enemies":"Cultist","floor":4,"turns":3},{"damage":16,"enemies":"Lagavulin","floor":6,"turns":7},{"damage":0,"enemies":"Small Slimes","floor":10,"turns":3},{"damage":2,"enemies":"3 Sentries","floor":14,"turns":5},{"damage":1,"enemies":"The Guardian","floor":16,"turns":9},{"damage":0,"enemies":"Spheric Guardian","floor":18,"turns":2},{"damage":0,"enemies":"Shell Parasite","floor":19,"turns":5},{"damage":15,"enemies":"Shelled Parasite and Fungi","floor":20,"turns":3},{"damage":16,"enemies":"3 Cultists","floor":22,"turns":3},{"damage":0,"enemies":"Gremlin Leader","floor":23,"turns":5},{"damage":12,"enemies":"Snecko","floor":28,"turns":4},{"damage":0,"enemies":"Chosen and Byrds","floor":31,"turns":4},{"damage":57,"enemies":"conspire:MysteriousRune","floor":33,"turns":10},{"damage":0,"enemies":"Orb Walker","floor":35,"turns":3},{"damage":18,"enemies":"3 Darklings","floor":38,"turns":4},{"damage":55,"enemies":"Spire Growth","floor":39,"turns":5},{"damage":71,"enemies":"Giant Head","floor":40,"turns":9},{"damage":19,"enemies":"Reptomancer","floor":42,"turns":7},{"damage":96,"enemies":"Giant Head","floor":45,"turns":9}],"seed_played":"2230965218348420140","potions_obtained":[{"floor":1,"key":"AttackPotion"},{"floor":16,"key":"ColorlessPotion"},{"floor":22,"key":"blueLaboratory:HorrorPotion"},{"floor":23,"key":"EssenceOfSteel"},{"floor":31,"key":"blueLaboratory:BottledHope"},{"floor":35,"key":"blueLaboratory:EnragingPotion"}],"is_trial":false,"path_per_floor":["M","?","?","M","$","E","?","R","T","M","?","?","$","E","R","B",null,"M","M","M","?","M","E","R","?","T","?","M","R","?","M","R","B",null,"M","$","?","M","M","E","?","E","T","R","E"],"character_chosen":"DEFECT","items_purchased":["Pen Nib","DataDisk","Conserve Battery","Melter","Loop","HornCleat"],"campfire_rested":3,"item_purchase_floors":[5,5,13,13,36,36],"current_hp_per_floor":[75,64,64,63,43,27,27,49,49,49,42,47,47,45,69,68,80,80,80,65,65,49,49,49,49,49,49,41,65,65,69,69,28,80,80,80,80,80,62,41,61,66,66,66,0,0],"gold":114,"neow_bonus":"ONE_RARE_RELIC","is_daily":false,"chose_seed":false,"campfire_upgraded":3,"win_rate":0.0,"timestamp":1610852785,"path_taken":["M","?","?","?","?","E","?","R","T","M","?","?","?","E","R","BOSS","M","M","?","?","?","E","R","?","T","?","M","R","?","M","R","BOSS","M","$","?","M","M","E","?","E","T","R","E"],"items_purchased_type":["Relic","Relic","Card","Card","Card","Relic"],"build_version":"2020-12-22","purchased_purges":1,"victory":false,"max_hp_per_floor":[75,75,75,75,75,75,75,75,75,75,75,80,80,80,80,80,80,80,80,80,80,80,80,80,80,80,80,80,80,80,80,80,80,80,80,80,80,80,80,80,80,80,80,80,80,80],"card_choices":[{"not_picked":["Chaos","Gash"],"picked":"Genetic Algorithm","floor":1},{"not_picked":["Ball Lightning","Steam"],"picked":"BootSequence","floor":4},{"not_picked":["Blizzard","Chill"],"picked":"Go for the Eyes","floor":6},{"not_picked":["Rebound","Steam"],"picked":"Sweeping Beam","floor":10},{"not_picked":["conspire:SharedLibrary","hubris:SpecializedCircuitry"],"picked":"Rebound","floor":14},{"not_picked":["Rainbow","Amplify"],"picked":"Electrodynamics","floor":16},{"not_picked":["Redo","Compile Driver+1"],"picked":"Hologram+1","floor":18},{"not_picked":["Turbo","Storm"],"picked":"Lockon+1","floor":19},{"not_picked":["Barrage","Sweeping Beam"],"picked":"Undo","floor":20},{"not_picked":["Stack","Reprogram"],"picked":"Doom and Gloom+1","floor":22},{"not_picked":["Melter+1","FTL"],"picked":"Sunder+1","floor":23},{"not_picked":["hubris:Ukulele","Turbo"],"picked":"Creative AI","floor":28},{"not_picked":["Stack","Compile Driver"],"picked":"Self Repair+1","floor":31},{"not_picked":["Buffer","Core Surge"],"picked":"Echo Form","floor":33},{"not_picked":["Creative AI","Hyperbeam"],"picked":"All For One","floor":34},{"not_picked":["Ball Lightning","Turbo"],"picked":"Melter","floor":35},{"not_picked":["Rebound+1","Undo+1","Barrage"],"picked":"SKIP","floor":38},{"not_picked":["Scrape","Cold Snap+1","Lockon"],"picked":"SKIP","floor":39},{"not_picked":["Sweeping Beam","Coolheaded"],"picked":"Leap+1","floor":40},{"not_picked":["Go for the Eyes","Force Field"],"picked":"Conserve Battery+1","floor":42}],"player_experience":220275,"relics_obtained":[{"floor":6,"key":"conspire:GlowingRock"},{"floor":14,"key":"Shuriken"},{"floor":23,"key":"War Paint"},{"floor":26,"key":"Bird Faced Urn"},{"floor":34,"key":"Ancient Tea Set"},{"floor":34,"key":"hubris:TinFlute"},{"floor":34,"key":"conspire:GiftBox"},{"floor":40,"key":"Bag of Marbles"},{"floor":42,"key":"Meat on the Bone"},{"floor":43,"key":"Blue Candle"}],"event_choices":[{"damage_healed":0,"gold_gain":0,"player_choice":"Slimed","damage_taken":11,"max_hp_gain":0,"max_hp_loss":0,"event_name":"betterThird:BetterGoop","floor":2,"gold_loss":11},{"damage_healed":0,"gold_gain":0,"player_choice":"Trade","damage_taken":0,"relics_obtained":["GremlinMask"],"max_hp_gain":0,"max_hp_loss":0,"event_name":"FaceTrader","floor":3,"gold_loss":0},{"cards_removed":["Strike_B"],"damage_healed":0,"gold_gain":0,"player_choice":"Card Removal","damage_taken":7,"max_hp_gain":0,"max_hp_loss":0,"event_name":"Golden Wing","floor":11,"gold_loss":0},{"damage_healed":0,"gold_gain":0,"player_choice":"Donut","damage_taken":0,"max_hp_gain":5,"max_hp_loss":0,"event_name":"Big Fish","floor":12,"gold_loss":0},{"damage_healed":0,"gold_gain":0,"cards_transformed":["Strike_B"],"player_choice":"Transformed","damage_taken":0,"max_hp_gain":0,"max_hp_loss":0,"event_name":"Transmorgrifier","floor":21,"gold_loss":0,"cards_obtained":["Heatsinks"]},{"damage_healed":0,"gold_gain":0,"player_choice":"Leave","damage_taken":0,"max_hp_gain":0,"max_hp_loss":0,"event_name":"conspire:Investor","floor":25,"gold_loss":0},{"damage_healed":0,"gold_gain":0,"player_choice":"Read","damage_taken":0,"max_hp_gain":0,"max_hp_loss":0,"event_name":"The Library","floor":27,"gold_loss":0,"cards_obtained":["hubris:DoWhile"]},{"damage_healed":0,"gold_gain":0,"player_choice":"Obtain J.A.X.","damage_taken":0,"max_hp_gain":0,"max_hp_loss":0,"event_name":"Drug Dealer","floor":30,"gold_loss":0,"cards_obtained":["J.A.X."]},{"damage_healed":20,"gold_gain":0,"player_choice":"Writhe","damage_taken":0,"max_hp_gain":0,"max_hp_loss":0,"event_name":"Winding Halls","floor":41,"gold_loss":0,"cards_obtained":["Writhe"]}],"is_beta":false,"boss_relics":[{"not_picked":["hubris:CrackedHourglass","FrozenCore"],"picked":"Philosopher\u0027s Stone"},{"not_picked":["Pandora\u0027s Box","hubris:Stopwatch"],"picked":"Calling Bell"}],"items_purged_floors":[36],"is_endless":false,"potions_floor_spawned":[1,16,22,23,31,35,42],"killed_by":"Giant Head","ascension_level":0}}