{"host":"a3oe3gstxz77c7qu","time":1610912674,"event":{"mods":["2.2 Compatiblity","Act Like it!","Astrologer","BaseMod","Bestiary","Better Altar","Better Match","Better Note","Better Skull","Better Third Choice","Block Reminder","Curses Come First","Custom Start","Dark Map","Downfall","Fox Events","Friendly Minions","GifTheSpireLib","Hallownest","Hermit","Jorbs\u0027s Wanderer Trilogy","Lobotomy","LobotomyExtend","Marisa????????","Minty Spire (QoL Compilation)","Permanent Neow","Quick Restart","Relic Stats","StSLib","The Bug Knight","The Cursed","The Disciple","The Jungle","Uncapped","Unknown Chances","Wandering Minibosses"],"gold_per_floor":[99,109,126,136,164,264,392,392,405,415,415,446,523,539,555,555,555],"floor_reached":16,"language":"ENG","playtime":1098,"items_purged":[],"score":104,"play_id":"107630d8-78df-4819-a431-360959cdf5a6","local_time":"20210117194434","is_ascension_mode":false,"campfire_choices":[{"data":"bronze:Goto","floor":1.0,"key":"SMITH"},{"floor":11,"key":"REST"}],"circlet_count":0,"master_deck":["bronze:Strike","bronze:Strike","bronze:Defend","bronze:Defend","bronze:Replicate","bronze:Goto+1","bronze:Separator","Normality","downfall:Bewildered","Writhe","bronze:Verify","bronze:Iterate"],"relics":["bronze:BronzeCore","Tiny Chest","LetterFromLob","foxEvents:LuckyCharm","Blue Candle","Pen Nib","Orichalcum","HollowMod:QueensCombRelic"],"acts_visited":["Exordium"],"potions_floor_usage":[16,16],"damage_taken":[{"damage":1.0,"enemies":"Jaw Worm","floor":2.0,"turns":4.0},{"damage":0.0,"enemies":"2 Louse","floor":3.0,"turns":2.0},{"damage":2.0,"enemies":"Small Slimes","floor":4.0,"turns":3.0},{"damage":33.0,"enemies":"Colosseum Slavers","floor":5.0,"turns":6.0},{"damage":23.0,"enemies":"Exordium Thugs","floor":9.0,"turns":5.0},{"damage":14.0,"enemies":"Exordium Wildlife","floor":10.0,"turns":3.0},{"damage":15,"enemies":"HollowMod:MossKnight","floor":12,"turns":5},{"damage":19,"enemies":"3 Louse","floor":14,"turns":4},{"damage":11,"enemies":"Blue Slaver","floor":15,"turns":3},{"damage":28,"enemies":"WA_ARCHETYPE_RETAIN","floor":16,"turns":4}],"seed_played":"-9166615487164226818","potions_obtained":[{"floor":3.0,"key":"Dexterity Potion"},{"floor":4.0,"key":"PowerPotion"},{"floor":14,"key":"SpeedPotion"}],"is_trial":false,"path_per_floor":["R","M","M","M","?","?","T","?","M","M","R","E","T","M","M","B"],"character_chosen":"THE_AUTOMATON","items_purchased":[],"campfire_rested":1,"item_purchase_floors":[],"current_hp_per_floor":[70,69,69,67,34,39,39,59,36,22,44,29,29,14,7,0,0],"gold":555,"neow_bonus":"RANDOM_COMMON_RELIC","is_daily":false,"chose_seed":false,"campfire_upgraded":1,"win_rate":0.0,"timestamp":1610912674,"path_taken":["R","M","M","M","?","?","T","?","M","M","R","E","?","?","M","BOSS"],"items_purchased_type":[],"build_version":"2020-12-22","purchased_purges":0,"victory":false,"max_hp_per_floor":[70,70,70,70,70,75,75,75,75,75,75,75,50,50,50,50,50],"relic_stats":{"counters":[10,39],"Blue Candle":[15],"Tiny Chest":1,"Pen Nib":[5],"Orichalcum":[24],"obtain_stats":[{"HollowMod:QueensCombRelic":13,"bronze:BronzeCore":0,"Blue Candle":6,"Tiny Chest":0,"Pen Nib":7,"LetterFromLob":2,"foxEvents:LuckyCharm":5,"Orichalcum":12},{"HollowMod:QueensCombRelic":7,"bronze:BronzeCore":0,"Blue Candle":4,"Tiny Chest":0,"Pen Nib":4,"LetterFromLob":1,"foxEvents:LuckyCharm":4,"Orichalcum":7},{"HollowMod:QueensCombRelic":28,"bronze:BronzeCore":0,"Blue Candle":15,"Tiny Chest":0,"Pen Nib":15,"LetterFromLob":4,"foxEvents:LuckyCharm":15,"Orichalcum":28}]},"card_choices":[{"not_picked":["bronze:Return","bronze:Optimize"],"picked":"bronze:Separator","floor":2.0},{"not_picked":["bronze:DelayedGuard","bronze:FineTuning","bronze:WildBeam"],"picked":"SKIP","floor":3.0},{"not_picked":["bronze:DigitalCarnage","bronze:FineTuning","bronze:DelayedGuard"],"picked":"SKIP","floor":4.0},{"not_picked":["bronze:Branch","bronze:MaxOutput"],"picked":"bronze:Verify","floor":9.0},{"not_picked":["bronze:BuggyMess","bronze:Backtrace","bronze:Shield"],"picked":"SKIP","floor":10},{"not_picked":["bronze:Boost","bronze:Invalidate","bronze:OilSpill"],"picked":"SKIP","floor":12},{"not_picked":["bronze:Deprecate","bronze:Overload"],"picked":"bronze:Iterate","floor":14},{"not_picked":["bronze:CloningBeam","bronze:Frontload","bronze:BugBarrage"],"picked":"SKIP","floor":15}],"player_experience":1046934,"relics_obtained":[{"floor":2.0,"key":"LetterFromLob"},{"floor":5.0,"key":"foxEvents:LuckyCharm"},{"floor":7.0,"key":"Pen Nib"},{"floor":12,"key":"Orichalcum"},{"floor":13,"key":"HollowMod:QueensCombRelic"}],"event_choices":[],"is_beta":false,"boss_relics":[],"items_purged_floors":[],"is_endless":false,"potions_floor_spawned":[3,4,14],"killed_by":"WA_ARCHETYPE_RETAIN","ascension_level":0}}