{"host":"nsu382cuivk29rjh","time":1610875311,"event":{"mods":["BaseMod","Downfall","Minty Spire (QoL Compilation)","StSLib"],"gold_per_floor":[99,118,135,152,162,72,119,134,148,167,6,33,47,63,82,82,82,82],"floor_reached":16,"language":"ZHS","playtime":875,"items_purged":["Slimebound:Strike_Slimebound"],"score":110,"play_id":"9b2cbe50-e339-4a14-bce7-9ce44f68e25b","local_time":"20210117172151","is_ascension_mode":false,"campfire_choices":[{"data":"Slimebound:Split","floor":1.0,"key":"SMITH"}],"circlet_count":0,"master_deck":["Slimebound:Strike_Slimebound+1","Slimebound:Strike_Slimebound","Slimebound:Tackle+1","Slimebound:Defend_Slimebound","Slimebound:Defend_Slimebound","Slimebound:Defend_Slimebound","Slimebound:Defend_Slimebound","Slimebound:Split+1","Slimebound:CorrosiveSpit","Slimebound:ProtectTheBoss","Slimebound:LeechEnergy","Slimebound:SplitAcid","Slimebound:LivingWall","Slimebound:RollThrough","Slimebound:LevelUp","Slimebound:Chomp","Slimebound:LeechLife","Slimebound:ViciousTackle","Slimebound:Equalize","Slimebound:ComboTackle"],"relics":["Slimebound:AbsorbEndCombat","Whetstone","Oddly Smooth Stone","Smiling Mask"],"acts_visited":["Exordium"],"potions_floor_usage":[12,16],"damage_taken":[{"damage":0.0,"enemies":"2 Louse","floor":2.0,"turns":3.0},{"damage":0.0,"enemies":"Cultist","floor":3.0,"turns":4.0},{"damage":0.0,"enemies":"Small Slimes","floor":4.0,"turns":4.0},{"damage":12.0,"enemies":"Exordium Wildlife","floor":5.0,"turns":5.0},{"damage":2.0,"enemies":"downfall:FleeingMerchant","floor":6.0,"turns":4.0},{"damage":6.0,"enemies":"2 Fungi Beasts","floor":8.0,"turns":4.0},{"damage":7.0,"enemies":"Exordium Thugs","floor":9.0,"turns":5.0},{"damage":10.0,"enemies":"Lots of Slimes","floor":10.0,"turns":2.0},{"damage":15.0,"enemies":"downfall:FleeingMerchant","floor":11.0,"turns":4.0},{"damage":3,"enemies":"Lagavulin","floor":12,"turns":7},{"damage":0,"enemies":"3 Louse","floor":13,"turns":4},{"damage":0,"enemies":"Exordium Wildlife","floor":14,"turns":5},{"damage":6,"enemies":"Blue Slaver","floor":15,"turns":4},{"damage":57,"enemies":"SI_SHIV_ARCHETYPE","floor":16,"turns":8}],"seed_played":"-5764769386979587497","potions_obtained":[{"floor":3.0,"key":"SteroidPotion"},{"floor":4.0,"key":"DuplicationPotion"},{"floor":9.0,"key":"SkillPotion"},{"floor":10.0,"key":"GamblersBrew"},{"floor":13,"key":"PowerPotion"},{"floor":14,"key":"Fire Potion"}],"is_trial":false,"path_per_floor":["R","M","M","M","M","$","T","M","M","M","$","E","M","M","M","B"],"character_chosen":"SLIMEBOUND","items_purchased":["Slimebound:LeechLife"],"campfire_rested":0,"item_purchase_floors":[11],"current_hp_per_floor":[65,65,65,65,54,55,55,51,45,35,22,30,30,40,45,0,0,0],"gold":82,"neow_bonus":"RANDOM_COMMON_RELIC","is_daily":false,"chose_seed":false,"campfire_upgraded":1,"win_rate":0.0,"timestamp":1610875311,"path_taken":["R","M","M","M","M","$","T","M","M","M","$","E","M","M","M","BOSS"],"items_purchased_type":["Card"],"build_version":"2020-12-22","purchased_purges":1,"victory":false,"max_hp_per_floor":[65,65,65,65,65,65,65,65,65,65,65,65,65,65,65,65,65,65],"card_choices":[{"not_picked":["Slimebound:Schlurp","Slimebound:GoopSpray"],"picked":"Slimebound:ProtectTheBoss","floor":2.0},{"not_picked":["Slimebound:GrowthPunch","Slimebound:SplitMire"],"picked":"Slimebound:LeechEnergy","floor":3.0},{"not_picked":["Slimebound:HauntingLick","Slimebound:ProtectTheBoss"],"picked":"Slimebound:SplitAcid","floor":4.0},{"not_picked":["Slimebound:GoopSpray","Slimebound:GoopTackle"],"picked":"Slimebound:LivingWall","floor":5.0},{"not_picked":["Slimebound:SamplingLick","Slimebound:WasteNot"],"picked":"Slimebound:RollThrough","floor":6.0},{"not_picked":["Slimebound:GoopTackle","Slimebound:SamplingLick","Slimebound:SlimeBrawl"],"picked":"SKIP","floor":8.0},{"not_picked":["Slimebound:DisruptingSlam","Slimebound:MegaLick"],"picked":"Slimebound:LevelUp","floor":9.0},{"not_picked":["Slimebound:SplitLeeching","Slimebound:RejuvenatingLick"],"picked":"Slimebound:Chomp","floor":10.0},{"not_picked":["Slimebound:LevelUp","Slimebound:RollThrough","Slimebound:SamplingLick"],"picked":"SKIP","floor":11.0},{"not_picked":["Slimebound:SplitAcid","Slimebound:ItLooksTasty"],"picked":"Slimebound:ViciousTackle","floor":12},{"not_picked":["Slimebound:ViciousTackle","Slimebound:SplitAcid"],"picked":"Slimebound:Equalize","floor":13},{"not_picked":["Slimebound:SplitBruiser","Slimebound:FinishingTackle","Slimebound:MinionMaster"],"picked":"SKIP","floor":14},{"not_picked":["Slimebound:SplitLeeching","Slimebound:SamplingLick"],"picked":"Slimebound:ComboTackle","floor":15}],"player_experience":1147242,"relics_obtained":[{"floor":7.0,"key":"Oddly Smooth Stone"},{"floor":12,"key":"Smiling Mask"}],"event_choices":[],"is_beta":false,"boss_relics":[],"items_purged_floors":[6],"is_endless":false,"potions_floor_spawned":[3,4,9,10,13,14,15],"killed_by":"SI_SHIV_ARCHETYPE","ascension_level":0}}