{"host":"gkh5j5k5w4qf7k7n","time":1610889779,"event":{"mods":["2.2 Compatiblity","AchievementEnabler","Arknights The Spire","BaseMod","Colored Map","Colored Powertips","GifTheSpireLib","Hermit","Keyboard Shortcuts","Minty Spire (QoL Compilation)","Quick Restart","Replay The Spire","StSLib","SuperFastMode","The Druid","The Problem Sleuth","TheBandit","¡¼?Úª?ø«¡½REMEMod"],"gold_per_floor":[111,122,50,50,66,66,116,126,126,161,171,4,4,15,15,122,122,132,132,152,152,152],"floor_reached":21,"language":"KOR","playtime":1120,"items_purged":["Strike_B"],"score":361,"play_id":"e49ae4ec-6774-47f0-9774-860475a9e360","local_time":"20210117222259","is_ascension_mode":true,"campfire_choices":[{"data":"Strike_B","floor":6.0,"key":"PURGE"},{"floor":15.0,"key":"DIG"}],"circlet_count":0,"master_deck":["AscendersBane","Defend_B","Defend_B","Defend_B","Zap","Dualcast","Mayhem","Coolheaded+1","Crystallizer","Meteor Strike","Turbo","Glacier","Skim+1","Steam+1","Madness+1","Mirror Shield+1","BootSequence+1","Necronomicurse","Consume+1","Chaos+1"],"relics":["Cracked Core","REME_ComplimentaryCards","Replay:Multitool","Matryoshka","Toxic Egg 2","Bottled Lightning","Empty Cage","Prayer Wheel","Necronomicon"],"acts_visited":["Exordium","TheCity"],"potions_floor_usage":[],"damage_taken":[{"damage":1.0,"enemies":"Cultist","floor":1.0,"turns":4.0},{"damage":10.0,"enemies":"Jaw Worm","floor":2.0,"turns":4.0},{"damage":6.0,"enemies":"2 Louse","floor":5.0,"turns":3.0},{"damage":7.0,"enemies":"2 Fungi Beasts","floor":8.0,"turns":4.0},{"damage":0.0,"enemies":"Lagavulin","floor":10.0,"turns":11.0},{"damage":11.0,"enemies":"Looter","floor":11.0,"turns":2.0},{"damage":9.0,"enemies":"Exordium Thugs","floor":14.0,"turns":6.0},{"damage":27.0,"enemies":"Slime Boss","floor":16.0,"turns":18.0},{"damage":0.0,"enemies":"Shell Parasite","floor":18.0,"turns":5.0},{"damage":0.0,"enemies":"Chosen","floor":20.0,"turns":8.0},{"damage":34,"enemies":"Masked Bandits","floor":21,"turns":3}],"seed_played":"-6657875333193638962","potions_obtained":[{"floor":5.0,"key":"PotionOfCapacity"},{"floor":11.0,"key":"Elixir"},{"floor":14.0,"key":"REME_GoldPotion"}],"is_trial":false,"path_per_floor":["M","M","$","?","M","R","?","M","T","E","M","$","R","M","R_BF","B",null,"M","?","M","?"],"character_chosen":"DEFECT","items_purchased":["Meteor Strike","Madness+1"],"campfire_rested":0,"item_purchase_floors":[3,12],"current_hp_per_floor":[63,53,53,53,47,47,47,40,40,40,29,29,48,39,39,12,51,51,30,30,0,0],"gold":152,"neow_bonus":"ONE_RARE_RELIC","is_daily":false,"chose_seed":false,"campfire_upgraded":0,"win_rate":0.0,"timestamp":1610889779,"path_taken":["M","?","$","?","M","R","?","M","T","E","?","$","R","M","R_BF","BOSS","M","?","M","?"],"items_purchased_type":["Card","Card"],"build_version":"2020-12-22","purchased_purges":1,"victory":false,"max_hp_per_floor":[64,64,64,64,64,64,64,64,64,64,64,64,64,64,64,64,64,64,64,64,64,64],"card_choices":[{"not_picked":["Steam","Skim"],"picked":"Coolheaded","floor":1.0},{"not_picked":["Chaos","Glacier"],"picked":"Crystallizer","floor":2.0},{"not_picked":["Steam","Sunder"],"picked":"Turbo","floor":5.0},{"not_picked":["Stack","ReplayTheSpireMod:System Scan"],"picked":"Glacier","floor":8.0},{"not_picked":["Biased Cognition","Turbo+1"],"picked":"Skim+1","floor":10.0},{"not_picked":["Sweeping Beam","Barrage"],"picked":"Steam+1","floor":11.0},{"not_picked":["Ball Lightning","Gash","Rip and Tear"],"picked":"SKIP","floor":14.0},{"not_picked":["Thunder Strike","Core Surge"],"picked":"ReplayTheSpireMod:Fabricate Wheel+1","floor":16.0},{"not_picked":["Gash","Sunder"],"picked":"BootSequence+1","floor":18.0},{"not_picked":["Turbo+1","Ball Lightning","ReplaySolidLightProjector+1"],"picked":"SKIP","floor":18.0},{"not_picked":["Compile Driver","Ball Lightning"],"picked":"Consume+1","floor":20.0},{"not_picked":["Crystallizer","Compile Driver"],"picked":"Chaos+1","floor":20.0}],"player_experience":829775,"relics_obtained":[{"floor":9.0,"key":"Matryoshka"},{"floor":10.0,"key":"Toxic Egg 2"},{"floor":15.0,"key":"Bottled Lightning"},{"floor":19.0,"key":"Necronomicon"}],"event_choices":[{"cards_removed":["Strike_B"],"damage_healed":0.0,"max_hp_gain":0.0,"max_hp_loss":0.0,"gold_gain":0.0,"event_name":"Living Wall","player_choice":"Forget","floor":4.0,"gold_loss":0.0,"damage_taken":0.0},{"damage_healed":0.0,"max_hp_gain":0.0,"max_hp_loss":0.0,"gold_gain":50.0,"event_name":"Golden Shrine","player_choice":"Pray","floor":7.0,"gold_loss":0.0,"damage_taken":0.0},{"damage_healed":0.0,"max_hp_gain":0.0,"max_hp_loss":0.0,"gold_gain":0.0,"event_name":"Cursed Tome","player_choice":"Obtained Book","floor":19.0,"gold_loss":0.0,"damage_taken":21.0},{"damage_healed":0,"gold_gain":0,"player_choice":"Fought Bandits","damage_taken":0,"max_hp_gain":0,"max_hp_loss":0,"event_name":"Masked Bandits","floor":21,"gold_loss":0}],"is_beta":false,"boss_relics":[{"not_picked":["Replay:Wanted Poster","FrozenCore"],"picked":"Empty Cage"}],"items_purged_floors":[12],"is_endless":false,"potions_floor_spawned":[5,11,14],"killed_by":"Masked Bandits","ascension_level":15}}