{"host":"5icjlaq41ghjcr7h","time":1610868358,"event":{"mods":["AchievementEnabler","BaseMod","Colored Map","Minty Spire (QoL Compilation)","SuperFastMode","everything is the same but u backflip on backflip"],"gold_per_floor":[115,115,134,151,226,259,27,57,109,120,90,90,121,140,140,140,140],"floor_reached":16,"language":"KOR","playtime":343,"items_purged":[],"score":132,"play_id":"9a41c954-fdc3-47e3-bcd1-8726caa4a1c4","local_time":"20210117162558","is_ascension_mode":true,"campfire_choices":[{"data":"Entrench","floor":12,"key":"SMITH"},{"data":"Seeing Red","floor":15,"key":"SMITH"}],"circlet_count":0,"master_deck":["Strike_R","Strike_R","Strike_R","Strike_R","Strike_R","Defend_R","Defend_R","Defend_R","Defend_R","Bash+1","Wild Strike","Pommel Strike","Seeing Red+1","Perfected Strike","Demon Form","Entrench+1","Second Wind"],"relics":["Burning Blood","NeowsBlessing","Singing Bowl","Lee\u0027s Waffle","Smiling Mask","PreservedInsect","Potion Belt"],"acts_visited":["Exordium"],"potions_floor_usage":[6,8,13,13],"damage_taken":[{"damage":0,"enemies":"2 Louse","floor":1,"turns":1},{"damage":0,"enemies":"Cultist","floor":3,"turns":1},{"damage":0,"enemies":"Small Slimes","floor":4,"turns":1},{"damage":62,"enemies":"3 Sentries","floor":6,"turns":12},{"damage":36,"enemies":"Lagavulin","floor":8,"turns":4},{"damage":6,"enemies":"Exordium Wildlife","floor":10,"turns":3},{"damage":26,"enemies":"3 Sentries","floor":13,"turns":4},{"damage":10,"enemies":"Lots of Slimes","floor":14,"turns":4},{"damage":32,"enemies":"The Guardian","floor":16,"turns":3}],"seed_played":"-6871379516927814438","potions_obtained":[{"floor":3,"key":"SteroidPotion"},{"floor":6,"key":"AttackPotion"},{"floor":10,"key":"GamblersBrew"},{"floor":11,"key":"LiquidBronze"},{"floor":11,"key":"SkillPotion"},{"floor":14,"key":"Swift Potion"}],"is_trial":false,"path_per_floor":["M","?","M","M","?","E","$","E","T","M","?","R","E","M","R","B"],"character_chosen":"IRONCLAD","items_purchased":["Seeing Red","Perfected Strike","Lee\u0027s Waffle"],"campfire_rested":0,"item_purchase_floors":[7,7,7],"current_hp_per_floor":[80,80,80,80,69,15,89,59,59,59,59,59,39,37,37,5,5],"gold":140,"neow_bonus":"THREE_ENEMY_KILL","is_daily":false,"chose_seed":false,"campfire_upgraded":2,"win_rate":0.0,"timestamp":1610868358,"path_taken":["M","?","M","?","?","E","?","E","T","?","?","R","E","M","R","BOSS"],"items_purchased_type":["Card","Card","Relic"],"build_version":"2020-12-22","purchased_purges":0,"victory":false,"max_hp_per_floor":[80,80,80,80,80,82,89,89,89,89,89,89,89,91,91,91,91],"card_choices":[{"not_picked":["Heavy Blade","Clothesline"],"picked":"Wild Strike","floor":1},{"not_picked":["Clothesline","Headbutt","Twin Strike"],"picked":"SKIP","floor":3},{"not_picked":["Twin Strike","Dual Wield"],"picked":"Pommel Strike","floor":4},{"not_picked":["Disarm","Heavy Blade","Iron Wave"],"picked":"Singing Bowl","floor":6},{"not_picked":["Flex","Iron Wave"],"picked":"Demon Form","floor":8},{"not_picked":["Warcry","Clothesline"],"picked":"Entrench","floor":10},{"not_picked":["Warcry","Headbutt"],"picked":"Second Wind","floor":13},{"not_picked":["Sword Boomerang","Rupture","Twin Strike"],"picked":"Singing Bowl","floor":14}],"player_experience":143327,"relics_obtained":[{"floor":6,"key":"Singing Bowl"},{"floor":8,"key":"Smiling Mask"},{"floor":9,"key":"PreservedInsect"},{"floor":13,"key":"Potion Belt"}],"event_choices":[{"damage_healed":0,"gold_gain":0,"player_choice":"Upgraded","damage_taken":0,"max_hp_gain":0,"max_hp_loss":0,"event_name":"Upgrade Shrine","floor":2,"gold_loss":0,"cards_upgraded":["Bash"]},{"damage_healed":0,"gold_gain":75,"player_choice":"Gather Gold","damage_taken":11,"max_hp_gain":0,"max_hp_loss":0,"event_name":"World of Goop","floor":5,"gold_loss":0},{"damage_healed":0,"gold_gain":0,"player_choice":"Bought 2 Potions","damage_taken":0,"max_hp_gain":0,"max_hp_loss":0,"event_name":"The Woman in Blue","floor":11,"gold_loss":0}],"is_beta":false,"boss_relics":[],"items_purged_floors":[],"is_endless":false,"potions_floor_spawned":[3,6,10,14],"killed_by":"The Guardian","ascension_level":2}}