{"host":"c5slkkw8hp42e20v","time":1610873716,"event":{"mods":["AchievementEnabler","BaseMod","Better Note","BetterRewards","Colored Powertips","DeckTracker","Friendly Minions","GifTheSpireLib","Hermit","Highlight Path","Minty Spire (QoL Compilation)","Quick Restart","Rare Cards Sparkle","Replay The Spire","Spicy Shops","StSLib","The Animator","The Hierophant","The Poker Player","????"],"gold_per_floor":[113,30,45,45,68,103,122,136,209,235,250,250,265,52,52,157,157,172,172,186,186,186,57,73,92,92,92,92,92],"floor_reached":28,"language":"ENG","playtime":974,"items_purged":[],"score":255,"play_id":"9734cccd-41b4-4a05-b9ea-ee3db3996d04","local_time":"20210117025516","is_ascension_mode":false,"campfire_choices":[{"floor":12,"key":"REST"},{"floor":15,"key":"REST"},{"floor":27,"key":"REST"}],"circlet_count":0,"master_deck":["Strike_G","Strike_G","Strike_G+1","Strike_G","Strike_G","Defend_G","Defend_G","Defend_G","Defend_G","Defend_G","Survivor","Neutralize","Blade Dance","Crippling Poison","Caltrops+1","Masterful Stab","Bouncing Flask","Burst+1","Deadly Poison","Poisoned Stab","Mayhem","Enlightenment","Apotheosis+1","Corpse Explosion","Distraction+1","Fluid Movement+1","Well Laid Plans","Panacea","ReplayTheSpireMod:From All Sides","Quick Slash+1","Noxious Fumes"],"relics":["Ring of the Snake","NeowsBlessing","Replay:Wax Seal","Pen Nib","Matryoshka","Gremlin Food","ReplayTheSpireMod:Ninjato","Anchor","Membership Card","ReplayTheSpireMod:ShopPack","HoveringKite","Golden Egg","Pet Ghost","Replay:Bottled Eggs"],"acts_visited":["Exordium","TheCity"],"potions_floor_usage":[28,28],"damage_taken":[{"damage":0,"enemies":"Cultist","floor":1,"turns":1},{"damage":0,"enemies":"2 Louse","floor":3,"turns":1},{"damage":0,"enemies":"3 Sentries","floor":6,"turns":1},{"damage":2,"enemies":"Jaw Worm","floor":7,"turns":4},{"damage":14,"enemies":"2 Fungi Beasts","floor":8,"turns":3},{"damage":24,"enemies":"Gremlin Nob","floor":10,"turns":4},{"damage":6,"enemies":"Exordium Wildlife","floor":11,"turns":3},{"damage":14,"enemies":"Exordium Thugs","floor":13,"turns":4},{"damage":37,"enemies":"The Guardian","floor":16,"turns":7},{"damage":0,"enemies":"Chosen","floor":18,"turns":4},{"damage":7,"enemies":"3 Byrds","floor":20,"turns":5},{"damage":29,"enemies":"3 Cultists","floor":24,"turns":5},{"damage":22,"enemies":"Centurion and Healer","floor":25,"turns":4},{"damage":42,"enemies":"Slavers","floor":28,"turns":3}],"seed_played":"-444810099251230511","potions_obtained":[{"floor":3,"key":"Fire Potion"},{"floor":6,"key":"Weak Potion"},{"floor":7,"key":"FearPotion"},{"floor":16,"key":"Toxic Potion"}],"is_trial":false,"path_per_floor":["M","$","M","$","T","E","M","M","T","E","M","R","M","$","R","B",null,"M","?","M","?","?","R","M","M","T","R","E"],"character_chosen":"THE_SILENT","items_purchased":["Replay:Wax Seal","Membership Card","ReplayTheSpireMod:ShopPack","Golden Egg"],"campfire_rested":3,"item_purchase_floors":[2,14,14,23],"current_hp_per_floor":[70,70,70,70,70,70,68,54,54,30,24,45,31,31,52,15,70,70,70,63,63,63,63,34,12,12,33,0,0],"gold":92,"neow_bonus":"THREE_ENEMY_KILL","is_daily":false,"chose_seed":false,"campfire_upgraded":0,"win_rate":0.0,"timestamp":1610873716,"path_taken":["M","$","?","$","?","E","M","?","T","E","M","R","M","$","R","BOSS","M","?","M","?","?","R","M","M","T","R","E"],"items_purchased_type":["Relic","Relic","Relic","Relic"],"build_version":"2020-12-22","purchased_purges":0,"victory":false,"max_hp_per_floor":[70,70,70,70,70,70,70,70,70,70,70,70,70,70,70,70,70,70,70,70,70,70,70,70,70,70,70,70,70],"card_choices":[{"not_picked":["Deflect","Masterful Stab"],"picked":"Blade Dance","floor":1},{"not_picked":["Sneak Up","Deflect"],"picked":"Crippling Poison","floor":3},{"not_picked":["Flying Knee","Sucker Punch"],"picked":"Caltrops","floor":6},{"not_picked":["Acrobatics","Blur"],"picked":"Masterful Stab","floor":7},{"not_picked":["Backstab","Heel Hook"],"picked":"Bouncing Flask","floor":8},{"not_picked":["Finisher","Tactician"],"picked":"Burst","floor":10},{"not_picked":["Dodge and Roll","Underhanded Strike"],"picked":"Deadly Poison","floor":11},{"not_picked":["Predator","Caltrops"],"picked":"Poisoned Stab","floor":13},{"not_picked":["ReplayTheSpireMod:Necrogeddon","The Bomb"],"picked":"Mayhem","floor":14},{"not_picked":["Discovery","Magnetism"],"picked":"Enlightenment","floor":14},{"not_picked":["ReplayTheSpireMod:Uncanny Aura","Blind"],"picked":"Apotheosis","floor":14},{"not_picked":["Storm of Steel","Doppelganger"],"picked":"Corpse Explosion","floor":16},{"not_picked":["ReplayTheSpireMod:The Works","Dagger Spray"],"picked":"Distraction+1","floor":18},{"not_picked":["Dodge and Roll","Deflect"],"picked":"Well Laid Plans","floor":20},{"not_picked":["Choke","Eviscerate"],"picked":"Quick Slash+1","floor":24},{"not_picked":["PiercingWail","Accuracy"],"picked":"Noxious Fumes","floor":25}],"player_experience":55326,"relics_obtained":[{"floor":5,"key":"Pen Nib"},{"floor":6,"key":"Matryoshka"},{"floor":9,"key":"Gremlin Food"},{"floor":9,"key":"ReplayTheSpireMod:Ninjato"},{"floor":10,"key":"Anchor"},{"floor":26,"key":"Pet Ghost"},{"floor":26,"key":"Replay:Bottled Eggs"}],"event_choices":[{"damage_healed":0,"gold_gain":0,"player_choice":"Take","damage_taken":0,"max_hp_gain":0,"max_hp_loss":0,"event_name":"betterNote:BetterNote","floor":19,"gold_loss":0,"cards_obtained":["Fluid Movement"]},{"damage_healed":0,"gold_gain":0,"player_choice":"2 cards matched","damage_taken":0,"max_hp_gain":0,"max_hp_loss":0,"event_name":"Match and Keep!","floor":22,"gold_loss":0,"cards_obtained":["Panacea","ReplayTheSpireMod:From All Sides"]}],"is_beta":false,"boss_relics":[{"not_picked":["Replay:Ancient Bell","Abe\u0027s Treasure"],"picked":"HoveringKite"}],"items_purged_floors":[],"is_endless":false,"potions_floor_spawned":[3,6,7,10,16,18,20],"killed_by":"Slavers","ascension_level":0}}