{"host":"b995t17pt6d05w8c","time":1610919734,"event":{"mods":["AchievementEnabler","BaseMod","Colored Map","DeckTracker","Keyboard Shortcuts","Minty Spire (QoL Compilation)","Permanent Neow","SuperFastMode"],"gold_per_floor":[119,136,61,136,156,190,190,220,272,300,300,300,312,325,325,402,402,419,431,127,127,127,127,154,166,166,166,182,282,282,293,293,368,368,379,379,393,393,293,293,309,335,360,360,76,76,76,102,102,102],"floor_reached":51,"language":"KOR","playtime":1429,"items_purged":["Strike_R","Twin Strike"],"score":1594,"play_id":"29e482a4-c4a7-41f3-9382-3eb6b2bc094f","local_time":"20210118064214","is_ascension_mode":true,"campfire_choices":[{"data":"Armaments","floor":7.0,"key":"SMITH"},{"floor":12.0,"key":"REST"},{"data":"Bash","floor":15.0,"key":"SMITH"},{"data":"Offering","floor":23.0,"key":"SMITH"},{"data":"Pommel Strike","floor":30.0,"key":"SMITH"},{"data":"Uppercut","floor":32.0,"key":"SMITH"},{"data":"Apotheosis","floor":40,"key":"SMITH"},{"data":"Corruption","floor":44,"key":"SMITH"},{"data":"Warcry","floor":49,"key":"SMITH"}],"circlet_count":0,"master_deck":["AscendersBane","Bash+1","Feel No Pain","Pommel Strike+1","Armaments+1","Flame Barrier","Uppercut+1","Seeing Red","Offering+1","Shrug It Off+1","Shrug It Off+1","Spot Weakness+1","Dual Wield","Dropkick","Corruption+1","Warcry+1","Evolve","Impervious","Finesse","Apotheosis+1"],"relics":["Burning Blood","Happy Flower","Pen Nib","Pear","TungstenRod","Busted Crown","Potion Belt","Red Skull","Vajra","Incense Burner","White Beast Statue","Pandora\u0027s Box","War Paint","MealTicket","Pantograph","Nunchaku","Lantern"],"acts_visited":["Exordium","TheCity","TheBeyond"],"potions_floor_usage":[50],"damage_taken":[{"damage":5.0,"enemies":"Small Slimes","floor":1.0,"turns":3.0},{"damage":2.0,"enemies":"Jaw Worm","floor":2.0,"turns":3.0},{"damage":0.0,"enemies":"2 Louse","floor":5.0,"turns":4.0},{"damage":29.0,"enemies":"Gremlin Nob","floor":6.0,"turns":4.0},{"damage":13.0,"enemies":"3 Sentries","floor":8.0,"turns":17.0},{"damage":30.0,"enemies":"Lagavulin","floor":10.0,"turns":9.0},{"damage":0.0,"enemies":"2 Fungi Beasts","floor":13.0,"turns":3.0},{"damage":7.0,"enemies":"Lots of Slimes","floor":14.0,"turns":5.0},{"damage":44.0,"enemies":"Slime Boss","floor":16.0,"turns":11.0},{"damage":5.0,"enemies":"3 Byrds","floor":18.0,"turns":3.0},{"damage":9.0,"enemies":"Shell Parasite","floor":19.0,"turns":4.0},{"damage":28.0,"enemies":"Slavers","floor":24.0,"turns":9.0},{"damage":5.0,"enemies":"Snake Plant","floor":25.0,"turns":4.0},{"damage":8.0,"enemies":"Chosen and Byrds","floor":28.0,"turns":4.0},{"damage":9.0,"enemies":"Colosseum Slavers","floor":29.0,"turns":4.0},{"damage":11.0,"enemies":"Colosseum Nobs","floor":29.0,"turns":4.0},{"damage":5.0,"enemies":"Cultist and Chosen","floor":31.0,"turns":3.0},{"damage":45.0,"enemies":"Collector","floor":33.0,"turns":10.0},{"damage":7.0,"enemies":"Orb Walker","floor":35.0,"turns":3.0},{"damage":11.0,"enemies":"3 Darklings","floor":37.0,"turns":3.0},{"damage":20,"enemies":"4 Shapes","floor":41,"turns":4},{"damage":5,"enemies":"Giant Head","floor":42,"turns":4},{"damage":5,"enemies":"Reptomancer","floor":48,"turns":3},{"damage":32,"enemies":"Donu and Deca","floor":50,"turns":4}],"seed_played":"1993010649793576464","potions_obtained":[{"floor":0.0,"key":"EntropicBrew"},{"floor":0.0,"key":"BlessingOfTheForge"},{"floor":2.0,"key":"LiquidBronze"},{"floor":8.0,"key":"Dexterity Potion"},{"floor":14.0,"key":"Weak Potion"},{"floor":16.0,"key":"EssenceOfSteel"},{"floor":25.0,"key":"ElixirPotion"},{"floor":29.0,"key":"PowerPotion"},{"floor":33.0,"key":"ElixirPotion"},{"floor":41,"key":"DistilledChaos"}],"is_trial":false,"path_per_floor":["M","M","?","?","M","E","R","E","T","E","?","R","M","M","R","B",null,"M","M","$","?","?","R","E","M","T","?","M","?","R","M","R","B",null,"M","?","M","?","$","R","M","E","T","R","$","?","$","E","R","B",null],"character_chosen":"IRONCLAD","items_purchased":["Potion Belt","Energy Potion","Pantograph"],"campfire_rested":1,"item_purchase_floors":[20,20,45],"current_hp_per_floor":[69,73,73,62,68,45,45,38,38,24,13,38,47,49,49,11,71,75,76,76,76,76,76,58,59,59,59,57,55,55,59,59,20,88,91,82,81,81,81,81,70,75,75,75,90,90,105,106,106,100],"gold":102,"neow_bonus":"THREE_SMALL_POTIONS","is_daily":false,"chose_seed":false,"campfire_upgraded":8,"win_rate":0.0,"timestamp":1610919734,"path_taken":["M","M","?","?","M","E","R","E","T","E","?","R","M","M","R","BOSS","M","M","$","?","?","R","E","?","T","?","M","?","R","M","R","BOSS","M","?","M","?","$","R","?","E","T","R","$","?","?","E","R","BOSS"],"items_purchased_type":["Relic","Potion","Relic"],"build_version":"2020-12-22","purchased_purges":2,"victory":true,"max_hp_per_floor":[75,75,75,75,75,75,75,75,75,85,85,85,88,91,91,91,91,94,98,98,98,98,98,102,102,102,102,102,108,108,111,111,111,111,115,115,119,119,119,119,122,126,126,126,126,126,126,126,126,126],"card_choices":[{"not_picked":["Ghostly Armor","Rampage"],"picked":"Feel No Pain","floor":1.0},{"not_picked":["Infernal Blade","Warcry"],"picked":"Pommel Strike","floor":2.0},{"not_picked":["Cleave","Iron Wave"],"picked":"Armaments","floor":5.0},{"not_picked":["Warcry","Heavy Blade"],"picked":"Flame Barrier","floor":6.0},{"not_picked":["Flame Barrier","Rampage"],"picked":"Uppercut","floor":8.0},{"not_picked":["Clash","Shrug It Off"],"picked":"Feed","floor":10.0},{"not_picked":["Intimidate","Body Slam"],"picked":"Seeing Red","floor":13.0},{"not_picked":["Anger","Perfected Strike"],"picked":"Twin Strike","floor":14.0},{"not_picked":["Bludgeon","Fiend Fire"],"picked":"Offering","floor":16.0},{"not_picked":[],"picked":"Shrug It Off","floor":18.0},{"not_picked":["Anger"],"picked":"SKIP","floor":19.0},{"not_picked":["Flex"],"picked":"SKIP","floor":24.0},{"not_picked":[],"picked":"Shrug It Off","floor":25.0},{"not_picked":["Brutality"],"picked":"SKIP","floor":28.0},{"not_picked":[],"picked":"Spot Weakness+1","floor":29.0},{"not_picked":["Havoc"],"picked":"SKIP","floor":31.0},{"not_picked":["Anger"],"picked":"SKIP","floor":35.0},{"not_picked":[],"picked":"Finesse","floor":36.0},{"not_picked":[],"picked":"Apotheosis","floor":36.0},{"not_picked":["Inflame"],"picked":"SKIP","floor":37.0},{"not_picked":["Heavy Blade"],"picked":"SKIP","floor":41},{"not_picked":["Evolve"],"picked":"SKIP","floor":42},{"not_picked":["Carnage+1"],"picked":"SKIP","floor":48}],"player_experience":147152,"relics_obtained":[{"floor":8.0,"key":"Happy Flower"},{"floor":9.0,"key":"Pen Nib"},{"floor":10.0,"key":"Pear"},{"floor":24.0,"key":"Red Skull"},{"floor":26.0,"key":"Vajra"},{"floor":29.0,"key":"Incense Burner"},{"floor":29.0,"key":"White Beast Statue"},{"floor":42,"key":"War Paint"},{"floor":43,"key":"MealTicket"},{"floor":48,"key":"Lantern"}],"event_choices":[{"cards_removed":["Strike_R"],"damage_healed":0.0,"max_hp_gain":0.0,"max_hp_loss":0.0,"gold_gain":0.0,"event_name":"The Cleric","player_choice":"Card Removal","floor":3.0,"gold_loss":75.0,"damage_taken":0.0},{"damage_healed":0.0,"max_hp_gain":0.0,"max_hp_loss":0.0,"gold_gain":75.0,"event_name":"World of Goop","player_choice":"Gather Gold","floor":4.0,"gold_loss":0.0,"damage_taken":11.0},{"damage_healed":0.0,"max_hp_gain":0.0,"max_hp_loss":0.0,"gold_gain":0.0,"event_name":"Scrap Ooze","player_choice":"Success","floor":11.0,"gold_loss":0.0,"damage_taken":11.0,"relics_obtained":["TungstenRod"]},{"damage_healed":0.0,"max_hp_gain":0.0,"max_hp_loss":0.0,"gold_gain":0.0,"event_name":"Back to Basics","player_choice":"Simplicity","floor":21.0,"gold_loss":0.0,"damage_taken":0.0,"cards_upgraded":["Strike_R","Strike_R","Strike_R","Defend_R","Defend_R","Defend_R","Defend_R"]},{"cards_removed":["Strike_R"],"damage_healed":0.0,"max_hp_gain":0.0,"max_hp_loss":0.0,"gold_gain":0.0,"event_name":"Purifier","player_choice":"Purged","floor":22.0,"gold_loss":0.0,"damage_taken":0.0},{"damage_healed":0.0,"max_hp_gain":0.0,"max_hp_loss":0.0,"gold_gain":0.0,"event_name":"The Mausoleum","player_choice":"Ignored","floor":27.0,"gold_loss":0.0,"damage_taken":0.0},{"damage_healed":0.0,"max_hp_gain":0.0,"max_hp_loss":0.0,"gold_gain":0.0,"event_name":"Colosseum","player_choice":"Fight","floor":29.0,"gold_loss":0.0,"damage_taken":0.0},{"damage_healed":0.0,"max_hp_gain":0.0,"max_hp_loss":0.0,"gold_gain":0.0,"event_name":"Colosseum","player_choice":"Fought Nobs","floor":29.0,"gold_loss":0.0,"damage_taken":0.0},{"damage_healed":0.0,"max_hp_gain":0.0,"max_hp_loss":0.0,"gold_gain":0.0,"event_name":"SensoryStone","player_choice":"Memory 3","floor":36.0,"gold_loss":0.0,"damage_taken":10.0},{"damage_healed":0,"gold_gain":0,"player_choice":"Ignored","damage_taken":0,"max_hp_gain":0,"max_hp_loss":0,"event_name":"Transmorgrifier","floor":38,"gold_loss":0},{"cards_removed":["Feed"],"damage_healed":0,"gold_gain":0,"player_choice":"Gave Card","damage_taken":0,"relics_obtained":["Nunchaku"],"max_hp_gain":0,"max_hp_loss":0,"event_name":"WeMeetAgain","floor":46,"gold_loss":0}],"is_beta":false,"boss_relics":[{"not_picked":["Runic Pyramid","Cursed Key"],"picked":"Busted Crown"},{"not_picked":["Velvet Choker","Empty Cage"],"picked":"Pandora\u0027s Box"}],"items_purged_floors":[20,39],"is_endless":false,"potions_floor_spawned":[2,8,14,16,18,25,29,29,31,33,35,37,41,42,48],"ascension_level":19}}