{"host":"5icjlaq41ghjcr7h","time":1610857239,"event":{"mods":["AchievementEnabler","BaseMod","Colored Map","Minty Spire (QoL Compilation)","SuperFastMode","everything is the same but u backflip on backflip"],"gold_per_floor":[118,135,135,148,163,191,209,238,261,280,280,280,280],"floor_reached":12,"language":"KOR","playtime":362,"items_purged":[],"score":106,"play_id":"5ae9bdb7-738a-48e3-863c-ef5cdfd9c3d6","local_time":"20210117132039","is_ascension_mode":true,"campfire_choices":[],"circlet_count":0,"master_deck":["Strike_B","Strike_B","Strike_B","Strike_B","Defend_B","Defend_B","Defend_B","Defend_B","Zap","Dualcast","Leap","Glacier+1","Static Discharge","Turbo","Rebound","Tempest","Defragment+1","Stack","Injury"],"relics":["Cracked Core","NeowsBlessing","Nunchaku","Frozen Egg 2","Tiny Chest","Golden Idol"],"acts_visited":["Exordium"],"potions_floor_usage":[8,12],"damage_taken":[{"damage":0,"enemies":"Small Slimes","floor":1,"turns":1},{"damage":0,"enemies":"Cultist","floor":2,"turns":1},{"damage":0,"enemies":"Jaw Worm","floor":4,"turns":1},{"damage":4,"enemies":"Blue Slaver","floor":5,"turns":5},{"damage":23,"enemies":"3 Sentries","floor":6,"turns":9},{"damage":2,"enemies":"Exordium Thugs","floor":7,"turns":5},{"damage":24,"enemies":"Lagavulin","floor":8,"turns":10},{"damage":3,"enemies":"Looter","floor":10,"turns":3},{"damage":19,"enemies":"3 Sentries","floor":12,"turns":4}],"seed_played":"531047702054592612","potions_obtained":[{"floor":5,"key":"SmokeBomb"},{"floor":6,"key":"LiquidMemories"},{"floor":7,"key":"Dexterity Potion"},{"floor":8,"key":"SpeedPotion"}],"is_trial":false,"path_per_floor":["M","M","?","M","M","E","M","E","T","M","?","E"],"character_chosen":"DEFECT","items_purchased":[],"campfire_rested":0,"item_purchase_floors":[],"current_hp_per_floor":[75,75,75,75,71,48,46,22,22,19,19,0,0],"gold":280,"neow_bonus":"THREE_ENEMY_KILL","is_daily":false,"chose_seed":false,"campfire_upgraded":0,"win_rate":0.0,"timestamp":1610857239,"path_taken":["M","M","?","M","?","E","M","E","T","M","?","E"],"items_purchased_type":[],"build_version":"2020-12-22","purchased_purges":0,"victory":false,"max_hp_per_floor":[75,75,75,75,75,75,75,75,75,75,75,75,75],"card_choices":[{"not_picked":["Streamline","Hologram"],"picked":"Leap","floor":1},{"not_picked":["Lockon","Turbo"],"picked":"Glacier","floor":2},{"not_picked":["Melter","Gash"],"picked":"Static Discharge","floor":4},{"not_picked":["Steam","Hologram"],"picked":"Turbo","floor":5},{"not_picked":["Sweeping Beam","Beam Cell"],"picked":"Rebound","floor":6},{"not_picked":["Melter","Compile Driver"],"picked":"Tempest","floor":7},{"not_picked":["Redo","Self Repair+1"],"picked":"Defragment+1","floor":8},{"not_picked":["Go for the Eyes","Hologram"],"picked":"Stack","floor":10}],"player_experience":132428,"relics_obtained":[{"floor":6,"key":"Nunchaku"},{"floor":8,"key":"Frozen Egg 2"},{"floor":9,"key":"Tiny Chest"}],"event_choices":[{"damage_healed":0,"gold_gain":0,"player_choice":"Forge","damage_taken":0,"max_hp_gain":0,"max_hp_loss":0,"event_name":"Accursed Blacksmith","floor":3,"gold_loss":0,"cards_upgraded":["Glacier"]},{"damage_healed":0,"gold_gain":0,"player_choice":"Take Wound","damage_taken":0,"relics_obtained":["Golden Idol"],"max_hp_gain":0,"max_hp_loss":0,"event_name":"Golden Idol","floor":11,"gold_loss":0,"cards_obtained":["Injury"]}],"is_beta":false,"boss_relics":[],"items_purged_floors":[],"is_endless":false,"potions_floor_spawned":[5,6,7,8],"killed_by":"3 Sentries","ascension_level":3}}