{"host":"t6r1isv2bex5ovch","time":1610920616,"event":{"mods":["AchievementEnabler","Act Like it!","Aspiration","BaseMod","Better Altar","Better Match","Better Note","Better Sensory Stone","Better Skull","Better Third Choice","Better Vampires","Colored Powertips","Displayed Cursed Tome","Downfall","Energized Spire","Evolution","Fox Events","Hubris","Minty Spire (QoL Compilation)","StSLib","The Disciple","The Jungle","The Runesmith"],"gold_per_floor":[99,113,127,142,142,42,42,42,27,27,61,125,158,184,196,294,294,94,113,132,132,150,178,178,88,98,109,126,126,143,177,190,293,293,293,311,323,151,151,151,151,151,26,41,51,70,87,87,97,97,97,97,97,97],"floor_reached":52,"language":"ENG","playtime":5993,"items_purged":["Slimebound:Defend_Slimebound","Slimebound:FinishingTackle","Slimebound:FinishingTackle"],"score":808,"play_id":"fd452667-c48a-4f73-aba9-4097d25e36da","local_time":"20210118075656","is_ascension_mode":false,"campfire_choices":[{"floor":1,"key":"RECALL"},{"data":"Slimebound:GoopSpray","floor":6,"key":"SMITH"},{"data":"Slimebound:CorrosiveSpit","floor":8,"key":"SMITH"},{"data":"Slimebound:Split","floor":10,"key":"SMITH"},{"data":"Slimebound:SplitSpecialist","floor":18,"key":"SMITH"},{"data":"Slimebound:LevelUp","floor":29,"key":"SMITH"},{"data":"Slimebound:GoopSpray","floor":35,"key":"SMITH"},{"data":"Slimebound:MegaLick","floor":40,"key":"SMITH"},{"data":"Slimebound:SamplingLick","floor":42,"key":"SMITH"}],"circlet_count":0,"master_deck":["Slimebound:GoopSpray+1","Slimebound:GoopSpray+1","Slimebound:Split+1","Slimebound:CorrosiveSpit+1","Slimebound:SplitAcid","Slimebound:RollThrough","Slimebound:RollThrough","Slimebound:SplitMire","Slimebound:SplitSpecialist+1","Slimebound:SplitMire","Slimebound:SamplingLick+1","Slimebound:SplitMire","Slimebound:Split+1","Slimebound:SplitLeeching+1","Slimebound:SplitSpecialist+1","Slimebound:MegaLick+1","Slimebound:LevelUp+1","Slimebound:SplitLeeching","Slimebound:HauntingLick","Slimebound:GoopSpray+1","Slimebound:Teamwork+1","Slimebound:LeadByExample+1","Slimebound:RejuvenatingLick+1","Slimebound:HauntingLick+1","Slimebound:RainOfGoop","Slimebound:LeadByExample","Slimebound:SplitAcid+1"],"relics":["Slimebound:AbsorbEndCombat","EVO:Axolotl","downfall:HeartBlessingRed","Mummified Hand","FossilizedHelix","aspiration:Lifesprig","aspiration:HiddenCompartment","aspiration:PoetsPen_weak","downfall:HeartBlessingBlue","downfall:HeartBlessingGreen","Runesmith:Nanobots","Letter Opener","Ancient Tea Set","Empty Cage","hubris:EmptyBottle","hubris:TinFlute","Toxic Egg 2"],"acts_visited":["Exordium","Exordium","TheBeyond","TheEnding"],"potions_floor_usage":[9,9,9,9,9,12,16,19,23,33,33,33,45,45,50,50,50,50,50,50],"damage_taken":[{"damage":3,"enemies":"Cultist","floor":2,"turns":3},{"damage":1,"enemies":"Jaw Worm","floor":3,"turns":3},{"damage":1,"enemies":"2 Louse","floor":4,"turns":1},{"damage":0,"enemies":"downfall:FleeingMerchant","floor":9,"turns":4},{"damage":7,"enemies":"Gremlin Nob","floor":11,"turns":4},{"damage":16,"enemies":"Lagavulin Event","floor":12,"turns":4},{"damage":0,"enemies":"3 Sentries","floor":13,"turns":4},{"damage":0,"enemies":"Blue Slaver","floor":15,"turns":3},{"damage":22,"enemies":"SI_SHIV_ARCHETYPE","floor":16,"turns":6},{"damage":0,"enemies":"theJungle:MUSHROOMGANG","floor":19,"turns":3},{"damage":17,"enemies":"theJungle:GiantWrat","floor":20,"turns":4},{"damage":17,"enemies":"Snake Plant","floor":22,"turns":3},{"damage":0,"enemies":"theJungle:MamaSnecko","floor":23,"turns":5},{"damage":0,"enemies":"downfall:FleeingMerchant","floor":25,"turns":4},{"damage":8,"enemies":"theJungle:JungleHuntersEncounter","floor":26,"turns":5},{"damage":7,"enemies":"theJungle:SlimyTreeVines","floor":27,"turns":4},{"damage":10,"enemies":"Snake Plant","floor":28,"turns":3},{"damage":0,"enemies":"theJungle:2_Snecko_Cultists","floor":30,"turns":3},{"damage":0,"enemies":"theJungle:Cassacara","floor":31,"turns":5},{"damage":12,"enemies":"theJungle:JungleHuntersEncounter","floor":32,"turns":4},{"damage":9,"enemies":"WA_ARCHETYPE_CALM","floor":33,"turns":7},{"damage":0,"enemies":"3 Shapes","floor":36,"turns":4},{"damage":0,"enemies":"Orb Walker","floor":37,"turns":4},{"damage":6,"enemies":"downfall:FleeingMerchant","floor":38,"turns":3},{"damage":0,"enemies":"Transient","floor":44,"turns":5},{"damage":0,"enemies":"Sphere and 2 Shapes","floor":45,"turns":3},{"damage":32,"enemies":"3 Darklings","floor":46,"turns":3},{"damage":0,"enemies":"Writhing Mass","floor":47,"turns":6},{"damage":0,"enemies":"Sphere and 2 Shapes","floor":49,"turns":3},{"damage":17,"enemies":"IC_BLOCK_ARCHETYPE","floor":50,"turns":8},{"damage":120,"enemies":"downfall:CharBossMerchant","floor":52,"turns":8}],"seed_played":"4102345377231932091","potions_obtained":[{"floor":3,"key":"EntropicBrew"},{"floor":4,"key":"SpeedPotion"},{"floor":11,"key":"Swift Potion"},{"floor":15,"key":"ColorlessPotion"},{"floor":19,"key":"Fruit Juice"},{"floor":22,"key":"Energy Potion"},{"floor":26,"key":"Slimebound:SlimyTonguePotion"},{"floor":28,"key":"bronze:BurnAndBuffPotion"},{"floor":32,"key":"Dexterity Potion"},{"floor":33,"key":"Slimebound:SlimyTonguePotion"},{"floor":44,"key":"Explosive Potion"},{"floor":45,"key":"Energy Potion"},{"floor":47,"key":"champ:CounterPotion"}],"is_trial":false,"path_per_floor":["R","M","M","M","?","R","T","R","$","R","E","?","E","T","M","B",null,"R","M","M","?","M","E","T","$","M","M","M","R","M","E","M","B",null,"R","M","M","$","?","R","T","R","$","M","M","M","M","?","M","B",null,"E"],"character_chosen":"SLIMEBOUND","items_purchased":["hubris:EmptyBottle","hubris:TinFlute"],"campfire_rested":0,"item_purchase_floors":[38,38],"current_hp_per_floor":[71,71,71,71,71,71,71,71,71,71,66,53,58,58,61,44,71,81,86,70,70,55,63,63,67,64,65,56,56,58,64,55,51,86,86,86,86,80,80,80,80,80,80,84,84,53,55,55,59,49,86,0,0,0],"gold":97,"neow_bonus":"TEN_PERCENT_HP_BONUS","is_daily":false,"chose_seed":false,"campfire_upgraded":8,"win_rate":0.0,"timestamp":1610920616,"path_taken":["R","M","M","M","?","R","T","R","?","R","E","?","E","?","M","BOSS","R","M","M","?","M","E","T","$","M","M","M","R","M","E","M","BOSS","R","M","M","$","?","R","T","R","$","M","M","?","M","?","M","BOSS","E"],"items_purchased_type":["Relic","Relic"],"build_version":"2020-12-22","purchased_purges":3,"victory":false,"max_hp_per_floor":[71,71,71,71,71,71,71,71,71,71,71,71,71,71,71,71,71,81,86,86,86,86,86,86,86,86,86,86,86,86,86,86,86,86,86,86,86,86,86,86,86,86,86,86,86,86,86,86,86,86,86,86,86,86],"card_choices":[{"not_picked":["Slimebound:ItLooksTasty","Slimebound:ComboTackle"],"picked":"Slimebound:SplitAcid","floor":2},{"not_picked":["Slimebound:RainOfGoop","Slimebound:FinishingTackle"],"picked":"Slimebound:RollThrough","floor":3},{"not_picked":["Slimebound:SlimeBrawl","Slimebound:AcidTongue"],"picked":"Slimebound:RollThrough","floor":4},{"not_picked":["Slimebound:FinishingTackle","Slimebound:ItLooksTasty"],"picked":"Slimebound:SplitMire","floor":9},{"not_picked":["Slimebound:AcidTongue","Slimebound:LeechingTouch","Slimebound:LevelUp"],"picked":"SKIP","floor":11},{"not_picked":["Slimebound:TongueLash","Slimebound:Prepare"],"picked":"Slimebound:SplitSpecialist","floor":12},{"not_picked":["Slimebound:LeechEnergy","Slimebound:SlimeSlap"],"picked":"Slimebound:SplitMire","floor":13},{"not_picked":["Slimebound:GrowthPunch","Slimebound:Schlurp","Slimebound:GoopTackle"],"picked":"SKIP","floor":15},{"not_picked":["Slimebound:FinishingTackle","Slimebound:ItLooksTasty"],"picked":"Slimebound:SamplingLick","floor":19},{"not_picked":["Slimebound:ServeAndProtect","Slimebound:Replication"],"picked":"Slimebound:SplitMire","floor":20},{"not_picked":["Slimebound:TongueLash+1","Slimebound:LeechingTouch"],"picked":"Slimebound:SplitLeeching+1","floor":22},{"not_picked":["Slimebound:Prepare","Slimebound:ViciousTackle","Slimebound:Grow"],"picked":"SKIP","floor":23},{"not_picked":["Slimebound:SplitBruiser+1","Slimebound:SplitLeeching"],"picked":"Slimebound:SplitSpecialist+1","floor":25},{"not_picked":["Slimebound:SplitMire","Slimebound:SplitBruiser"],"picked":"Slimebound:MegaLick","floor":26},{"not_picked":["Slimebound:GoopTackle+1","Slimebound:ForwardTackle","Slimebound:ProtectTheBoss"],"picked":"SKIP","floor":27},{"not_picked":["Slimebound:LeechEnergy","Slimebound:SlimeBrawl"],"picked":"Slimebound:LevelUp","floor":28},{"not_picked":["Slimebound:RollThrough","Slimebound:SplitMire"],"picked":"Slimebound:SplitLeeching","floor":30},{"not_picked":["Slimebound:LevelUp","Slimebound:SlimeBrawl"],"picked":"Slimebound:HauntingLick","floor":31},{"not_picked":["Slimebound:ComboTackle+1","Slimebound:SplitLeeching+1"],"picked":"Slimebound:GoopSpray","floor":32},{"not_picked":["Slimebound:MassFeed","Slimebound:PrepareCrush"],"picked":"Slimebound:Teamwork","floor":33},{"not_picked":["Slimebound:SplitLeeching","Slimebound:SplitMire"],"picked":"Slimebound:LeadByExample+1","floor":36},{"not_picked":["Slimebound:LivingWall","Slimebound:LeadByExample+1"],"picked":"Slimebound:RejuvenatingLick+1","floor":37},{"not_picked":["Slimebound:LeechEnergy","Slimebound:DuplicatedForm"],"picked":"Slimebound:HauntingLick+1","floor":38},{"not_picked":["Slimebound:LeechEnergy+1","Slimebound:SplitBruiser+1"],"picked":"Slimebound:LeadByExample","floor":44},{"not_picked":["Slimebound:PressTheAttack","Slimebound:SlimeTap+1"],"picked":"Slimebound:SplitAcid+1","floor":45},{"not_picked":["Slimebound:LeechingTouch","Slimebound:ViciousTackle+1","Slimebound:SlimeBarrage+1"],"picked":"SKIP","floor":46},{"not_picked":["Slimebound:PressTheAttack","Slimebound:Chomp","Slimebound:BestDefense+1"],"picked":"SKIP","floor":47},{"not_picked":["Slimebound:ComboTackle+1","Slimebound:LeechEnergy+1","Slimebound:Gluttony+1"],"picked":"SKIP","floor":49}],"player_experience":372332,"relics_obtained":[{"floor":11,"key":"Mummified Hand"},{"floor":12,"key":"FossilizedHelix"},{"floor":13,"key":"aspiration:Lifesprig"},{"floor":14,"key":"aspiration:HiddenCompartment"},{"floor":23,"key":"Runesmith:Nanobots"},{"floor":24,"key":"Letter Opener"},{"floor":31,"key":"Ancient Tea Set"},{"floor":41,"key":"Toxic Egg 2"}],"event_choices":[{"cards_removed":["Slimebound:GoopSpray"],"damage_healed":0,"gold_gain":0,"player_choice":"Take \u0026 Give","damage_taken":0,"max_hp_gain":0,"max_hp_loss":0,"event_name":"betterNote:BetterNote","floor":21,"gold_loss":0,"cards_obtained":["Slimebound:Split"]}],"is_beta":false,"boss_relics":[{"not_picked":["Runic Dome","energizedSpire:NeverEndingSparkler"],"picked":"aspiration:PoetsPen_weak"},{"not_picked":["SacredBark","Runesmith:UraniumAnvil"],"picked":"Empty Cage"}],"items_purged_floors":[25,38,43],"is_endless":false,"potions_floor_spawned":[3,4,11,15,19,22,26,28,32,33,44,45,47],"killed_by":"downfall:CharBossMerchant","ascension_level":0}}