{"host":"cdcsem0stf6rethc","time":1610885914,"event":{"mods":["AchievementEnabler","BaseMod","Colored Map","Highlight Path","Minty Spire (QoL Compilation)","StSLib","The Animator"],"gold_per_floor":[130,80,106,31,31,59,71,71,71,71,91,104,104,119,119,231,231,249,262,162,162,177,177,197,197,197,0,0,15,15,15,15],"floor_reached":31,"language":"ENG","playtime":1415,"items_purged":["animator:Strike","animator:Strike","animator:Strike"],"score":287,"play_id":"8fdf58d9-a664-46a6-8ffa-2ea13a487e3a","local_time":"20210117201834","is_ascension_mode":false,"campfire_choices":[{"data":"animator:AcuraAkari","floor":8,"key":"SMITH"},{"data":"animator:Entoma","floor":10,"key":"SMITH"},{"data":"animator:Entoma+3","floor":13,"key":"SMITH"},{"data":"animator:LuciaKonohana","floor":15,"key":"SMITH"},{"data":"animator:Ainz","floor":23,"key":"SMITH"},{"data":"animator:SirTouchMe","floor":25,"key":"SMITH"},{"data":"animator:Layla","floor":28,"key":"SMITH"}],"circlet_count":0,"master_deck":["animator:Strike_HitsugiNoChaika","animator:Defend_HitsugiNoChaika","animator:Defend","animator:AcuraAkari+1","animator:Gillette","animator:Fredrika","animator:Sebas","animator:Pride","animator:Entoma+7","animator:LuciaKonohana+1","animator:Ainz+1","animator:SirTouchMe+1","animator:Layla+1"],"relics":["animator:LivingPicture","animator:TheMissingPiece","NeowsBlessing","animator:Hoodie","animator:ShionDessert","Cursed Key","animator:CursedGlyph","Nilry\u0027s Codex"],"acts_visited":["Exordium","TheCity"],"potions_floor_usage":[16,16,16,31,31],"damage_taken":[{"damage":0,"enemies":"2 Louse","floor":1,"turns":1},{"damage":0,"enemies":"Small Slimes","floor":3,"turns":1},{"damage":0,"enemies":"Lagavulin","floor":6,"turns":2},{"damage":0,"enemies":"Cultist","floor":7,"turns":4},{"damage":0,"enemies":"Gremlin Gang","floor":11,"turns":3},{"damage":1,"enemies":"Blue Slaver","floor":12,"turns":3},{"damage":14,"enemies":"Large Slime","floor":14,"turns":5},{"damage":20,"enemies":"Hexaghost","floor":16,"turns":6},{"damage":0,"enemies":"Chosen","floor":18,"turns":3},{"damage":0,"enemies":"Spheric Guardian","floor":19,"turns":3},{"damage":5,"enemies":"3 Cultists","floor":22,"turns":4},{"damage":26,"enemies":"Snake Plant","floor":24,"turns":4},{"damage":0,"enemies":"Chosen and Byrds","floor":29,"turns":4},{"damage":31,"enemies":"Cultist and Chosen","floor":31,"turns":5}],"seed_played":"2851288489659889396","potions_obtained":[{"floor":6,"key":"SkillPotion"},{"floor":7,"key":"Energy Potion"},{"floor":14,"key":"EssenceOfSteel"},{"floor":16,"key":"Dexterity Potion"},{"floor":19,"key":"DistilledChaos"},{"floor":22,"key":"SmokeBomb"}],"is_trial":false,"path_per_floor":["M","?","M","$","?","E","M","R","T","R","M","M","R","M","R","B",null,"M","M","$","?","M","R","M","R","T","$","R","M","?","M"],"character_chosen":"THE_ANIMATOR","items_purchased":["animator:Layla"],"campfire_rested":0,"item_purchase_floors":[27],"current_hp_per_floor":[66,66,66,66,59,59,63,63,63,63,68,69,69,57,57,37,79,78,81,81,73,70,70,44,44,44,44,44,47,31,0,0],"gold":15,"neow_bonus":"THREE_ENEMY_KILL","is_daily":false,"chose_seed":true,"campfire_upgraded":7,"win_rate":0.0,"timestamp":1610885914,"path_taken":["M","?","M","$","?","E","M","R","T","R","M","M","R","M","R","BOSS","M","M","$","?","?","R","M","R","T","$","R","?","?","M"],"items_purchased_type":["Card"],"build_version":"2020-12-22","purchased_purges":3,"victory":false,"max_hp_per_floor":[66,66,66,66,66,66,70,70,70,70,75,77,77,79,79,79,79,78,81,81,81,83,83,83,83,83,83,83,86,86,86,86],"card_choices":[{"not_picked":["animator:LizardPriest","animator:Spearman"],"picked":"animator:Fredrika","floor":1},{"not_picked":["animator:Entoma","animator:Fredrika"],"picked":"animator:Sebas","floor":3},{"not_picked":["animator:Henrietta","animator:YoshinoHaruhiko"],"picked":"animator:Pride","floor":6},{"not_picked":["animator:Cocytus","animator:Demiurge"],"picked":"animator:Entoma","floor":7},{"not_picked":["animator:ToukaNishikujou","animator:ShizuruNakatsu","animator:Chibimoth"],"picked":"SKIP","floor":11},{"not_picked":["animator:Tohya","animator:LizardPriest","animator:WinryRockbell"],"picked":"SKIP","floor":12},{"not_picked":["animator:Chibimoth","animator:Sebas"],"picked":"animator:LuciaKonohana","floor":14},{"not_picked":["animator:AkaneSenri","animator:YuriNakamura"],"picked":"animator:Ainz","floor":16},{"not_picked":["animator:Cocytus","animator:Shalltear"],"picked":"animator:SirTouchMe","floor":18},{"not_picked":["animator:Scar","animator:Rayneshia+1","animator:ChaikaBohdan"],"picked":"SKIP","floor":19},{"not_picked":["animator:Guy","animator:Chaa","animator:Shiroe"],"picked":"SKIP","floor":22},{"not_picked":["animator:SougenEsaka","animator:Tetora"],"picked":"animator:Entoma","floor":24}],"player_experience":205638,"relics_obtained":[{"floor":6,"key":"animator:Hoodie"},{"floor":9,"key":"animator:ShionDessert"},{"floor":18,"key":"animator:CursedGlyph"},{"floor":30,"key":"Nilry\u0027s Codex"}],"event_choices":[{"cards_removed":["animator:Defend"],"damage_healed":0,"gold_gain":0,"player_choice":"Card Removal","damage_taken":0,"max_hp_gain":0,"max_hp_loss":0,"event_name":"The Cleric","floor":2,"gold_loss":50},{"cards_removed":["animator:Defend"],"damage_healed":0,"gold_gain":0,"player_choice":"Card Removal","damage_taken":7,"max_hp_gain":0,"max_hp_loss":0,"event_name":"Golden Wing","floor":5,"gold_loss":0},{"damage_healed":0,"gold_gain":0,"player_choice":"Damaged","damage_taken":8,"max_hp_gain":0,"max_hp_loss":0,"event_name":"Wheel of Change","floor":21,"gold_loss":0},{"damage_healed":0,"gold_gain":0,"player_choice":"Obtained Book","damage_taken":16,"max_hp_gain":0,"max_hp_loss":0,"event_name":"Cursed Tome","floor":30,"gold_loss":0}],"is_beta":false,"boss_relics":[{"not_picked":["Fusion Hammer","Calling Bell"],"picked":"Cursed Key"}],"items_purged_floors":[4,20,27],"is_endless":false,"potions_floor_spawned":[6,7,14,16,19,22],"killed_by":"Cultist and Chosen","ascension_level":0}}