{"host":"r6jigiblrojhp6xe","time":1610904517,"event":{"mods":["AchievementEnabler","BaseMod","DeckTracker","Minty Spire (QoL Compilation)","Quick Restart","Rare Cards Sparkle","Relic Stats","Replay The Spire","StSLib","SuperFastMode","The Cursed","everything is the same but u backflip on backflip"],"gold_per_floor":[211,243,243,253,253,265,291,291,291,305,337,337,33,47,47,122,122,139,150,170,170,170,170],"floor_reached":22,"language":"KOR","playtime":950,"items_purged":["Overencumbered","Defend_R"],"score":467,"play_id":"adbe831b-0a69-4236-b264-937d5eee3753","local_time":"20210118022837","is_ascension_mode":true,"campfire_choices":[{"data":"Uppercut","floor":8,"key":"SMITH"},{"data":"Evolve","floor":12,"key":"SMITH"},{"data":"Shrug It Off","floor":15,"key":"SMITH"}],"circlet_count":0,"master_deck":["AscendersBane","Strike_R","Strike_R","Strike_R","Defend_R","Defend_R","Defend_R","Bash","Uppercut+1","Warcry+1","Shrug It Off+1","Flex","Evolve+1","Pommel Strike+1","Feed","Battle Trance","Languid"],"relics":["Burning Blood","ReplayTheSpireMod:CursedCoin","PreservedInsect","Replay:Ringing Soul","Centennial Puzzle","Lee\u0027s Waffle","Velvet Choker","Replay:Bottled Flurry"],"acts_visited":["Exordium","TheCity"],"potions_floor_usage":[7,11,16,18],"damage_taken":[{"damage":18,"enemies":"Small Slimes","floor":1,"turns":4},{"damage":0,"enemies":"2 Louse","floor":4,"turns":3},{"damage":0,"enemies":"Cultist","floor":6,"turns":3},{"damage":24,"enemies":"Gremlin Nob","floor":7,"turns":4},{"damage":22,"enemies":"Large Slime","floor":10,"turns":6},{"damage":0,"enemies":"Lagavulin","floor":11,"turns":4},{"damage":6,"enemies":"Looter","floor":14,"turns":3},{"damage":56,"enemies":"Fading Forest","floor":16,"turns":13},{"damage":30,"enemies":"3 Byrds","floor":18,"turns":8},{"damage":13,"enemies":"Shell Parasite","floor":19,"turns":6},{"damage":12,"enemies":"Cultist and Chosen","floor":20,"turns":9},{"damage":14,"enemies":"Snake Plant","floor":22,"turns":3}],"seed_played":"-7275883516337938363","potions_obtained":[{"floor":1,"key":"BlessingOfTheForge"},{"floor":10,"key":"AttackPotion"},{"floor":11,"key":"LiquidMemories"},{"floor":14,"key":"GamblersBrew"},{"floor":18,"key":"AttackPotion"}],"is_trial":false,"path_per_floor":["M","$","?","M","?","M","E","R","T","M","E","R","$","M","R","B",null,"M","M","M","?","M"],"character_chosen":"IRONCLAD","items_purchased":["ReplayTheSpireMod:CursedCoin","Warcry+1","Lee\u0027s Waffle","Pommel Strike+1"],"campfire_rested":0,"item_purchase_floors":[2,2,13,13],"current_hp_per_floor":[56,56,49,55,55,61,43,43,43,27,33,33,85,85,85,38,76,55,51,48,51,37,37],"gold":170,"neow_bonus":"HUNDRED_GOLD","is_daily":false,"chose_seed":false,"campfire_upgraded":3,"win_rate":0.0,"timestamp":1610904517,"path_taken":["M","$","?","M","?","M","E","R","T","M","E","R","$","M","R","BOSS","M","M","M","?","M"],"items_purchased_type":["Relic","Card","Relic","Card"],"build_version":"2020-12-22","purchased_purges":2,"victory":false,"max_hp_per_floor":[75,75,75,75,75,75,75,75,75,75,75,75,85,85,85,88,88,91,94,97,100,100,100],"relic_stats":{"Centennial Puzzle":[18],"Lee\u0027s Waffle":49,"counters":[12,66],"PreservedInsect":28,"obtain_stats":[{"Replay:Ringing Soul":9,"Centennial Puzzle":11,"Lee\u0027s Waffle":13,"ReplayTheSpireMod:CursedCoin":2,"Velvet Choker":17,"PreservedInsect":7,"Replay:Bottled Flurry":21,"Burning Blood":0},{"Replay:Ringing Soul":4,"Centennial Puzzle":6,"Lee\u0027s Waffle":6,"ReplayTheSpireMod:CursedCoin":1,"Velvet Choker":8,"PreservedInsect":4,"Replay:Bottled Flurry":11,"Burning Blood":0},{"Replay:Ringing Soul":14,"Centennial Puzzle":24,"Lee\u0027s Waffle":24,"ReplayTheSpireMod:CursedCoin":4,"Velvet Choker":40,"PreservedInsect":14,"Replay:Bottled Flurry":63,"Burning Blood":0}],"Burning Blood":66},"card_choices":[{"not_picked":["Burning Pact","Flex"],"picked":"Uppercut","floor":1},{"not_picked":["Warcry","Clothesline"],"picked":"Shrug It Off","floor":4},{"not_picked":["ReplayTheSpireMod:Strike From Hell","Clothesline","Pommel Strike"],"picked":"SKIP","floor":6},{"not_picked":["Thunderclap","Pommel Strike"],"picked":"Evolve","floor":7},{"not_picked":["Warcry","Dual Wield","Heavy Blade"],"picked":"SKIP","floor":10},{"not_picked":["Rupture","Replay:Undeath\u0027s Touch","Evolve"],"picked":"SKIP","floor":11},{"not_picked":["Armaments","Headbutt","Evolve"],"picked":"SKIP","floor":14},{"not_picked":["Fiend Fire","Berserk"],"picked":"Feed","floor":16},{"not_picked":["Anger","Warcry+1","Clash"],"picked":"SKIP","floor":18},{"not_picked":["Perfected Strike","True Grit"],"picked":"Battle Trance","floor":19},{"not_picked":["Feel No Pain","Combust","Flex"],"picked":"SKIP","floor":20}],"player_experience":574452,"relics_obtained":[{"floor":7,"key":"PreservedInsect"},{"floor":9,"key":"Replay:Ringing Soul"},{"floor":11,"key":"Centennial Puzzle"}],"event_choices":[{"cards_removed":["Strike_R"],"damage_healed":0,"gold_gain":0,"player_choice":"Card Removal","damage_taken":7,"max_hp_gain":0,"max_hp_loss":0,"event_name":"Golden Wing","floor":3,"gold_loss":0},{"damage_healed":0,"gold_gain":0,"cards_transformed":["Strike_R"],"player_choice":"Transformed","damage_taken":0,"max_hp_gain":0,"max_hp_loss":0,"event_name":"Transmorgrifier","floor":5,"gold_loss":0,"cards_obtained":["Flex"]}],"is_beta":false,"boss_relics":[{"not_picked":["Snecko Eye","Empty Cage"],"picked":"Velvet Choker"}],"items_purged_floors":[2,13],"is_endless":false,"potions_floor_spawned":[1,10,11,14,18],"killed_by":"Snake Plant","ascension_level":20}}