{"host":"2se5dq1do2gp0x9k","time":1610923849,"event":{"mods":["AchievementEnabler","BaseMod","Block Reminder","Colored Map","Colored Powertips","Minty Spire (QoL Compilation)","Relic Stats","StSLib","SuperFastMode"],"gold_per_floor":[110,129,129,40,40,40,70,70,70,70,70,81,94,19,19,114,114,126,140,140,65,77,77,176,8,8,8,8,18,18,18,18],"floor_reached":31,"language":"ENG","playtime":869,"items_purged":["Strike_G"],"score":347,"play_id":"1df65b44-8e5a-4674-9ea8-f5c26afc28f9","local_time":"20210117145049","is_ascension_mode":true,"campfire_choices":[{"data":"Crippling Poison","floor":6,"key":"SMITH"},{"floor":8,"key":"REST"},{"data":"Well Laid Plans","floor":10,"key":"SMITH"},{"data":"Crippling Poison","floor":15,"key":"SMITH"},{"data":"Burst","floor":23,"key":"SMITH"},{"data":"Apotheosis","floor":27,"key":"SMITH"}],"circlet_count":0,"master_deck":["AscendersBane","Strike_G","Strike_G","Strike_G","Defend_G","Defend_G","Defend_G","Defend_G","Defend_G","Survivor","Neutralize","Jack Of All Trades","Dagger Spray","Crippling Poison+1","Well Laid Plans+1","PiercingWail","Predator","Crippling Poison+1","Crippling Poison","Burst+1","Outmaneuver","Dagger Throw+1","Apotheosis+1"],"relics":["Ring of the Serpent","Letter Opener","Darkstone Periapt","Dead Branch"],"acts_visited":["Exordium","TheCity"],"potions_floor_usage":[19,31,31],"damage_taken":[{"damage":2,"enemies":"Cultist","floor":1,"turns":6},{"damage":1,"enemies":"Small Slimes","floor":2,"turns":4},{"damage":49,"enemies":"Gremlin Nob","floor":7,"turns":6},{"damage":0,"enemies":"2 Louse","floor":12,"turns":2},{"damage":0,"enemies":"Looter","floor":13,"turns":2},{"damage":32,"enemies":"The Guardian","floor":16,"turns":11},{"damage":21,"enemies":"2 Thieves","floor":18,"turns":4},{"damage":13,"enemies":"3 Byrds","floor":19,"turns":3},{"damage":3,"enemies":"Snecko","floor":22,"turns":5},{"damage":9,"enemies":"Cultist and Chosen","floor":29,"turns":5},{"damage":44,"enemies":"Slavers","floor":31,"turns":4}],"seed_played":"-8086177892728333312","potions_obtained":[{"floor":12,"key":"FearPotion"},{"floor":16,"key":"BlessingOfTheForge"},{"floor":19,"key":"Block Potion"},{"floor":29,"key":"FearPotion"}],"is_trial":false,"path_per_floor":["M","M","?","$","?","R","E","R","T","R","?","M","M","$","R","B",null,"M","M","?","?","M","R","?","$","T","R","?","M","?","E"],"character_chosen":"THE_SILENT","items_purchased":["Well Laid Plans","PiercingWail","Apotheosis"],"campfire_rested":1,"item_purchase_floors":[4,4,25],"current_hp_per_floor":[61,60,60,60,60,60,11,32,32,32,55,55,55,55,55,23,58,37,24,30,30,27,27,27,27,27,27,27,18,43,0,0],"gold":18,"neow_bonus":"RANDOM_COLORLESS","is_daily":false,"chose_seed":false,"campfire_upgraded":5,"win_rate":0.0,"timestamp":1610923849,"path_taken":["M","M","?","?","?","R","E","R","T","R","?","M","M","$","R","BOSS","M","M","?","?","M","R","?","$","T","R","?","M","?","E"],"items_purchased_type":["Card","Card","Card"],"build_version":"2020-12-22","purchased_purges":1,"victory":false,"max_hp_per_floor":[70,70,70,70,70,70,70,70,70,70,70,70,70,70,70,70,70,70,70,76,76,76,76,76,76,76,76,76,76,76,76,76],"relic_stats":{"Darkstone Periapt":6,"counters":[11,52],"Dead Branch":[25],"Letter Opener":[85],"obtain_stats":[{"Darkstone Periapt":9,"Dead Branch":26,"Letter Opener":7,"Ring of the Serpent":17,"Ring of the Snake":0},{"Darkstone Periapt":3,"Dead Branch":9,"Letter Opener":3,"Ring of the Serpent":6,"Ring of the Snake":0},{"Darkstone Periapt":16,"Dead Branch":43,"Letter Opener":16,"Ring of the Serpent":31,"Ring of the Snake":0}]},"card_choices":[{"not_picked":["Blind","Bandage Up"],"picked":"Jack Of All Trades","floor":0},{"not_picked":["Prepared","Expertise"],"picked":"Dagger Spray","floor":1},{"not_picked":["Sucker Punch","Dagger Spray"],"picked":"Crippling Poison","floor":2},{"not_picked":["Unload","Infinite Blades"],"picked":"Predator","floor":7},{"not_picked":["Outmaneuver","Calculated Gamble"],"picked":"Crippling Poison","floor":12},{"not_picked":["Dagger Spray","Dodge and Roll"],"picked":"Crippling Poison","floor":13},{"not_picked":["Night Terror","Unload"],"picked":"Burst","floor":16},{"not_picked":["Poisoned Stab","Infinite Blades"],"picked":"Outmaneuver","floor":18},{"not_picked":["Slice","Outmaneuver"],"picked":"Dagger Throw+1","floor":19},{"not_picked":["Cloak And Dagger","Caltrops","Deadly Poison"],"picked":"SKIP","floor":22},{"not_picked":["Dodge and Roll","Poisoned Stab","Finisher"],"picked":"SKIP","floor":29}],"player_experience":3896716,"relics_obtained":[{"floor":7,"key":"Letter Opener"},{"floor":9,"key":"Darkstone Periapt"},{"floor":26,"key":"Dead Branch"}],"event_choices":[{"cards_removed":["Strike_G"],"damage_healed":0,"gold_gain":0,"player_choice":"Offered Basic","damage_taken":0,"max_hp_gain":0,"max_hp_loss":0,"event_name":"Bonfire Elementals","floor":3,"gold_loss":0},{"damage_healed":0,"gold_gain":0,"player_choice":"Leave","damage_taken":0,"max_hp_gain":0,"max_hp_loss":0,"event_name":"The Cleric","floor":5,"gold_loss":0},{"damage_healed":23,"gold_gain":0,"player_choice":"Banana","damage_taken":0,"max_hp_gain":0,"max_hp_loss":0,"event_name":"Big Fish","floor":11,"gold_loss":0},{"damage_healed":0,"gold_gain":0,"player_choice":"Smashed Altar","damage_taken":0,"max_hp_gain":0,"max_hp_loss":0,"event_name":"Forgotten Altar","floor":20,"gold_loss":0,"cards_obtained":["Decay"]},{"cards_removed":["Decay"],"damage_healed":0,"gold_gain":0,"player_choice":"Gave Gold","damage_taken":0,"max_hp_gain":0,"max_hp_loss":0,"event_name":"Beggar","floor":21,"gold_loss":75},{"damage_healed":0,"gold_gain":99,"player_choice":"Stole From Cult","damage_taken":0,"max_hp_gain":0,"max_hp_loss":0,"event_name":"Nest","floor":24,"gold_loss":0},{"damage_healed":0,"gold_gain":0,"player_choice":"Ignored","damage_taken":0,"max_hp_gain":0,"max_hp_loss":0,"event_name":"Cursed Tome","floor":28,"gold_loss":0},{"damage_healed":25,"gold_gain":0,"player_choice":"Heal","damage_taken":0,"max_hp_gain":0,"max_hp_loss":0,"event_name":"The Library","floor":30,"gold_loss":0}],"is_beta":false,"boss_relics":[{"not_picked":["Ectoplasm","Coffee Dripper"],"picked":"Ring of the Serpent"}],"items_purged_floors":[14],"is_endless":false,"potions_floor_spawned":[12,16,19,29],"killed_by":"Slavers","ascension_level":10}}