{"host":"2tgyrzvaa7l04o2e","time":1610843812,"event":{"mods":["BaseMod","Highlight Path","Minty Spire (QoL Compilation)","Permanent Neow","Relic Stats"],"gold_per_floor":[219,219,294,294,39,64,64,77,77,96,109,136,148,181,181,181,181],"floor_reached":16,"language":"ENG","playtime":844,"items_purged":[],"score":186,"play_id":"1ba60bf8-cb84-4b87-beed-603927d92cc3","local_time":"20210117013652","is_ascension_mode":true,"campfire_choices":[{"floor":7,"key":"REST"},{"data":"Feel No Pain","floor":15,"key":"SMITH"}],"circlet_count":0,"master_deck":["AscendersBane","Strike_R","Strike_R+1","Strike_R","Strike_R","Defend_R","Defend_R+1","Defend_R","Defend_R","Bash","Intimidate","Shrug It Off","Clothesline","Battle Trance+1","Inflame","Warcry+1","Disarm+1","Armaments+1","Feel No Pain+1","Fiend Fire"],"relics":["Burning Blood","Medical Kit","Toxic Egg 2","PreservedInsect","HornCleat","Sundial"],"acts_visited":["Exordium"],"potions_floor_usage":[11,16,16,16,16],"damage_taken":[{"damage":7,"enemies":"2 Louse","floor":1,"turns":4},{"damage":24,"enemies":"Gremlin Nob","floor":6,"turns":4},{"damage":1,"enemies":"Jaw Worm","floor":8,"turns":4},{"damage":9,"enemies":"Cultist","floor":10,"turns":5},{"damage":9,"enemies":"Gremlin Gang","floor":11,"turns":7},{"damage":24,"enemies":"3 Sentries","floor":12,"turns":8},{"damage":1,"enemies":"Large Slime","floor":13,"turns":7},{"damage":5,"enemies":"Gremlin Nob","floor":14,"turns":4},{"damage":41,"enemies":"Slime Boss","floor":16,"turns":11}],"seed_played":"7871119501622183335","potions_obtained":[{"floor":10,"key":"Block Potion"},{"floor":12,"key":"DuplicationPotion"},{"floor":13,"key":"Weak Potion"},{"floor":14,"key":"EntropicBrew"}],"is_trial":false,"path_per_floor":["M","?","?","?","$","E","R","M","T","M","M","E","M","E","R","B"],"character_chosen":"IRONCLAD","items_purchased":["Medical Kit","Shrug It Off","Clothesline"],"campfire_rested":1,"item_purchase_floors":[5,5,5],"current_hp_per_floor":[71,55,44,44,44,26,50,55,55,52,49,31,36,37,37,0,0],"gold":181,"neow_bonus":"HUNDRED_GOLD","is_daily":false,"chose_seed":false,"campfire_upgraded":1,"win_rate":0.0,"timestamp":1610843812,"path_taken":["M","?","?","?","?","E","R","M","T","M","M","E","?","E","R","BOSS"],"items_purchased_type":["Relic","Card","Card"],"build_version":"2020-12-22","purchased_purges":0,"victory":false,"max_hp_per_floor":[80,80,80,80,80,80,80,80,80,80,80,80,80,80,80,80,80],"relic_stats":{"counters":[9,54],"Sundial":[2],"PreservedInsect":54,"Medical Kit":[0],"obtain_stats":[{"HornCleat":12,"Sundial":14,"PreservedInsect":9,"Toxic Egg 2":6,"Medical Kit":5,"Burning Blood":0},{"HornCleat":6,"Sundial":8,"PreservedInsect":3,"Toxic Egg 2":2,"Medical Kit":1,"Burning Blood":0},{"HornCleat":32,"Sundial":43,"PreservedInsect":12,"Toxic Egg 2":8,"Medical Kit":4,"Burning Blood":0}],"Burning Blood":48},"card_choices":[{"not_picked":["Sword Boomerang","Wild Strike","True Grit"],"picked":"SKIP","floor":1},{"not_picked":["Heavy Blade","Iron Wave"],"picked":"Battle Trance+1","floor":6},{"not_picked":["Thunderclap","Wild Strike"],"picked":"Inflame","floor":8},{"not_picked":["Impervious+1","Cleave"],"picked":"Warcry+1","floor":10},{"not_picked":["Entrench+1","Warcry+1"],"picked":"Disarm+1","floor":11},{"not_picked":["Flex+1","Barricade"],"picked":"Armaments+1","floor":12},{"not_picked":["Flex+1","Second Wind+1"],"picked":"Feel No Pain","floor":13},{"not_picked":["Flex+1","Burning Pact+1"],"picked":"Fiend Fire","floor":14}],"player_experience":632573,"relics_obtained":[{"floor":6,"key":"Toxic Egg 2"},{"floor":9,"key":"PreservedInsect"},{"floor":12,"key":"HornCleat"},{"floor":14,"key":"Sundial"}],"event_choices":[{"damage_healed":0,"gold_gain":0,"player_choice":"Entered Light","damage_taken":16,"max_hp_gain":0,"max_hp_loss":0,"event_name":"Shining Light","floor":2,"gold_loss":0,"cards_upgraded":["Defend_R","Strike_R"]},{"damage_healed":0,"gold_gain":75,"player_choice":"Gather Gold","damage_taken":11,"max_hp_gain":0,"max_hp_loss":0,"event_name":"World of Goop","floor":3,"gold_loss":0},{"damage_healed":0,"gold_gain":0,"cards_transformed":["Strike_R"],"player_choice":"Change","damage_taken":0,"max_hp_gain":0,"max_hp_loss":0,"event_name":"Living Wall","floor":4,"gold_loss":0,"cards_obtained":["Intimidate"]}],"is_beta":false,"boss_relics":[],"items_purged_floors":[],"is_endless":false,"potions_floor_spawned":[10,12,13,14],"killed_by":"Slime Boss","ascension_level":11}}