{"host":"p1xsuo25udtrkbq2","time":1610863689,"event":{"mods":["BaseMod","Colored Map","Highlight Path","Minty Spire (QoL Compilation)","Rare Cards Sparkle","Relic Stats","Slay the Relics Exporter","StSLib","everything is the same but u backflip on backflip"],"gold_per_floor":[118,134,134,33,33,68,68,68,68],"floor_reached":8,"language":"ENG","playtime":1545,"items_purged":[],"score":81,"play_id":"0bd055cf-66ea-4278-8f7c-530f9b5f76b0","local_time":"20210117010809","is_ascension_mode":true,"campfire_choices":[{"floor":7,"key":"REST"}],"circlet_count":0,"master_deck":["AscendersBane","Strike_G","Strike_G","Strike_G","Strike_G","Defend_G","Defend_G","Defend_G","Defend_G","Defend_G","Survivor","Neutralize","Acrobatics","Footwork","Dagger Spray","Deflect","Footwork"],"relics":["Ring of the Snake","Golden Idol","Strawberry"],"acts_visited":["Exordium"],"potions_floor_usage":[6,6],"damage_taken":[{"damage":10,"enemies":"Small Slimes","floor":1,"turns":5},{"damage":6,"enemies":"Jaw Worm","floor":2,"turns":7},{"damage":30,"enemies":"Lagavulin","floor":6,"turns":12},{"damage":65,"enemies":"Gremlin Nob","floor":8,"turns":5}],"seed_played":"1007251691393622130","potions_obtained":[{"floor":2,"key":"Fire Potion"}],"is_trial":false,"path_per_floor":["M","M","?","$","?","E","R","E"],"character_chosen":"THE_SILENT","items_purchased":["Deflect","Weak Potion"],"campfire_rested":1,"item_purchase_floors":[4,4],"current_hp_per_floor":[53,47,40,40,40,17,38,0,0],"gold":68,"neow_bonus":"THREE_CARDS","is_daily":false,"chose_seed":true,"campfire_upgraded":0,"win_rate":0.0,"timestamp":1610863689,"path_taken":["M","M","?","?","?","E","R","E"],"items_purchased_type":["Card","Potion"],"build_version":"2020-12-22","purchased_purges":0,"victory":false,"max_hp_per_floor":[70,70,70,70,65,72,72,72,72],"relic_stats":{"counters":[4,29],"Golden Idol":7,"obtain_stats":[{"Golden Idol":5,"Strawberry":6,"Ring of the Snake":0},{"Golden Idol":2,"Strawberry":3,"Ring of the Snake":0},{"Golden Idol":12,"Strawberry":24,"Ring of the Snake":0}],"Ring of the Snake":[8]},"card_choices":[{"not_picked":["Prepared","Dodge and Roll"],"picked":"Acrobatics","floor":0},{"not_picked":["Dagger Throw","Sucker Punch"],"picked":"Footwork","floor":1},{"not_picked":["Footwork","Caltrops"],"picked":"Dagger Spray","floor":2},{"not_picked":["Blur","Finisher"],"picked":"Footwork","floor":6}],"player_experience":905756,"relics_obtained":[{"floor":6,"key":"Strawberry"}],"event_choices":[{"cards_removed":["Strike_G"],"damage_healed":0,"gold_gain":0,"player_choice":"Card Removal","damage_taken":7,"max_hp_gain":0,"max_hp_loss":0,"event_name":"Golden Wing","floor":3,"gold_loss":0},{"damage_healed":0,"gold_gain":0,"player_choice":"Lose Max HP","damage_taken":0,"relics_obtained":["Golden Idol"],"max_hp_gain":0,"max_hp_loss":5,"event_name":"Golden Idol","floor":5,"gold_loss":0}],"is_beta":false,"boss_relics":[],"items_purged_floors":[],"is_endless":false,"potions_floor_spawned":[2],"killed_by":"Gremlin Nob","ascension_level":10}}