{"host":"lnt5dzsuhru0aonl","time":1610864194,"event":{"mods":["2.2 Compatiblity","BaseMod","Colored Map","DeckTracker","Keyboard Shortcuts","Minty Spire (QoL Compilation)","Permanent Neow","StSLib","SuperFastMode","everything is the same but u backflip on backflip"],"gold_per_floor":[116,116,116,116,129,129,172,191,216,216,230,1,37,53,53,149,149,149,149,99,99,99,99,99,99,99,99,99,99,99,99,99,99,99,99,99,49,49,49,49,49,49,49,49,49,49,49,49,49,49],"floor_reached":51,"language":"KOR","playtime":2190,"items_purged":["Defend_P","Defend_P","Strike_P"],"score":2094,"play_id":"729118b6-c679-4563-9c06-8222ee929938","local_time":"20210117151634","is_ascension_mode":true,"campfire_choices":[{"data":"SignatureMove","floor":6.0,"key":"SMITH"},{"data":"Vigilance","floor":10.0,"key":"SMITH"},{"data":"ForeignInfluence","floor":15.0,"key":"SMITH"},{"data":"Scrawl","floor":24.0,"key":"SMITH"},{"data":"Adaptation","floor":32.0,"key":"SMITH"},{"floor":41,"key":"REST"},{"floor":49,"key":"REST"}],"circlet_count":0,"master_deck":["AscendersBane","Eruption+1","Vigilance+1","SignatureMove+1","Scrawl+1","ForeignInfluence+1","Vault","CutThroughFate+1","Judgement","Adaptation+1","Halt+1","Flash of Steel+1","Secret Weapon","Master of Strategy","Madness","Madness"],"relics":["PureWater","Golden Idol","Centennial Puzzle","Smiling Mask","Happy Flower","Ectoplasm","Molten Egg 2","Shovel","StrikeDummy","Toy Ornithopter","Sozu","Old Coin","MealTicket","TungstenRod","Pear","CaptainsWheel"],"acts_visited":["Exordium","TheCity","TheBeyond"],"potions_floor_usage":[],"damage_taken":[{"damage":14.0,"enemies":"2 Louse","floor":1.0,"turns":2.0},{"damage":2.0,"enemies":"Small Slimes","floor":5.0,"turns":2.0},{"damage":0.0,"enemies":"Gremlin Nob","floor":7.0,"turns":1.0},{"damage":0.0,"enemies":"Jaw Worm","floor":8.0,"turns":2.0},{"damage":2.0,"enemies":"2 Fungi Beasts","floor":11.0,"turns":3.0},{"damage":0.0,"enemies":"3 Sentries","floor":13.0,"turns":4.0},{"damage":0.0,"enemies":"Looter","floor":14.0,"turns":2.0},{"damage":0.0,"enemies":"Slime Boss","floor":16.0,"turns":3.0},{"damage":0.0,"enemies":"2 Thieves","floor":18.0,"turns":2.0},{"damage":0.0,"enemies":"Shell Parasite","floor":19.0,"turns":1.0},{"damage":0.0,"enemies":"Gremlin Leader","floor":23.0,"turns":5.0},{"damage":0.0,"enemies":"Centurion and Healer","floor":25.0,"turns":3.0},{"damage":0.0,"enemies":"Slavers","floor":27.0,"turns":3.0},{"damage":0.0,"enemies":"Snake Plant","floor":29.0,"turns":2.0},{"damage":0.0,"enemies":"Book of Stabbing","floor":30.0,"turns":3.0},{"damage":0.0,"enemies":"3 Cultists","floor":31.0,"turns":3.0},{"damage":12.0,"enemies":"Champ","floor":33.0,"turns":5.0},{"damage":0.0,"enemies":"3 Shapes","floor":35.0,"turns":2.0},{"damage":0.0,"enemies":"2 Orb Walkers","floor":36.0,"turns":3.0},{"damage":0.0,"enemies":"3 Darklings","floor":38.0,"turns":1.0},{"damage":42,"enemies":"Nemesis","floor":40,"turns":6},{"damage":0,"enemies":"Giant Head","floor":42,"turns":7},{"damage":0,"enemies":"Reptomancer","floor":44,"turns":2},{"damage":0,"enemies":"Sphere and 2 Shapes","floor":48,"turns":2},{"damage":0,"enemies":"Awakened One","floor":50,"turns":4}],"seed_played":"2990995159585641544","potions_obtained":[{"floor":1.0,"key":"Swift Potion"},{"floor":5.0,"key":"PowerPotion"},{"floor":14.0,"key":"SkillPotion"},{"floor":16.0,"key":"PowerPotion"},{"floor":19.0,"key":"DuplicationPotion"},{"floor":27.0,"key":"DistilledChaos"},{"floor":29.0,"key":"Block Potion"}],"is_trial":false,"path_per_floor":["M","?","?","?","M","R","E","M","T","R","M","$","E","M","R","B",null,"M","M","$","?","?","E","R","M","T","E","?","M","E","M","R","B",null,"M","?","$","M","?","E","R","E","T","E","?","?","?","M","R","B",null],"character_chosen":"WATCHER","items_purchased":["Scrawl"],"campfire_rested":2,"item_purchase_floors":[12],"current_hp_per_floor":[47,40,40,40,38,38,38,38,38,38,36,36,36,36,36,36,56,56,56,56,56,56,56,56,56,56,56,56,56,56,56,56,49,59,59,59,59,59,59,17,35,35,45,45,36,24,24,24,45,45],"gold":49,"neow_bonus":"UPGRADE_CARD","is_daily":false,"chose_seed":false,"campfire_upgraded":5,"win_rate":0.0,"timestamp":1610864194,"path_taken":["M","?","?","?","M","R","E","?","T","R","M","$","E","M","R","BOSS","M","M","$","?","?","E","R","M","T","E","?","?","E","M","R","BOSS","M","?","$","M","?","E","R","E","T","E","?","?","?","?","R","BOSS"],"items_purchased_type":["Card"],"build_version":"2020-12-22","purchased_purges":3,"victory":true,"max_hp_per_floor":[68,68,68,62,62,62,62,62,62,62,62,62,62,62,62,62,62,62,62,62,62,62,62,62,62,62,62,62,62,62,62,62,62,62,62,62,62,62,62,62,62,62,72,72,72,72,72,72,72,72],"card_choices":[{"not_picked":["BattleHymn","DeceiveReality"],"picked":"SignatureMove","floor":1.0},{"not_picked":["Sanctity","FollowUp","JustLucky"],"picked":"SKIP","floor":5.0},{"not_picked":["JustLucky","FlurryOfBlows","CrushJoints"],"picked":"SKIP","floor":7.0},{"not_picked":["EmptyBody","FlurryOfBlows","FlyingSleeves"],"picked":"SKIP","floor":8.0},{"not_picked":["Fasting2","SignatureMove"],"picked":"EmptyMind","floor":11.0},{"not_picked":["Indignation","SpiritShield","BowlingBash"],"picked":"SKIP","floor":13.0},{"not_picked":["Wallop","Crescendo"],"picked":"ForeignInfluence","floor":14.0},{"not_picked":["Omniscience","Alpha"],"picked":"Vault","floor":16.0},{"not_picked":["Wallop","JustLucky","Worship+1"],"picked":"SKIP","floor":18.0},{"not_picked":["Evaluate","SignatureMove","Nirvana"],"picked":"SKIP","floor":19.0},{"not_picked":["Halt","JustLucky+1","DeusExMachina"],"picked":"SKIP","floor":23.0},{"not_picked":["EmptyBody","Consecrate+1","CutThroughFate+1"],"picked":"SKIP","floor":25.0},{"not_picked":["Crescendo","BowlingBash+1","FollowUp+1"],"picked":"SKIP","floor":27.0},{"not_picked":["Conclude+1","Wallop+1","JustLucky+1"],"picked":"SKIP","floor":29.0},{"not_picked":["Devotion","CrushJoints+1","ClearTheMind"],"picked":"SKIP","floor":30.0},{"not_picked":["PathToVictory","Prostrate"],"picked":"Adaptation","floor":31.0},{"not_picked":["Halt","JustLucky+1","Consecrate+1"],"picked":"SKIP","floor":35.0},{"not_picked":["Prostrate","SandsOfTime+1","Wireheading"],"picked":"SKIP","floor":38.0},{"not_picked":["ThirdEye","WindmillStrike+1"],"picked":"Halt+1","floor":40},{"not_picked":["Fasting2","Meditate","BowlingBash+1"],"picked":"SKIP","floor":42},{"not_picked":["LikeWater","DeceiveReality+1","Wireheading"],"picked":"SKIP","floor":44},{"not_picked":["PanicButton","Chrysalis"],"picked":"Flash of Steel+1","floor":45},{"not_picked":["Panacea","Dramatic Entrance+1"],"picked":"Secret Weapon","floor":45},{"not_picked":["Blind","Panache"],"picked":"Master of Strategy","floor":45},{"not_picked":["CrushJoints+1","Perseverance","ClearTheMind"],"picked":"SKIP","floor":48}],"player_experience":681078,"relics_obtained":[{"floor":7.0,"key":"Centennial Puzzle"},{"floor":9.0,"key":"Smiling Mask"},{"floor":13.0,"key":"Happy Flower"},{"floor":23.0,"key":"Molten Egg 2"},{"floor":26.0,"key":"Shovel"},{"floor":27.0,"key":"StrikeDummy"},{"floor":30.0,"key":"Toy Ornithopter"},{"floor":36.0,"key":"Old Coin"},{"floor":40,"key":"MealTicket"},{"floor":42,"key":"TungstenRod"},{"floor":43,"key":"Pear"},{"floor":44,"key":"CaptainsWheel"}],"event_choices":[{"cards_removed":["Strike_P"],"damage_healed":0.0,"max_hp_gain":0.0,"max_hp_loss":0.0,"gold_gain":0.0,"event_name":"Golden Wing","player_choice":"Card Removal","floor":2.0,"gold_loss":0.0,"damage_taken":7.0},{"cards_removed":["Strike_P"],"damage_healed":0.0,"max_hp_gain":0.0,"max_hp_loss":0.0,"gold_gain":0.0,"event_name":"Living Wall","player_choice":"Forget","floor":3.0,"gold_loss":0.0,"damage_taken":0.0},{"damage_healed":0.0,"max_hp_gain":0.0,"max_hp_loss":6.0,"gold_gain":0.0,"event_name":"Golden Idol","player_choice":"Lose Max HP","floor":4.0,"gold_loss":0.0,"damage_taken":0.0,"relics_obtained":["Golden Idol"]},{"damage_healed":0.0,"max_hp_gain":0.0,"max_hp_loss":0.0,"gold_gain":0.0,"event_name":"Vampires","player_choice":"Ignored","floor":21.0,"gold_loss":0.0,"damage_taken":0.0},{"cards_removed":["Defend_P"],"damage_healed":0.0,"max_hp_gain":0.0,"max_hp_loss":0.0,"gold_gain":0.0,"event_name":"Back to Basics","player_choice":"Elegance","floor":22.0,"gold_loss":0.0,"damage_taken":0.0},{"damage_healed":0.0,"max_hp_gain":0.0,"max_hp_loss":0.0,"gold_gain":0.0,"cards_transformed":["Defend_P","Strike_P"],"event_name":"Drug Dealer","player_choice":"Became Test Subject","floor":28.0,"gold_loss":0.0,"damage_taken":0.0,"cards_obtained":["CutThroughFate","Judgement"]},{"damage_healed":0.0,"max_hp_gain":0.0,"max_hp_loss":0.0,"gold_gain":0.0,"event_name":"Mysterious Sphere","player_choice":"Fight","floor":36.0,"gold_loss":0.0,"damage_taken":0.0},{"damage_healed":0.0,"max_hp_gain":0.0,"max_hp_loss":0.0,"gold_gain":0.0,"event_name":"The Moai Head","player_choice":"Ignored","floor":39.0,"gold_loss":0.0,"damage_taken":0.0},{"damage_healed":0,"gold_gain":0,"player_choice":"Memory 3","damage_taken":10,"max_hp_gain":0,"max_hp_loss":0,"event_name":"SensoryStone","floor":45,"gold_loss":0},{"damage_healed":0,"gold_gain":0,"player_choice":"Embrace Madness","damage_taken":13,"max_hp_gain":0,"max_hp_loss":0,"event_name":"Winding Halls","floor":46,"gold_loss":0,"cards_obtained":["Madness","Madness"]},{"cards_removed":["EmptyMind"],"damage_healed":0,"gold_gain":0,"player_choice":"Removed Skill","damage_taken":0,"max_hp_gain":0,"max_hp_loss":0,"event_name":"Falling","floor":47,"gold_loss":0}],"is_beta":false,"boss_relics":[{"not_picked":["Calling Bell","Busted Crown"],"picked":"Ectoplasm"},{"not_picked":["Cursed Key","Velvet Choker"],"picked":"Sozu"}],"items_purged_floors":[12,20,37],"is_endless":false,"potions_floor_spawned":[1,5,14,16,19,27,29,30,35,38,42,44,48],"ascension_level":18}}