{"host":"d85gwtocd8go8gx0","time":1610871438,"event":{"mods":["BaseMod","Highlight Path","Minty Spire (QoL Compilation)","Permanent Neow","Quick Restart","UnlockEverythingMod"],"gold_per_floor":[119,119,137,164,239,266,20,20,20,54,74,90,117,137,137,209,209,220,234,183,183,219,219,219],"floor_reached":23,"language":"ENG","playtime":1063,"items_purged":[],"score":422,"play_id":"a30f515a-73df-473c-bdbd-987a5267371b","local_time":"20210117001718","is_ascension_mode":true,"campfire_choices":[{"floor":8.0,"key":"REST"},{"floor":15.0,"key":"REST"}],"circlet_count":0,"master_deck":["AscendersBane","Strike_P+1","Strike_P+1","Strike_P+1","Strike_P+1","Defend_P+1","Defend_P+1","Defend_P","Defend_P","Eruption+1","Vigilance","LessonLearned","EmptyBody","CutThroughFate","Brilliance","SashWhip+1","Protect","Protect","Prostrate+1","Perseverance","Prostrate","Wish","Crescendo","Prostrate","ClearTheMind","Worship","CrushJoints+1"],"relics":["PureWater","Lantern","Anchor","Medical Kit","Pantograph","Meat on the Bone","Singing Bowl","Fusion Hammer"],"acts_visited":["TheCity"],"potions_floor_usage":[23,23],"damage_taken":[{"damage":0.0,"enemies":"2 Louse","floor":1.0,"turns":2.0},{"damage":0.0,"enemies":"Jaw Worm","floor":3.0,"turns":3.0},{"damage":17.0,"enemies":"Gremlin Nob","floor":6.0,"turns":3.0},{"damage":5.0,"enemies":"3 Sentries","floor":10.0,"turns":6.0},{"damage":0.0,"enemies":"Small Slimes","floor":11.0,"turns":2.0},{"damage":4.0,"enemies":"3 Louse","floor":12.0,"turns":4.0},{"damage":4.0,"enemies":"Gremlin Nob","floor":13.0,"turns":3.0},{"damage":0.0,"enemies":"Large Slime","floor":14.0,"turns":4.0},{"damage":8.0,"enemies":"Slime Boss","floor":16.0,"turns":8.0},{"damage":0.0,"enemies":"2 Thieves","floor":18.0,"turns":4.0},{"damage":11.0,"enemies":"Chosen","floor":19.0,"turns":7.0},{"damage":30.0,"enemies":"Sentry and Sphere","floor":22.0,"turns":6.0},{"damage":42,"enemies":"Slavers","floor":23,"turns":3}],"seed_played":"2355839162760021209","potions_obtained":[{"floor":3.0,"key":"SteroidPotion"},{"floor":12.0,"key":"BottledMiracle"}],"is_trial":false,"path_per_floor":["M","?","M","T","?","E","$","R","T","E","M","M","E","M","R","B",null,"M","M","$","?","M","E"],"character_chosen":"WATCHER","items_purchased":["Medical Kit","SashWhip","Protect","ClearTheMind"],"campfire_rested":2,"item_purchase_floors":[7,7,7,20],"current_hp_per_floor":[61,61,61,61,50,33,33,53,53,48,48,44,42,42,63,62,68,68,57,57,57,39,0,0],"gold":219,"neow_bonus":"ONE_RANDOM_RARE_CARD","is_daily":false,"chose_seed":false,"campfire_upgraded":0,"win_rate":0.0,"timestamp":1610871438,"path_taken":["M","?","M","?","?","E","?","R","T","E","M","M","E","M","R","BOSS","M","M","$","?","M","E"],"items_purchased_type":["Relic","Card","Card","Card"],"build_version":"2020-12-22","purchased_purges":0,"victory":false,"max_hp_per_floor":[68,68,68,68,68,68,68,68,68,68,68,68,70,70,70,70,70,70,70,70,70,70,70,70],"card_choices":[{"not_picked":["Evaluate","WindmillStrike"],"picked":"EmptyBody","floor":1.0},{"not_picked":["InnerPeace","WheelKick"],"picked":"CutThroughFate","floor":3.0},{"not_picked":["PathToVictory","ClearTheMind"],"picked":"Brilliance","floor":6.0},{"not_picked":["Collect","BowlingBash"],"picked":"Protect","floor":10.0},{"not_picked":["Sanctity","Halt"],"picked":"Prostrate","floor":11.0},{"not_picked":["BowlingBash","Collect"],"picked":"Perseverance","floor":12.0},{"not_picked":["SignatureMove","Establishment","Halt"],"picked":"Singing Bowl","floor":13.0},{"not_picked":["LikeWater","ClearTheMind"],"picked":"Prostrate","floor":14.0},{"not_picked":["MasterReality","Scrawl"],"picked":"Wish","floor":16.0},{"not_picked":["WreathOfFlame","Consecrate"],"picked":"Crescendo","floor":18.0},{"not_picked":["ClearTheMind+1","Nirvana"],"picked":"Prostrate","floor":19.0},{"not_picked":["EmptyFist+1","WheelKick"],"picked":"CrushJoints+1","floor":22.0}],"player_experience":22218,"relics_obtained":[{"floor":4.0,"key":"Lantern"},{"floor":6.0,"key":"Anchor"},{"floor":9.0,"key":"Pantograph"},{"floor":10.0,"key":"Meat on the Bone"},{"floor":13.0,"key":"Singing Bowl"}],"event_choices":[{"damage_healed":0.0,"max_hp_gain":0.0,"max_hp_loss":0.0,"gold_gain":0.0,"event_name":"Living Wall","player_choice":"Grow","floor":2.0,"gold_loss":0.0,"damage_taken":0.0,"cards_upgraded":["Eruption"]},{"damage_healed":0.0,"max_hp_gain":0.0,"max_hp_loss":0.0,"gold_gain":75.0,"event_name":"World of Goop","player_choice":"Gather Gold","floor":5.0,"gold_loss":0.0,"damage_taken":11.0},{"damage_healed":0.0,"max_hp_gain":0.0,"max_hp_loss":0.0,"gold_gain":0.0,"event_name":"The Library","player_choice":"Read","floor":21.0,"gold_loss":0.0,"damage_taken":0.0,"cards_obtained":["Worship"]}],"is_beta":false,"boss_relics":[{"not_picked":["Coffee Dripper","Black Star"],"picked":"Fusion Hammer"}],"items_purged_floors":[],"is_endless":false,"potions_floor_spawned":[3,12,13,22],"killed_by":"Slavers","ascension_level":20}}