{"host":"r53pw7z744tg3fxg","time":1610904211,"event":{"mods":["AchievementEnabler","BaseMod","Colored Map","Colored Powertips","Highlight Path","Minty Spire (QoL Compilation)","Quick Restart","Transform Curses"],"gold_per_floor":[115,115,132,142,155,155,186,186,209,219,253,263,297,310,310,415,465,477,477,477,487,249,277,290,290,365,382,416,416,416,426,426,529,529,541,559,559,576,11,11,11,11],"floor_reached":41,"language":"ENG","playtime":1715,"items_purged":[],"score":529,"play_id":"a03578a9-76aa-4cbd-bff2-25096e677adb","local_time":"20210117102331","is_ascension_mode":true,"campfire_choices":[{"data":"Eruption","floor":6.0,"key":"SMITH"},{"floor":8.0,"key":"REST"},{"floor":15.0,"key":"RECALL"},{"data":"Establishment","floor":25.0,"key":"SMITH"},{"data":"MasterReality","floor":29.0,"key":"SMITH"},{"data":"Wallop","floor":32.0,"key":"SMITH"},{"data":"Judgement","floor":40,"key":"SMITH"}],"circlet_count":0,"master_deck":["Strike_P+1","Strike_P+1","Defend_P+1","Defend_P+1","Defend_P+1","Eruption+1","Vigilance","Wallop+1","Conclude","Halt","EmptyBody","FlurryOfBlows","Establishment+1","FearNoEvil+1","CutThroughFate","Tantrum","PathToVictory","MasterReality+1","SandsOfTime","Bandage Up","Sanctity","Protect+1","Judgement+1","EmptyFist+1","Alpha"],"relics":["PureWater","Boot","Lantern","Bronze Scales","Tiny House","Centennial Puzzle","Bag of Preparation","Meat on the Bone","Question Card","Empty Cage","Incense Burner","HandDrill"],"acts_visited":["Exordium","TheCity","TheBeyond"],"potions_floor_usage":[39],"damage_taken":[{"damage":0.0,"enemies":"2 Louse","floor":1.0,"turns":2.0},{"damage":0.0,"enemies":"Cultist","floor":3.0,"turns":2.0},{"damage":4.0,"enemies":"Jaw Worm","floor":4.0,"turns":2.0},{"damage":0.0,"enemies":"Gremlin Gang","floor":5.0,"turns":2.0},{"damage":34.0,"enemies":"Gremlin Nob","floor":7.0,"turns":5.0},{"damage":0.0,"enemies":"3 Louse","floor":10.0,"turns":2.0},{"damage":11.0,"enemies":"Lagavulin","floor":11.0,"turns":6.0},{"damage":0.0,"enemies":"Lots of Slimes","floor":12.0,"turns":3.0},{"damage":0.0,"enemies":"3 Sentries","floor":13.0,"turns":4.0},{"damage":1.0,"enemies":"Gremlin Gang","floor":14.0,"turns":2.0},{"damage":30.0,"enemies":"The Guardian","floor":16.0,"turns":11.0},{"damage":0.0,"enemies":"3 Byrds","floor":18.0,"turns":3.0},{"damage":2.0,"enemies":"Shell Parasite","floor":21.0,"turns":3.0},{"damage":14.0,"enemies":"Book of Stabbing","floor":23.0,"turns":4.0},{"damage":2.0,"enemies":"Cultist and Chosen","floor":24.0,"turns":4.0},{"damage":6.0,"enemies":"Sentry and Sphere","floor":27.0,"turns":3.0},{"damage":8.0,"enemies":"Slavers","floor":28.0,"turns":2.0},{"damage":5.0,"enemies":"3 Cultists","floor":31.0,"turns":4.0},{"damage":81.0,"enemies":"Automaton","floor":33.0,"turns":11.0},{"damage":20.0,"enemies":"Orb Walker","floor":35.0,"turns":3.0},{"damage":13.0,"enemies":"3 Darklings","floor":36.0,"turns":4.0},{"damage":7.0,"enemies":"Jaw Worm Horde","floor":38.0,"turns":4.0},{"damage":86,"enemies":"Giant Head","floor":41,"turns":7}],"seed_played":"4558430278139833663","potions_obtained":[{"floor":3.0,"key":"DistilledChaos"},{"floor":7.0,"key":"Fruit Juice"},{"floor":10.0,"key":"BottledMiracle"},{"floor":14.0,"key":"Ancient Potion"},{"floor":16.0,"key":"Strength Potion"},{"floor":17.0,"key":"Regen Potion"},{"floor":20.0,"key":"Fruit Juice"},{"floor":20.0,"key":"Ancient Potion"},{"floor":27.0,"key":"SpeedPotion"},{"floor":35.0,"key":"Energy Potion"}],"is_trial":false,"path_per_floor":["M","?","M","M","M","R","E","R","T","M","E","M","E","M","R","B",null,"M","?","?","M","$","E","M","R","T","M","E","R","?","M","R","B",null,"M","M","?","M","$","R","E"],"character_chosen":"WATCHER","items_purchased":["Centennial Puzzle","Bandage Up","Incense Burner","HandDrill","Fruit Juice"],"campfire_rested":1,"item_purchase_floors":[22,22,39,39,39],"current_hp_per_floor":[79,79,79,75,75,75,46,71,71,71,60,60,60,59,59,29,89,89,89,94,92,92,91,93,93,93,87,79,79,94,89,89,24,94,74,65,65,62,67,67,0,0],"gold":11,"neow_bonus":"TEN_PERCENT_HP_BONUS","is_daily":false,"chose_seed":false,"campfire_upgraded":5,"win_rate":0.0,"timestamp":1610904211,"path_taken":["M","?","M","M","M","R","E","R","T","?","E","M","E","M","R","BOSS","M","?","?","?","$","E","M","R","T","M","E","R","?","?","R","BOSS","M","?","?","M","$","R","E"],"items_purchased_type":["Relic","Card","Relic","Relic","Potion"],"build_version":"2020-12-22","purchased_purges":0,"victory":false,"max_hp_per_floor":[79,79,79,79,79,79,84,84,84,84,84,84,84,84,84,84,89,89,89,94,94,94,94,94,94,94,94,94,94,94,94,94,94,94,94,94,94,94,99,99,99,99],"card_choices":[{"not_picked":["ThirdEye","FlurryOfBlows"],"picked":"Wallop","floor":1.0},{"not_picked":["Indignation","FlurryOfBlows"],"picked":"Halt","floor":3.0},{"not_picked":["EmptyMind","SignatureMove"],"picked":"EmptyBody","floor":4.0},{"not_picked":["Crescendo","Wish"],"picked":"FlurryOfBlows","floor":5.0},{"not_picked":["PathToVictory","SandsOfTime"],"picked":"Establishment","floor":7.0},{"not_picked":["WreathOfFlame","PathToVictory"],"picked":"FearNoEvil","floor":10.0},{"not_picked":["Collect","LikeWater"],"picked":"CutThroughFate","floor":11.0},{"not_picked":["LikeWater","EmptyFist"],"picked":"Tantrum","floor":12.0},{"not_picked":["Alpha","SignatureMove","FlurryOfBlows"],"picked":"SKIP","floor":13.0},{"not_picked":["Conclude","CutThroughFate"],"picked":"PathToVictory","floor":14.0},{"not_picked":["Scrawl","Wish"],"picked":"MasterReality","floor":16.0},{"not_picked":["FollowUp+1","EmptyFist"],"picked":"SandsOfTime","floor":18.0},{"not_picked":["CrushJoints","PathToVictory","JustLucky"],"picked":"SKIP","floor":21.0},{"not_picked":["FlurryOfBlows+1","Worship"],"picked":"Sanctity","floor":23.0},{"not_picked":["PathToVictory+1","Indignation"],"picked":"Perseverance+1","floor":24.0},{"not_picked":["Consecrate","CrushJoints","CutThroughFate+1"],"picked":"SKIP","floor":27.0},{"not_picked":["WaveOfTheHand","Conclude","LikeWater"],"picked":"SKIP","floor":28.0},{"not_picked":["DeceiveReality","Prostrate","Collect"],"picked":"Protect+1","floor":31.0},{"not_picked":["Wish","Omniscience","Blasphemy"],"picked":"Judgement","floor":33.0},{"not_picked":["Crescendo","CrushJoints","PathToVictory"],"picked":"EmptyFist+1","floor":35.0},{"not_picked":["FlurryOfBlows+1","Consecrate","Crescendo"],"picked":"Alpha","floor":36.0},{"not_picked":["FlyingSleeves","EmptyFist","Worship","Protect"],"picked":"SKIP","floor":38.0}],"player_experience":1287821,"relics_obtained":[{"floor":7.0,"key":"Boot"},{"floor":11.0,"key":"Lantern"},{"floor":13.0,"key":"Bronze Scales"},{"floor":23.0,"key":"Bag of Preparation"},{"floor":26.0,"key":"Meat on the Bone"},{"floor":28.0,"key":"Question Card"}],"event_choices":[{"damage_healed":0.0,"max_hp_gain":0.0,"max_hp_loss":0.0,"gold_gain":0.0,"cards_transformed":["Strike_P"],"event_name":"Transmorgrifier","player_choice":"Transformed","floor":2.0,"gold_loss":0.0,"damage_taken":0.0,"cards_obtained":["Conclude"]},{"damage_healed":0.0,"max_hp_gain":0.0,"max_hp_loss":0.0,"gold_gain":0.0,"event_name":"Back to Basics","player_choice":"Simplicity","floor":19.0,"gold_loss":0.0,"damage_taken":0.0,"cards_upgraded":["Strike_P","Strike_P","Strike_P","Defend_P","Defend_P","Defend_P","Defend_P"]},{"damage_healed":0.0,"max_hp_gain":0.0,"max_hp_loss":0.0,"gold_gain":0.0,"event_name":"Lab","player_choice":"Got Potions","floor":20.0,"gold_loss":0.0,"damage_taken":0.0},{"cards_removed":["Perseverance"],"damage_healed":15.0,"max_hp_gain":0.0,"max_hp_loss":0.0,"gold_gain":0.0,"event_name":"Bonfire Elementals","player_choice":"Offered Uncommon","floor":30.0,"gold_loss":0.0,"damage_taken":0.0},{"damage_healed":0.0,"max_hp_gain":0.0,"max_hp_loss":0.0,"gold_gain":0.0,"event_name":"Transmorgrifier","player_choice":"Ignored","floor":37.0,"gold_loss":0.0,"damage_taken":0.0}],"is_beta":false,"boss_relics":[{"not_picked":["Velvet Choker","Sozu"],"picked":"Tiny House"},{"not_picked":["Pandora\u0027s Box","Runic Dome"],"picked":"Empty Cage"}],"items_purged_floors":[],"is_endless":false,"potions_floor_spawned":[3,7,10,14,16,18,27,35],"killed_by":"Giant Head","ascension_level":1}}