{"host":"59jh88lrys5rvd4j","time":1610921738,"event":{"mods":["2.2 Compatiblity","A Magickal Journey","Aspiration","Astrologer","BaseMod","Beaked The Cultist","Conspire","Energized Spire","Gremlin Mod","Kalas","Magitek Elite","Minty Spire (QoL Compilation)","StSLib","The Animator","The Cursed","The Necromancer"],"gold_per_floor":[119,119,139,139,174,174,174,201,226,226,226,148,182,208,208],"floor_reached":14,"language":"ENG","playtime":581,"items_purged":[],"score":154,"play_id":"e2bb1993-7e90-4317-93e9-e2066728fdeb","local_time":"20210117171538","daily_mods":["SealedDeck","Heirloom","Time Dilation","Flight"],"is_ascension_mode":false,"campfire_choices":[{"data":"Fire Breathing","floor":6,"key":"SMITH"},{"data":"Burning Pact","floor":7,"key":"SMITH"},{"floor":10,"key":"REST"},{"data":"Power Through","floor":11,"key":"SMITH"}],"circlet_count":0,"master_deck":["Pommel Strike","Armaments","Armaments","Thunderclap","Headbutt","Bloodletting","Burning Pact+1","Evolve","Wild Strike","Fire Breathing+1","Headbutt","Feel No Pain","Power Through+1","Second Wind","Reckless Charge","Anger"],"relics":["Burning Blood","Shovel","conspire:Boomerang","Oddly Smooth Stone","aspiration:HummingbirdHeart","Regal Pillow","Nunchaku","Meat on the Bone"],"acts_visited":["Exordium"],"potions_floor_usage":[],"damage_taken":[{"damage":6,"enemies":"Jaw Worm","floor":1,"turns":3},{"damage":0,"enemies":"2 Louse","floor":3,"turns":1},{"damage":22,"enemies":"conspire:MimicChest","floor":5,"turns":3},{"damage":15,"enemies":"Gremlin Nob","floor":8,"turns":4},{"damage":12,"enemies":"Lagavulin","floor":13,"turns":6},{"damage":9,"enemies":"3 Sentries","floor":14,"turns":3}],"seed_played":"-1178874175078430099","potions_obtained":[{"floor":1,"key":"SkillPotion"},{"floor":3,"key":"Dexterity Potion"},{"floor":8,"key":"Explosive Potion"}],"is_trial":true,"path_per_floor":["M","?","M","?","?","R","R","E","T","R","R","$","E","E"],"character_chosen":"IRONCLAD","items_purchased":["Reckless Charge"],"campfire_rested":1,"item_purchase_floors":[12],"current_hp_per_floor":[80,80,80,73,57,57,57,48,48,80,80,80,74,71,71],"gold":208,"neow_bonus":"","is_daily":false,"chose_seed":false,"campfire_upgraded":3,"win_rate":0.0,"timestamp":1610921738,"path_taken":["M","?","M","?","?","R","R","E","T","R","R","$","E","E"],"items_purchased_type":["Card"],"build_version":"2020-12-22","purchased_purges":0,"victory":false,"max_hp_per_floor":[80,80,80,80,80,80,80,80,80,80,80,80,80,80,80],"card_choices":[{"not_picked":["Blood for Blood","Pummel"],"picked":"Headbutt","floor":1},{"not_picked":["Sword Boomerang","Warcry"],"picked":"Feel No Pain","floor":3},{"not_picked":["Pommel Strike","Havoc"],"picked":"Power Through","floor":5},{"not_picked":["Flame Barrier","Thunderclap"],"picked":"Second Wind","floor":8},{"not_picked":["Exhume","Armaments"],"picked":"Anger","floor":13}],"player_experience":514968,"relics_obtained":[{"floor":5,"key":"Oddly Smooth Stone"},{"floor":8,"key":"aspiration:HummingbirdHeart"},{"floor":9,"key":"Regal Pillow"},{"floor":13,"key":"Nunchaku"},{"floor":14,"key":"Meat on the Bone"}],"event_choices":[{"damage_healed":0,"gold_gain":0,"player_choice":"Leave","damage_taken":0,"max_hp_gain":0,"max_hp_loss":0,"event_name":"The Cleric","floor":2,"gold_loss":0},{"damage_healed":0,"gold_gain":0,"player_choice":"Success","damage_taken":7,"relics_obtained":["conspire:Boomerang"],"max_hp_gain":0,"max_hp_loss":0,"event_name":"Scrap Ooze","floor":4,"gold_loss":0}],"is_beta":false,"boss_relics":[],"items_purged_floors":[],"is_endless":true,"potions_floor_spawned":[1,3,8],"killed_by":"3 Sentries","ascension_level":0}}