{"host":"ebj6lkgm8suah319","time":1610900081,"event":{"mods":["2.2 Compatiblity","AchievementEnabler","BaseMod","Block Reminder","Colored Map","Colored Powertips","Minty Spire (QoL Compilation)","Quick Restart","Rare Cards Sparkle","Relic Stats","SuperFastMode"],"gold_per_floor":[110,122,122,122,145,145,159,193,193,193,193],"floor_reached":10,"language":"ENG","playtime":297,"items_purged":[],"score":79,"play_id":"edcd0470-ade5-4fd3-ab1b-f800aefef07d","local_time":"20210117111441","is_ascension_mode":true,"campfire_choices":[{"data":"Bash","floor":6,"key":"SMITH"}],"circlet_count":0,"master_deck":["Strike_R","Strike_R","Strike_R","Strike_R","Strike_R","Defend_R","Defend_R","Defend_R","Defend_R","Bash+1","Metallicize","Burning Pact","Body Slam","True Grit"],"relics":["Runic Cube","Ancient Tea Set","HornCleat","Charon\u0027s Ashes"],"acts_visited":["Exordium"],"potions_floor_usage":[8],"damage_taken":[{"damage":6,"enemies":"2 Louse","floor":1,"turns":3},{"damage":10,"enemies":"Jaw Worm","floor":2,"turns":5},{"damage":3,"enemies":"Cultist","floor":7,"turns":3},{"damage":28,"enemies":"3 Sentries","floor":8,"turns":7},{"damage":39,"enemies":"Lagavulin","floor":10,"turns":6}],"seed_played":"-5058329584015850435","potions_obtained":[{"floor":7,"key":"PowerPotion"}],"is_trial":false,"path_per_floor":["M","M","?","?","T","R","M","E","T","E"],"character_chosen":"IRONCLAD","items_purchased":[],"campfire_rested":0,"item_purchase_floors":[],"current_hp_per_floor":[74,64,64,69,69,69,66,38,38,0,0],"gold":193,"neow_bonus":"BOSS_RELIC","is_daily":false,"chose_seed":false,"campfire_upgraded":1,"win_rate":0.0,"timestamp":1610900081,"path_taken":["M","M","?","?","?","R","M","E","T","E"],"items_purchased_type":[],"build_version":"2020-12-22","purchased_purges":0,"victory":false,"max_hp_per_floor":[80,80,80,85,85,85,85,85,85,85,85],"relic_stats":{"counters":[5,24],"Charon\u0027s Ashes":[6],"obtain_stats":[{"HornCleat":8,"Charon\u0027s Ashes":9,"Ancient Tea Set":5,"Burning Blood":0,"Runic Cube":0},{"HornCleat":4,"Charon\u0027s Ashes":4,"Ancient Tea Set":2,"Burning Blood":0,"Runic Cube":0},{"HornCleat":18,"Charon\u0027s Ashes":18,"Ancient Tea Set":8,"Burning Blood":0,"Runic Cube":0}],"Runic Cube":[14]},"card_choices":[{"not_picked":["Sword Boomerang","Ghostly Armor"],"picked":"Metallicize","floor":1},{"not_picked":["Havoc","Heavy Blade"],"picked":"Burning Pact","floor":2},{"not_picked":["Anger","Flame Barrier"],"picked":"Body Slam","floor":7},{"not_picked":["Anger","Barricade"],"picked":"True Grit","floor":8}],"player_experience":10965,"relics_obtained":[{"floor":5,"key":"Ancient Tea Set"},{"floor":8,"key":"HornCleat"},{"floor":9,"key":"Charon\u0027s Ashes"}],"event_choices":[{"damage_healed":0,"gold_gain":0,"player_choice":"Ignored","damage_taken":0,"max_hp_gain":0,"max_hp_loss":0,"event_name":"Liars Game","floor":3,"gold_loss":0},{"damage_healed":0,"gold_gain":0,"player_choice":"Donut","damage_taken":0,"max_hp_gain":5,"max_hp_loss":0,"event_name":"Big Fish","floor":4,"gold_loss":0}],"is_beta":false,"boss_relics":[],"items_purged_floors":[],"is_endless":false,"potions_floor_spawned":[7],"killed_by":"Lagavulin","ascension_level":4}}