{"host":"2wtnvfw602ymncqx","time":1610920337,"event":{"mods":["BaseMod","Colored Map","Minty Spire (QoL Compilation)","Quick Restart"],"gold_per_floor":[115,130,130,55,55,84,102,129,129,151,163,190,234,246,258,372,384,416,440,452,538,569,581,581],"floor_reached":23,"language":"ENG","playtime":2539,"items_purged":["Strike_G"],"score":211,"play_id":"b6563fc6-d819-4570-824e-e429fd52b0b3","local_time":"20210117155217","is_ascension_mode":false,"campfire_choices":[{"floor":11.0,"key":"REST"},{"floor":15.0,"key":"REST"}],"circlet_count":0,"master_deck":["Strike_G","Strike_G","Strike_G","Defend_G","Defend_G","Defend_G","Defend_G","Survivor","Neutralize","Choke","Blade Dance","Iron Wave","Catalyst","Bane","PiercingWail","Crippling Poison","Slice","Predator","Infinite Blades","Glass Knife","Crippling Poison+1","Finisher","Choke","Endless Agony"],"relics":["SacredBark","Nunchaku","Matryoshka","Juzu Bracelet","MawBank","Bottled Flame","Philosopher\u0027s Stone","HornCleat","Ornamental Fan"],"acts_visited":["Exordium","TheCity"],"potions_floor_usage":[23],"damage_taken":[{"damage":15.0,"enemies":"Small Slimes","floor":1.0,"turns":4.0},{"damage":1.0,"enemies":"Cultist","floor":2.0,"turns":4.0},{"damage":18.0,"enemies":"Lagavulin","floor":6.0,"turns":4.0},{"damage":0.0,"enemies":"Jaw Worm","floor":7.0,"turns":3.0},{"damage":19.0,"enemies":"3 Sentries","floor":8.0,"turns":10.0},{"damage":0.0,"enemies":"3 Louse","floor":10.0,"turns":3.0},{"damage":11.0,"enemies":"Gremlin Gang","floor":12.0,"turns":3.0},{"damage":20.0,"enemies":"Lagavulin","floor":13.0,"turns":6.0},{"damage":51.0,"enemies":"The Guardian","floor":16.0,"turns":13.0},{"damage":21.0,"enemies":"3 Byrds","floor":18.0,"turns":4.0},{"damage":20.0,"enemies":"Spheric Guardian","floor":19.0,"turns":5.0},{"damage":23.0,"enemies":"Centurion and Healer","floor":22.0,"turns":5.0},{"damage":7,"enemies":"Gremlin Leader","floor":23,"turns":3}],"seed_played":"4758314861743708779","potions_obtained":[{"floor":1.0,"key":"Strength Potion"},{"floor":2.0,"key":"Explosive Potion"},{"floor":8.0,"key":"AttackPotion"},{"floor":13.0,"key":"Regen Potion"},{"floor":18.0,"key":"SpeedPotion"},{"floor":19.0,"key":"Fire Potion"}],"is_trial":false,"path_per_floor":["M","M","?","$","?","E","M","E","T","M","R","M","E","?","R","B",null,"M","M","?","T","M","E"],"character_chosen":"THE_SILENT","items_purchased":[],"campfire_rested":2,"item_purchase_floors":[],"current_hp_per_floor":[55,54,54,54,70,52,52,33,33,33,54,43,23,23,44,33,70,49,29,29,29,6,0,0],"gold":581,"neow_bonus":"BOSS_RELIC","is_daily":false,"chose_seed":false,"campfire_upgraded":0,"win_rate":0.0,"timestamp":1610920337,"path_taken":["M","M","?","?","?","E","M","E","T","M","R","M","E","?","R","BOSS","M","M","?","?","M","E"],"items_purchased_type":[],"build_version":"2020-12-22","purchased_purges":1,"victory":false,"max_hp_per_floor":[70,70,70,70,70,70,70,70,70,70,70,70,70,70,70,70,70,70,70,70,70,70,70,70],"card_choices":[{"not_picked":["Backflip","Eviscerate"],"picked":"Choke","floor":1.0},{"not_picked":["Riddle With Holes","Well Laid Plans"],"picked":"Blade Dance","floor":2.0},{"not_picked":["Predator","Prepared"],"picked":"Catalyst","floor":6.0},{"not_picked":["Heel Hook","Escape Plan"],"picked":"Bane","floor":7.0},{"not_picked":["Backflip","Outmaneuver"],"picked":"PiercingWail","floor":8.0},{"not_picked":["Expertise","Dodge and Roll"],"picked":"Crippling Poison","floor":10.0},{"not_picked":["Dagger Throw","Backflip"],"picked":"Slice","floor":12.0},{"not_picked":["Heel Hook","Masterful Stab"],"picked":"Predator","floor":13.0},{"not_picked":["Doppelganger","A Thousand Cuts"],"picked":"Glass Knife","floor":16.0},{"not_picked":["Dagger Throw","Outmaneuver+1"],"picked":"Crippling Poison+1","floor":18.0},{"not_picked":["Backflip","Skewer"],"picked":"Finisher","floor":19.0},{"not_picked":["Quick Slash","Leg Sweep"],"picked":"Endless Agony","floor":22.0}],"player_experience":61041,"relics_obtained":[{"floor":6.0,"key":"Nunchaku"},{"floor":8.0,"key":"Matryoshka"},{"floor":9.0,"key":"Juzu Bracelet"},{"floor":9.0,"key":"MawBank"},{"floor":13.0,"key":"Bottled Flame"},{"floor":21.0,"key":"HornCleat"},{"floor":21.0,"key":"Ornamental Fan"}],"event_choices":[{"cards_removed":["Defend_G"],"damage_healed":0.0,"max_hp_gain":0.0,"max_hp_loss":0.0,"gold_gain":0.0,"event_name":"NoteForYourself","player_choice":"Took Card","floor":3.0,"gold_loss":0.0,"damage_taken":0.0,"cards_obtained":["Iron Wave"]},{"damage_healed":23.0,"max_hp_gain":0.0,"max_hp_loss":0.0,"gold_gain":0.0,"event_name":"Big Fish","player_choice":"Banana","floor":5.0,"gold_loss":0.0,"damage_taken":0.0},{"damage_healed":0.0,"max_hp_gain":0.0,"max_hp_loss":0.0,"gold_gain":0.0,"cards_transformed":["Strike_G"],"event_name":"Transmorgrifier","player_choice":"Transformed","floor":14.0,"gold_loss":0.0,"damage_taken":0.0,"cards_obtained":["Infinite Blades"]},{"damage_healed":0.0,"max_hp_gain":0.0,"max_hp_loss":0.0,"gold_gain":0.0,"event_name":"Duplicator","player_choice":"Copied","floor":20.0,"gold_loss":0.0,"damage_taken":0.0,"cards_obtained":["Choke"]}],"is_beta":false,"boss_relics":[{"not_picked":["Sozu","WristBlade"],"picked":"Philosopher\u0027s Stone"}],"items_purged_floors":[4],"is_endless":false,"potions_floor_spawned":[1,2,8,13,18,19],"killed_by":"Gremlin Leader","ascension_level":0}}