{"host":"s9znsjs818tlhh47","time":1610861149,"event":{"mods":["2.2 Compatiblity","AchievementEnabler","Act Like it!","BaseMod","Bestiary","Better Note","Better Skull","Better Third Choice","Better Vampires","Card Forge","Colored Powertips","Evolution","Force Act Four","Gensokyo","Ironclad Rager","Marked Mod","Minty Spire (QoL Compilation)","Permanent Neow","Quick Restart","RumiaBox-露米娅的神秘盒子","StSLib","The Invoker Mod","【功能Mod】混沌之环修复补丁","【遗物卡牌】REMEMod","残留之物"],"gold_per_floor":[10,10,10,10,36,63,63,94,118,143,11,103,115,52,52,125,125,142,157,174,174,174,174,192,192,240,256,271,298,198,208,208,283,283,299,299,11,11,11,44,44,69,69,100,12,12,12,22,22,22,22,22,22,22,49,49,49],"floor_reached":56,"language":"ZHS","playtime":1995,"items_purged":["Twin Strike","Twin Strike","Iron Wave"],"score":1929,"play_id":"02f01333-5833-4238-9aa0-543aab2f0060","local_time":"20210117002549","is_ascension_mode":true,"campfire_choices":[{"floor":7.0,"key":"REST"},{"data":"Armaments","floor":15.0,"key":"SMITH"},{"data":"True Grit","floor":23.0,"key":"SMITH"},{"data":"Offering","floor":25.0,"key":"SMITH"},{"data":"Warcry","floor":32.0,"key":"SMITH"},{"data":"Power Through","floor":41.0,"key":"SMITH"},{"floor":47.0,"key":"RECALL"},{"floor":49.0,"key":"REST"},{"floor":53.0,"key":"REST"}],"circlet_count":0,"master_deck":["AscendersBane","Pommel Strike","Pommel Strike","Juggernaut+1","Iron Wave","Iron Wave","Body Slam+1","Armaments+1","True Grit+1","Juggernaut+1","Offering+1","Dual Wield","Shrug It Off","Warcry+1","Fiend Fire","Juggernaut+1","Power Through+1","Entrench+1","Feel No Pain+1","Battle Trance"],"relics":["Black Blood","Hammer of Thor","Seething Fire","Anvil of the Gods","EVO:Axolotl","REME_ComplimentaryCards","Omamori","Ccalipers","Ancient Tea Set","MawBank","DollysMirror","Happy Flower","Vajra","REME_DuelDisc","Frozen Egg 2","Medical Kit","Nunchaku","Strawberry","REME_IWantAll","Dream Catcher","Boot"],"acts_visited":["Exordium","Gensokyo:Gensokyo","Gensokyo:Gensokyoer","TheEnding"],"potions_floor_usage":[],"damage_taken":[{"damage":14.0,"enemies":"Gensokyo:2_Kodama","floor":1.0,"turns":3.0},{"damage":43.0,"enemies":"Gensokyo:Aya","floor":6.0,"turns":6.0},{"damage":0.0,"enemies":"Gensokyo:Mamizou","floor":8.0,"turns":4.0},{"damage":0.0,"enemies":"Gensokyo:Gryphon","floor":10.0,"turns":3.0},{"damage":17.0,"enemies":"Gensokyo:Kokoro","floor":16.0,"turns":6.0},{"damage":11.0,"enemies":"Gensokyo:AngelMirror","floor":18.0,"turns":2.0},{"damage":6.0,"enemies":"Gensokyo:Chomper","floor":19.0,"turns":2.0},{"damage":32.0,"enemies":"Gensokyo:Wraith","floor":20.0,"turns":4.0},{"damage":6.0,"enemies":"Gensokyo:3_Gloops","floor":24.0,"turns":3.0},{"damage":6.0,"enemies":"Gensokyo:Monolith_and_Dog","floor":27.0,"turns":1.0},{"damage":24.0,"enemies":"Gensokyo:Wraith","floor":28.0,"turns":4.0},{"damage":17.0,"enemies":"Gensokyo:Reisen","floor":29.0,"turns":3.0},{"damage":14.0,"enemies":"Gensokyo:Slime_Group","floor":31.0,"turns":3.0},{"damage":19.0,"enemies":"Gensokyo:Eiki","floor":33.0,"turns":4.0},{"damage":0.0,"enemies":"Gensokyo:3_Boulders","floor":35.0,"turns":3.0},{"damage":29.0,"enemies":"Gensokyo:Marisa","floor":40.0,"turns":3.0},{"damage":6.0,"enemies":"Gensokyo:Kasen","floor":44.0,"turns":2.0},{"damage":6.0,"enemies":"Gensokyo:3_Bats","floor":48.0,"turns":1.0},{"damage":12.0,"enemies":"Gensokyo:Yuyuko","floor":50.0,"turns":4.0},{"damage":6.0,"enemies":"Gensokyo:Scarlet_Devils","floor":51.0,"turns":4.0},{"damage":39.0,"enemies":"Shield and Spear","floor":55.0,"turns":3.0},{"damage":49,"enemies":"The Heart","floor":56,"turns":3}],"seed_played":"8262590221049264823","potions_obtained":[{"floor":6.0,"key":"SkillPotion"},{"floor":8.0,"key":"DistilledChaos"},{"floor":20.0,"key":"Explosive Potion"},{"floor":24.0,"key":"REME_GoldPotion"},{"floor":27.0,"key":"ElixirPotion"},{"floor":33.0,"key":"DistilledChaos"}],"is_trial":false,"path_per_floor":["M","?","$","?","T","E","R","E","T","M","COS","?","?","$","R","B",null,"M","M","M","?","?","R","M","R","T","M","M","E","$","M","R","B",null,"M","?","$","?","?","E","R","T","T","E","$","?","R","M","R","B","B",null,"R","$","E","B"],"character_chosen":"IRONCLAD","items_purchased":["Medical Kit","Feel No Pain+1"],"campfire_rested":3,"item_purchase_floors":[37,45],"current_hp_per_floor":[42,44,44,44,44,7,27,33,33,39,39,39,39,39,39,28,58,59,65,45,45,47,47,53,53,53,59,47,42,42,40,40,33,59,68,51,51,51,51,34,34,41,41,47,47,47,47,53,75,75,75,75,75,75,48,0,0],"gold":49,"neow_bonus":"IRONCLAD_BERSERKER","is_daily":false,"chose_seed":false,"campfire_upgraded":5,"win_rate":0.0,"timestamp":1610861149,"path_taken":["M","?","?","?","?","E","R","E","T","?","COS","?","?","?","R","BOSS","M","M","?","?","?","R","?","R","T","?","M","E","?","M","R","BOSS","M","?","$","?","?","E","R","?","T","E","?","?","R","M","R","BOSS","BOSS","R","$","E","BOSS"],"items_purchased_type":["Relic","Card"],"build_version":"2020-12-22","purchased_purges":3,"victory":false,"max_hp_per_floor":[68,68,68,68,68,68,68,68,68,68,68,68,68,68,68,68,68,68,68,68,68,68,68,68,68,68,68,68,68,68,68,68,68,68,68,68,68,68,68,68,68,75,75,75,75,75,75,75,75,75,75,75,75,75,75,75,75],"card_choices":[{"not_picked":["Twin Strike","Uppercut"],"picked":"Body Slam","floor":1.0},{"not_picked":["Pommel Strike","Clash","Whirlwind"],"picked":"SKIP","floor":6.0},{"not_picked":["REME_Cut","Dual Wield"],"picked":"Armaments","floor":8.0},{"not_picked":["Pommel Strike","Clothesline"],"picked":"True Grit","floor":10.0},{"not_picked":["Exhume","Bludgeon"],"picked":"Offering","floor":16.0},{"not_picked":["Shockwave","Combust","Iron Wave"],"picked":"SKIP","floor":18.0},{"not_picked":["Body Slam","Disarm"],"picked":"Evolve","floor":19.0},{"not_picked":["Uppercut","Pommel Strike"],"picked":"Dual Wield","floor":20.0},{"not_picked":["Carnage+1","Inflame","Cleave"],"picked":"SKIP","floor":24.0},{"not_picked":["Perfected Strike","Anger+1"],"picked":"Shrug It Off","floor":27.0},{"not_picked":["Thunderclap","Headbutt","Armaments+1"],"picked":"SKIP","floor":28.0},{"not_picked":["True Grit","Double Tap","Sword Boomerang"],"picked":"SKIP","floor":29.0},{"not_picked":["Cleave","Shrug It Off"],"picked":"Warcry","floor":31.0},{"not_picked":["ICR:VitalStrike","Bludgeon"],"picked":"Fiend Fire","floor":33.0},{"not_picked":["Clothesline","Anger+1","Disarm+1"],"picked":"SKIP","floor":35.0},{"not_picked":["Carnage","Pummel+1"],"picked":"Power Through","floor":40.0},{"not_picked":["Twin Strike","Combust+1"],"picked":"Entrench+1","floor":44.0},{"not_picked":["Evolve+1","Flex","Cleave"],"picked":"SKIP","floor":48.0},{"not_picked":["Ghostly Armor","REME_Cut+1"],"picked":"Battle Trance","floor":55.0}],"player_experience":313386,"relics_obtained":[{"floor":5.0,"key":"Omamori"},{"floor":6.0,"key":"Ccalipers"},{"floor":8.0,"key":"Ancient Tea Set"},{"floor":9.0,"key":"MawBank"},{"floor":29.0,"key":"Vajra"},{"floor":40.0,"key":"Nunchaku"},{"floor":42.0,"key":"Strawberry"},{"floor":43.0,"key":"REME_IWantAll"},{"floor":44.0,"key":"Dream Catcher"},{"floor":55.0,"key":"Boot"}],"event_choices":[{"damage_healed":2.0,"max_hp_gain":0.0,"max_hp_loss":0.0,"gold_gain":0.0,"event_name":"betterSkull:BetterSkull","player_choice":"LEAVE ","floor":2.0,"gold_loss":0.0,"damage_taken":0.0,"cards_upgraded":[],"relics_obtained":[]},{"damage_healed":2.0,"max_hp_gain":0.0,"max_hp_loss":0.0,"gold_gain":0.0,"event_name":"betterSkull:BetterSkull","player_choice":"LEAVE ","floor":22.0,"gold_loss":0.0,"damage_taken":0.0,"cards_upgraded":[],"relics_obtained":[]}],"is_beta":false,"boss_relics":[{"not_picked":["Calling Bell","Ectoplasm"],"picked":"Black Blood"},{"not_picked":["Busted Crown","REME_DemonsWealth"],"picked":"REME_DuelDisc"}],"items_purged_floors":[14,30,37],"is_endless":false,"potions_floor_spawned":[6,8,20,24,27,33,40,48],"killed_by":"The Heart","ascension_level":20}}