{"host":"poshtwjux72eqzmy","time":1610914836,"event":{"mods":["BaseMod","Bestiary","Block Reminder","Downfall","Highlight Path","Minty Spire (QoL Compilation)","Relic Stats","StSLib","ojb\u0027s Info Mod"],"gold_per_floor":[99,115,125,35,35,48,75,75,87,87,129,140,34,63,82,189,189,89,108,93,102,12,43,67,101,113,136,161,173,85,125,157,274,286,198,234,266,292,304,316,351,392,404,446,182,198,218,229,241,241,241,276,26,26,26,26],"floor_reached":57,"language":"ENG","playtime":6308,"items_purged":["bronze:Strike","bronze:Strike","Decay","bronze:Break"],"score":1331,"play_id":"6cd291e6-b997-4ae6-aa42-3a908ad1a70b","local_time":"20210117222036","is_ascension_mode":false,"campfire_choices":[{"floor":1.0,"key":"RECALL"},{"data":"bronze:Goto","floor":8.0,"key":"SMITH"},{"data":"bronze:WhirlingStrike","floor":10.0,"key":"SMITH"},{"data":"bronze:RecursiveStrike","floor":18.0,"key":"SMITH"},{"data":"bronze:Branch","floor":30.0,"key":"SMITH"},{"data":"bronze:Shell","floor":35.0,"key":"SMITH"},{"data":"bronze:ClassDefault","floor":40.0,"key":"SMITH"},{"data":"bronze:Assembly","floor":43.0,"key":"SMITH"},{"data":"bronze:Branch","floor":54.0,"key":"SMITH"}],"circlet_count":0,"master_deck":["bronze:Defend","bronze:Defend","bronze:Defend","bronze:Replicate","bronze:Goto+1","bronze:Branch+1","bronze:Branch+1","bronze:DelayedSlice","bronze:CloningBeam","bronze:CloningBeam","bronze:Optimize","bronze:Boost","bronze:WhirlingStrike+1","bronze:ChosenStrike","bronze:Flail","bronze:CutThrough","bronze:Flail","bronze:RecursiveStrike+1","Necronomicurse","bronze:ClassDefault+1","bronze:Frontload+1","bronze:ForLoop+1","bronze:Shell+1","bronze:Assembly+1","bronze:Turbo+1","bronze:BitShift+1","bronze:AlphaBuild","bronze:Repulsor","bronze:Boost","bronze:DelayedGuard+1"],"relics":["bronze:BronzeCore","Coffee Dripper","downfall:HeartBlessingRed","Necronomicon","Bird Faced Urn","Chemical X","Strawberry","MawBank","downfall:HeartBlessingBlue","Oddly Smooth Stone","SacredBark","downfall:HeartBlessingGreen","Nunchaku","Toy Ornithopter","Ginger","Pocketwatch","Happy Flower"],"acts_visited":["Exordium","TheCity","TheBeyond","TheEnding"],"potions_floor_usage":[55,55,56,56,56,56],"damage_taken":[{"damage":1.0,"enemies":"Jaw Worm","floor":2.0,"turns":3.0},{"damage":0.0,"enemies":"Cultist","floor":3.0,"turns":3.0},{"damage":0.0,"enemies":"downfall:FleeingMerchant","floor":4.0,"turns":4.0},{"damage":5.0,"enemies":"Small Slimes","floor":6.0,"turns":2.0},{"damage":0.0,"enemies":"Red Slaver","floor":9.0,"turns":3.0},{"damage":12.0,"enemies":"Gremlin Nob","floor":11.0,"turns":4.0},{"damage":0.0,"enemies":"3 Louse","floor":12.0,"turns":3.0},{"damage":2.0,"enemies":"downfall:FleeingMerchant","floor":13.0,"turns":4.0},{"damage":0.0,"enemies":"Gremlin Gang","floor":14.0,"turns":1.0},{"damage":4.0,"enemies":"Exordium Wildlife","floor":15.0,"turns":2.0},{"damage":19.0,"enemies":"WA_ARCHETYPE_RETAIN","floor":16.0,"turns":5.0},{"damage":12.0,"enemies":"Shell Parasite","floor":19.0,"turns":3.0},{"damage":14.0,"enemies":"downfall:FleeingMerchant","floor":20.0,"turns":4.0},{"damage":0.0,"enemies":"downfall:FleeingMerchant","floor":22.0,"turns":1.0},{"damage":33.0,"enemies":"Book of Stabbing","floor":23.0,"turns":4.0},{"damage":4.0,"enemies":"Spheric Guardian","floor":25.0,"turns":3.0},{"damage":1.0,"enemies":"Centurion and Healer","floor":27.0,"turns":4.0},{"damage":0.0,"enemies":"Snecko","floor":28.0,"turns":3.0},{"damage":0.0,"enemies":"Gremlin Leader","floor":31.0,"turns":3.0},{"damage":2.0,"enemies":"Chosen and Byrds","floor":32.0,"turns":3.0},{"damage":11.0,"enemies":"SI_MIRROR_ARCHETYPE","floor":33.0,"turns":7.0},{"damage":0.0,"enemies":"Orb Walker","floor":37.0,"turns":3.0},{"damage":25.0,"enemies":"3 Darklings","floor":38.0,"turns":3.0},{"damage":0.0,"enemies":"Nemesis","floor":42.0,"turns":5.0},{"damage":21.0,"enemies":"Reptomancer","floor":44.0,"turns":4.0},{"damage":0.0,"enemies":"Spire Growth","floor":46.0,"turns":4.0},{"damage":7.0,"enemies":"Sphere and 2 Shapes","floor":47.0,"turns":3.0},{"damage":0.0,"enemies":"3 Darklings","floor":48.0,"turns":9.0},{"damage":0.0,"enemies":"Maw","floor":49.0,"turns":5.0},{"damage":27.0,"enemies":"DF_ARCHETYPE_ORBS","floor":50.0,"turns":6.0},{"damage":21.0,"enemies":"downfall:CharBossMerchant","floor":52.0,"turns":8.0},{"damage":18,"enemies":"downfall:NeowBoss","floor":55,"turns":16},{"damage":108,"enemies":"downfall:NeowBossFinal","floor":56,"turns":11}],"seed_played":"-5506277607468422406","potions_obtained":[{"floor":2.0,"key":"BlessingOfTheForge"},{"floor":9.0,"key":"Energy Potion"},{"floor":11.0,"key":"bronze:BuildAFunctionPotion"},{"floor":14.0,"key":"Weak Potion"},{"floor":15.0,"key":"bronze:BurnAndBuffPotion"},{"floor":16.0,"key":"champ:CounterPotion"},{"floor":23.0,"key":"Guardian:BlockOnCardUsePotion"},{"floor":27.0,"key":"champ:CounterPotion"},{"floor":32.0,"key":"PowerPotion"},{"floor":33.0,"key":"Fruit Juice"},{"floor":37.0,"key":"Guardian:BlockOnCardUsePotion"},{"floor":48.0,"key":"bronze:FreeFunctionsPotion"},{"floor":49.0,"key":"DuplicationPotion"}],"is_trial":false,"path_per_floor":["R","M","M","$","?","M","T","R","M","R","E","M","$","M","M","B",null,"R","M","$","?","$","E","T","M","?","M","M","?","R","E","M","B",null,"R","T","M","M","?","R","T","E","R","E","?","M","M","M","M","B",null,"E","$","R","B","B",null],"character_chosen":"THE_AUTOMATON","items_purchased":["Bird Faced Urn","Chemical X","bronze:Repulsor","bronze:Boost","EntropicBrew"],"campfire_rested":0,"item_purchase_floors":[22,22,45,45,53],"current_hp_per_floor":[77,76,76,76,76,71,71,71,71,71,59,59,57,57,53,34,77,77,65,51,35,35,11,11,11,11,14,14,14,24,26,26,21,94,94,94,104,79,79,79,79,88,88,71,71,73,68,74,78,55,104,85,85,85,85,3],"gold":26,"neow_bonus":"TEN_PERCENT_HP_BONUS","is_daily":false,"chose_seed":false,"campfire_upgraded":8,"win_rate":0.0,"timestamp":1610914836,"path_taken":["R","M","M","$","?","M","T","R","M","R","E","M","?","M","M","BOSS","R","M","$","?","$","E","T","M","?","?","M","?","R","E","M","BOSS","R","?","?","M","?","R","T","E","R","E","?","?","M","?","M","BOSS","E","$","R","BOSS","BOSS"],"items_purchased_type":["Relic","Relic","Card","Card","Potion"],"build_version":"2020-12-22","purchased_purges":4,"victory":true,"max_hp_per_floor":[77,77,77,77,77,77,77,77,77,77,77,77,77,77,77,77,77,77,77,77,77,77,84,84,84,84,84,84,84,94,94,94,94,94,94,94,104,104,104,104,104,104,104,104,104,104,104,104,104,104,104,104,104,104,104,104],"relic_stats":{"Nunchaku":[17],"Happy Flower":[9],"counters":[33,146],"Bird Faced Urn":[62],"Necronomicon":[68],"Chemical X":[13],"Ginger":[26],"MawBank":252,"obtain_stats":[{"bronze:BronzeCore":0,"downfall:HeartBlessingRed":18,"Happy Flower":52,"CeramicFish":11,"SacredBark":34,"Oddly Smooth Stone":31,"downfall:HeartBlessingGreen":35,"Ginger":42,"MawBank":24,"Nunchaku":36,"downfall:HeartBlessingBlue":30,"Bird Faced Urn":22,"Strawberry":23,"Coffee Dripper":17,"Necronomicon":21,"Chemical X":22,"Toy Ornithopter":41,"Pocketwatch":44},{"bronze:BronzeCore":0,"downfall:HeartBlessingRed":11,"Happy Flower":31,"CeramicFish":6,"SacredBark":21,"Oddly Smooth Stone":19,"downfall:HeartBlessingGreen":21,"Ginger":24,"MawBank":15,"Nunchaku":21,"downfall:HeartBlessingBlue":18,"Bird Faced Urn":14,"Strawberry":15,"Coffee Dripper":11,"Necronomicon":13,"Chemical X":14,"Toy Ornithopter":23,"Pocketwatch":25},{"bronze:BronzeCore":0,"downfall:HeartBlessingRed":34,"Happy Flower":119,"CeramicFish":19,"SacredBark":69,"Oddly Smooth Stone":59,"downfall:HeartBlessingGreen":69,"Ginger":80,"MawBank":46,"Nunchaku":69,"downfall:HeartBlessingBlue":56,"Bird Faced Urn":42,"Strawberry":46,"Coffee Dripper":34,"Necronomicon":41,"Chemical X":42,"Toy Ornithopter":75,"Pocketwatch":84}],"Toy Ornithopter":35,"Pocketwatch":[57]},"card_choices":[{"not_picked":["bronze:Philosophize","bronze:FollowUp"],"picked":"bronze:Branch","floor":2.0},{"not_picked":["bronze:OilSpill","bronze:Boost"],"picked":"bronze:Branch","floor":3.0},{"not_picked":["bronze:Invalidate","bronze:BronzeArmor"],"picked":"bronze:DelayedSlice","floor":4.0},{"not_picked":["bronze:Return","bronze:Shield"],"picked":"bronze:Boost","floor":6.0},{"not_picked":["bronze:Safeguard","bronze:Deprecate"],"picked":"bronze:WhirlingStrike","floor":9.0},{"not_picked":["bronze:Optimize","bronze:Frontload"],"picked":"bronze:ChosenStrike","floor":11.0},{"not_picked":["bronze:Shield","bronze:Philosophize","bronze:Safeguard"],"picked":"SKIP","floor":12.0},{"not_picked":["bronze:BronzeOrb","bronze:CleanCode"],"picked":"bronze:Flail","floor":13.0},{"not_picked":["bronze:Branch","bronze:ForLoop"],"picked":"bronze:CutThrough","floor":14.0},{"not_picked":["bronze:WildBeam","bronze:BugBarrage"],"picked":"bronze:Flail","floor":15.0},{"not_picked":["bronze:ThunderWave","bronze:FindAndReplace"],"picked":"bronze:RecursiveStrike","floor":16.0},{"not_picked":["bronze:Frontload","bronze:Overheat","bronze:Deprecate"],"picked":"SKIP","floor":19.0},{"not_picked":["bronze:WildBeam+1","bronze:Branch","bronze:Deprecate"],"picked":"SKIP","floor":20.0},{"not_picked":["bronze:Iterate","bronze:Return"],"picked":"bronze:ClassDefault","floor":22.0},{"not_picked":["bronze:Backtrace+1","bronze:CutThrough","bronze:OilSpill+1"],"picked":"SKIP","floor":23.0},{"not_picked":["bronze:OilSpill","bronze:Iterate"],"picked":"bronze:Frontload+1","floor":25.0},{"not_picked":["bronze:FollowUp","bronze:Fortify+1"],"picked":"bronze:ForLoop+1","floor":27.0},{"not_picked":["bronze:Deprecate","bronze:CleanCode"],"picked":"bronze:Turbo+1","floor":28.0},{"not_picked":["bronze:CloningBeam","bronze:BitShift"],"picked":"bronze:Shell","floor":31.0},{"not_picked":["bronze:Allocate","bronze:BronzeOrb","bronze:BitShift"],"picked":"SKIP","floor":32.0},{"not_picked":["bronze:FindAndReplace","bronze:BurnOut"],"picked":"bronze:Assembly","floor":33.0},{"not_picked":["bronze:Invalidate","bronze:BitShift+1"],"picked":"bronze:Turbo+1","floor":37.0},{"not_picked":["bronze:BuggyMess+1","bronze:WildBeam+1"],"picked":"bronze:BitShift+1","floor":38.0},{"not_picked":["bronze:OilSpill+1","bronze:CloningBeam","bronze:Philosophize"],"picked":"SKIP","floor":42.0},{"not_picked":["bronze:WhirlingStrike+1","bronze:Overload"],"picked":"bronze:AlphaBuild","floor":44.0},{"not_picked":["bronze:Branch","bronze:Turbo","bronze:Invalidate"],"picked":"SKIP","floor":46.0},{"not_picked":["bronze:Repulsor+1","bronze:OilSpill+1"],"picked":"bronze:DelayedGuard+1","floor":47.0},{"not_picked":["bronze:Overheat","bronze:ChosenStrike+1","bronze:OilSpill"],"picked":"SKIP","floor":48.0},{"not_picked":["bronze:Shell","bronze:DelayedGuard","bronze:FineTuning"],"picked":"SKIP","floor":49.0},{"not_picked":["bronze:ClassDefault","bronze:Overload","bronze:Mutator"],"picked":"SKIP","floor":52.0}],"player_experience":1111299,"relics_obtained":[{"floor":11.0,"key":"CeramicFish"},{"floor":21.0,"key":"Necronomicon"},{"floor":23.0,"key":"Strawberry"},{"floor":24.0,"key":"MawBank"},{"floor":31.0,"key":"Oddly Smooth Stone"},{"floor":36.0,"key":"Nunchaku"},{"floor":41.0,"key":"Toy Ornithopter"},{"floor":42.0,"key":"Ginger"},{"floor":44.0,"key":"Pocketwatch"},{"floor":52.0,"key":"Happy Flower"}],"event_choices":[{"damage_healed":0.0,"max_hp_gain":0.0,"max_hp_loss":0.0,"gold_gain":0.0,"event_name":"NoteForYourself","player_choice":"Ignored","floor":29.0,"gold_loss":0.0,"damage_taken":0.0},{"cards_removed":["bronze:Turbo"],"damage_healed":0.0,"max_hp_gain":0.0,"max_hp_loss":0.0,"gold_gain":0.0,"event_name":"Falling","player_choice":"Removed Skill","floor":39.0,"gold_loss":0.0,"damage_taken":0.0}],"is_beta":false,"boss_relics":[{"not_picked":["Tiny House","bronze:MakeshiftBattery"],"picked":"Coffee Dripper"},{"not_picked":["Sozu","SlaversCollar"],"picked":"SacredBark"}],"items_purged_floors":[4,13,45,53],"is_endless":false,"potions_floor_spawned":[2,9,11,14,15,16,23,27,28,32,33,37,48,49,52],"ascension_level":0}}