{"host":"jbv3qt0awk8s2a42","time":1610871744,"event":{"mods":["BaseMod","LagranYue(拉格朗·月)","Minty Spire (QoL Compilation)","Shop Mod","StSLib","The Hierophant","【功能Mod】聪明的最终Boss","篝火指南"],"gold_per_floor":[112,112,287,312,325,358,358],"floor_reached":6,"language":"ZHS","playtime":261,"items_purged":[],"score":69,"play_id":"ea822f4e-bb85-4fa2-80eb-6ca686225157","local_time":"20210117162224","is_ascension_mode":false,"campfire_choices":[],"circlet_count":0,"master_deck":["hierophant:Strike_Hierophant","hierophant:Strike_Hierophant","hierophant:Strike_Hierophant","hierophant:Strike_Hierophant","hierophant:Punish","hierophant:Defend_Hierophant","hierophant:Defend_Hierophant","hierophant:Defend_Hierophant","hierophant:ChurchCoffers","Doubt","hierophant:DisplayOfPower"],"relics":["hierophant:PropheticMaskRelic","LagranYue:RandomDrawCardRelic","NeowsBlessing","Toy Ornithopter","Mercury Hourglass"],"acts_visited":["Exordium"],"potions_floor_usage":[],"damage_taken":[{"damage":0,"enemies":"2 Louse","floor":1,"turns":1},{"damage":0,"enemies":"Small Slimes","floor":5,"turns":1},{"damage":0,"enemies":"Gremlin Nob","floor":6,"turns":1}],"seed_played":"4970224844505640821","potions_obtained":[{"floor":5,"key":"BlessingOfTheForge"}],"is_trial":false,"path_per_floor":["M","?","?","T","M","E"],"character_chosen":"HIEROPHANT","items_purchased":[],"campfire_rested":0,"item_purchase_floors":[],"current_hp_per_floor":[75,75,75,75,75,75,75],"gold":358,"neow_bonus":"THREE_ENEMY_KILL","is_daily":false,"chose_seed":false,"campfire_upgraded":0,"win_rate":0.0,"timestamp":1610871744,"path_taken":["M","?","?","?","M","E"],"items_purchased_type":[],"build_version":"2020-12-22","purchased_purges":0,"victory":false,"max_hp_per_floor":[75,75,75,75,75,75,75],"card_choices":[{"not_picked":["hierophant:FlamingChariot","hierophant:TollTheBells","hierophant:Doubloon"],"picked":"SKIP","floor":1},{"not_picked":["hierophant:FlamingChariot","hierophant:HammerAndAnvil"],"picked":"hierophant:DisplayOfPower","floor":5}],"player_experience":18764,"relics_obtained":[{"floor":4,"key":"Toy Ornithopter"},{"floor":6,"key":"Mercury Hourglass"}],"event_choices":[{"cards_removed":["hierophant:Defend_Hierophant"],"damage_healed":0,"gold_gain":0,"player_choice":"Forget","damage_taken":0,"max_hp_gain":0,"max_hp_loss":0,"event_name":"Living Wall","floor":2,"gold_loss":0},{"damage_healed":0,"gold_gain":175,"player_choice":"AGREE","damage_taken":0,"max_hp_gain":0,"max_hp_loss":0,"event_name":"Liars Game","floor":3,"gold_loss":0,"cards_obtained":["Doubt"]}],"is_beta":false,"boss_relics":[],"items_purged_floors":[],"is_endless":false,"potions_floor_spawned":[5],"killed_by":"Gremlin Nob","ascension_level":0}}