{"host":"4gr5irrdjh39ysed","time":1610854172,"event":{"mods":["AchievementEnabler","BaseMod","Colored Map","Downfall","Hermit","Minty Spire (QoL Compilation)","Random Character Button","StSLib","The Construct","The Cursed","The Disciple","The Hierophant","The Mystic","The Necromancer","The Runesmith"],"gold_per_floor":[99,118,118,173,173,191,191,204,234,74,90,15,50,50,68,171,171,121,137,47,47,66,81,81,92,109,124,137,137,139,239,251,352,352,302,315,335,385,385,405,405,133,133,45,59,21,55,70,87,87],"floor_reached":51,"language":"ENG","playtime":7800,"items_purged":["Slimebound:Defend_Slimebound","Slimebound:Defend_Slimebound","Slimebound:Defend_Slimebound"],"score":807,"play_id":"ec11f48f-6d0d-41e8-80bf-c47eaf513b46","local_time":"20210116202932","is_ascension_mode":true,"campfire_choices":[{"floor":1,"key":"RECALL"},{"data":"Slimebound:TagTeam","floor":18,"key":"SMITH"},{"data":"Slimebound:RallyTheTroops","floor":35,"key":"SMITH"}],"circlet_count":0,"master_deck":["Slimebound:Strike_Slimebound","Slimebound:Strike_Slimebound","Slimebound:Strike_Slimebound","Slimebound:Tackle","Slimebound:Split","Slimebound:CorrosiveSpit","Slimebound:SlimeTap","Slimebound:Repurpose","Slimebound:SplitLeeching","Slimebound:SplitAcid","Slimebound:SlimeBarrage","Slimebound:FlameTackle","Slimebound:MassFeed","Slimebound:SplitSpecialist","Slimebound:FirmFortitude","Slimebound:SplitSpecialist","Slimebound:TagTeam+1","Slimebound:DisruptingSlam+1","Slimebound:RejuvenatingLick+1","Slimebound:LevelUp","Slimebound:LevelUp","Slimebound:MegaLick","Slimebound:ViciousTackle","Slimebound:ItLooksTasty+1","Slimebound:SelfFormingGoo","Impatience","Slimebound:CheckThePlaybook","Slimebound:RallyTheTroops+1","Slimebound:SlimeBrawl+1","Slimebound:SlimeSpikes+1","expansioncontent:YouAreMine","expansioncontent:LastStand","Slimebound:Nibble+1","Injury","Dramatic Entrance","Slimebound:FlameTackle+1","Slimebound:LevelUp","Slimebound:RainOfGoop","Slimebound:ComboTackle+1","Slimebound:Nibble+1"],"relics":["Slimebound:AbsorbEndCombat","Turnip","Blue Candle","Slimebound:AggressiveSlimeRelic","Slimebound:GreedOozeRelic","construct:FoamFinger","bronze:MakeshiftBattery","downfall:RedIOU","InkBottle","Cursed Key","construct:BoolHorns","CaptainsWheel","Lantern","Peace Pipe"],"acts_visited":["Exordium","TheCity","TheBeyond"],"potions_floor_usage":[26,33,33,50,50],"damage_taken":[{"damage":7,"enemies":"Small Slimes","floor":2,"turns":3},{"damage":56,"enemies":"Lagavulin Event","floor":4,"turns":8},{"damage":8,"enemies":"2 Louse","floor":6,"turns":3},{"damage":0,"enemies":"Cultist","floor":8,"turns":4},{"damage":20,"enemies":"Lagavulin","floor":9,"turns":6},{"damage":19,"enemies":"downfall:FleeingMerchant","floor":10,"turns":4},{"damage":18,"enemies":"Gremlin Gang","floor":11,"turns":3},{"damage":19,"enemies":"3 Sentries","floor":13,"turns":5},{"damage":16,"enemies":"Blue Slaver","floor":15,"turns":2},{"damage":85,"enemies":"DF_ARCHETYPE_STREAMLINE","floor":16,"turns":9},{"damage":12,"enemies":"Chosen","floor":19,"turns":3},{"damage":14,"enemies":"downfall:FleeingMerchant","floor":20,"turns":4},{"damage":29,"enemies":"Shell Parasite","floor":22,"turns":3},{"damage":41,"enemies":"Shelled Parasite and Fungi","floor":23,"turns":4},{"damage":16,"enemies":"Centurion and Healer","floor":25,"turns":4},{"damage":35,"enemies":"Snake Plant","floor":26,"turns":3},{"damage":3,"enemies":"Snecko","floor":27,"turns":3},{"damage":46,"enemies":"Centurion and Healer","floor":28,"turns":5},{"damage":14,"enemies":"downfall:FleeingMerchant","floor":30,"turns":4},{"damage":7,"enemies":"Cultist and Chosen","floor":32,"turns":5},{"damage":65,"enemies":"SI_MIRROR_ARCHETYPE","floor":33,"turns":8},{"damage":25,"enemies":"Orb Walker","floor":36,"turns":2},{"damage":50,"enemies":"3 Shapes","floor":37,"turns":3},{"damage":15,"enemies":"3 Shapes","floor":38,"turns":2},{"damage":56,"enemies":"Sphere and 2 Shapes","floor":40,"turns":4},{"damage":3,"enemies":"Jaw Worm Horde","floor":45,"turns":2},{"damage":57,"enemies":"Giant Head","floor":47,"turns":7},{"damage":26,"enemies":"Spire Growth","floor":48,"turns":4},{"damage":54,"enemies":"Writhing Mass","floor":49,"turns":4},{"damage":75,"enemies":"IC_BLOCK_ARCHETYPE","floor":50,"turns":6}],"seed_played":"-4121658370724836708","potions_obtained":[{"floor":6,"key":"SkillPotion"},{"floor":9,"key":"Guardian:BlockOnCardUsePotion"},{"floor":13,"key":"Dexterity Potion"},{"floor":32,"key":"SneckoOil"},{"floor":33,"key":"ColorlessPotion"},{"floor":38,"key":"sneckomod:MuddlingPotion"},{"floor":40,"key":"Slimebound:SlimedPotion"}],"is_trial":false,"path_per_floor":["R","M","?","?","?","M","T","M","E","$","M","?","E","?","M","B",null,"R","M","$","?","M","M","T","M","M","M","M","T","$","?","M","B",null,"R","M","M","?","?","M","T","$","?","$","M","$","E","M","M","B",null],"character_chosen":"SLIMEBOUND","items_purchased":["Slimebound:MassFeed","Slimebound:SelfFormingGoo","Impatience","Lantern","Dramatic Entrance","Slimebound:LevelUp"],"campfire_rested":0,"item_purchase_floors":[10,30,30,42,44,46],"current_hp_per_floor":[2065,2059,2059,2005,2005,1998,1998,1998,1985,1967,1955,1955,1937,1937,1921,1837,2071,2071,2059,2045,2045,2018,1978,1978,1967,1934,1931,1888,1888,1877,1877,1872,1810,2074,2074,2050,2001,1988,1983,1929,1929,1929,1929,1929,1927,1927,1875,1851,1801,1731],"gold":87,"neow_bonus":"THREE_CARDS","is_daily":false,"chose_seed":false,"campfire_upgraded":2,"win_rate":0.0,"timestamp":1610854172,"path_taken":["R","M","?","?","?","?","T","M","E","$","?","?","E","?","M","BOSS","R","M","$","?","M","M","T","M","M","M","M","?","$","?","M","BOSS","R","M","?","?","?","M","T","$","?","$","M","$","E","M","M","BOSS"],"items_purchased_type":["Card","Card","Card","Relic","Card","Card"],"build_version":"2020-12-22","purchased_purges":3,"victory":true,"max_hp_per_floor":[2065,2065,2065,2065,2065,2065,2065,2065,2065,2065,2071,2071,2071,2071,2071,2071,2071,2071,2071,2071,2071,2071,2071,2071,2074,2074,2074,2074,2074,2074,2074,2074,2074,2074,2074,2074,2074,2074,2074,2074,2074,2074,2074,2074,2074,2074,2074,2074,2074,2074],"card_choices":[{"not_picked":["Slimebound:GoopTackle","Slimebound:Prepare"],"picked":"Slimebound:SlimeTap","floor":0},{"not_picked":["Slimebound:GoopTackle","Slimebound:ProtectTheBoss"],"picked":"Slimebound:Repurpose","floor":2},{"not_picked":["Slimebound:SlimeSpikes","Slimebound:SlimeBrawl"],"picked":"Slimebound:SplitLeeching","floor":4},{"not_picked":["Slimebound:Prepare","Slimebound:SlimeSpikes"],"picked":"Slimebound:SplitAcid","floor":6},{"not_picked":["Slimebound:LeechingTouch","Slimebound:Prepare"],"picked":"Slimebound:SlimeBarrage","floor":8},{"not_picked":["Slimebound:LeadByExample","Slimebound:ProtectTheBoss"],"picked":"Slimebound:FlameTackle","floor":9},{"not_picked":["Slimebound:Replication","Slimebound:ProtectTheBoss"],"picked":"Slimebound:LeechEnergy","floor":10},{"not_picked":["Slimebound:HauntingLick","Slimebound:Grow"],"picked":"Slimebound:SplitSpecialist","floor":11},{"not_picked":["Slimebound:RollThrough","Slimebound:SlimeTap"],"picked":"Slimebound:FirmFortitude","floor":13},{"not_picked":["Slimebound:ItLooksTasty","Slimebound:DivideAndConquer"],"picked":"Slimebound:SplitSpecialist","floor":15},{"not_picked":["Slimebound:OneTwoCombo","Slimebound:Teamwork"],"picked":"Slimebound:TagTeam","floor":16},{"not_picked":["Slimebound:ComboTackle+1","Slimebound:LeechingTouch"],"picked":"Slimebound:DisruptingSlam+1","floor":19},{"not_picked":["Slimebound:GoopTackle","Slimebound:DivideAndConquer+1"],"picked":"Slimebound:RejuvenatingLick+1","floor":20},{"not_picked":["Slimebound:Schlurp","Slimebound:SlimeTap","Slimebound:SplitSpecialist+1"],"picked":"SKIP","floor":22},{"not_picked":["Slimebound:ComboTackle","Slimebound:HauntingLick"],"picked":"Slimebound:LevelUp","floor":23},{"not_picked":["Slimebound:Grow","Slimebound:HauntingLick"],"picked":"Slimebound:LevelUp","floor":25},{"not_picked":["Slimebound:ServeAndProtect","Slimebound:LivingWall+1","Slimebound:SplitBruiser+1"],"picked":"SKIP","floor":26},{"not_picked":["Slimebound:Equalize","Slimebound:DisruptingSlam"],"picked":"Slimebound:MegaLick","floor":27},{"not_picked":["Slimebound:GrowthPunch","Slimebound:SplitLeeching"],"picked":"Slimebound:ViciousTackle","floor":28},{"not_picked":["Slimebound:PressTheAttack","Slimebound:GoopTackle"],"picked":"Slimebound:ItLooksTasty+1","floor":30},{"not_picked":["Slimebound:GrowthPunch","Slimebound:SlimeBrawl"],"picked":"Slimebound:CheckThePlaybook","floor":32},{"not_picked":["Slimebound:CheckThePlaybook","Slimebound:FirmFortitude"],"picked":"Slimebound:RallyTheTroops","floor":33},{"not_picked":["Slimebound:Replication+1","Slimebound:GrowthPunch+1","Slimebound:GoopTackle+1"],"picked":"SKIP","floor":36},{"not_picked":["Slimebound:SplitAcid+1","Slimebound:PressTheAttack+1"],"picked":"Slimebound:SlimeBrawl+1","floor":37},{"not_picked":["Slimebound:ServeAndProtect","Slimebound:LeechingTouch"],"picked":"Slimebound:SlimeSpikes+1","floor":38},{"not_picked":["expansioncontent:AwakenDeath","expansioncontent:HyperBeam"],"picked":"expansioncontent:YouAreMine","floor":39},{"not_picked":["expansioncontent:HyperBeam","expansioncontent:AwakenDeath"],"picked":"expansioncontent:LastStand","floor":39},{"not_picked":["Slimebound:GoopSpray","Slimebound:PressTheAttack+1"],"picked":"Slimebound:Nibble+1","floor":40},{"not_picked":["Slimebound:RejuvenatingLick","Slimebound:ServeAndProtect"],"picked":"Slimebound:FlameTackle+1","floor":45},{"not_picked":["Slimebound:LevelUp","Slimebound:SplitLeeching"],"picked":"Slimebound:RainOfGoop","floor":47},{"not_picked":["Slimebound:Gluttony","Slimebound:AcidTongue"],"picked":"Slimebound:ComboTackle+1","floor":48},{"not_picked":["Slimebound:SplitAcid","Slimebound:ItLooksTasty"],"picked":"Slimebound:Nibble+1","floor":49}],"player_experience":207085,"relics_obtained":[{"floor":4,"key":"Turnip"},{"floor":5,"key":"Blue Candle"},{"floor":7,"key":"Bag of Marbles"},{"floor":9,"key":"Slimebound:AggressiveSlimeRelic"},{"floor":13,"key":"construct:FoamFinger"},{"floor":24,"key":"InkBottle"},{"floor":38,"key":"construct:BoolHorns"},{"floor":41,"key":"CaptainsWheel"},{"floor":47,"key":"Peace Pipe"}],"event_choices":[{"damage_healed":0,"gold_gain":0,"player_choice":"Relic","damage_taken":0,"max_hp_gain":0,"max_hp_loss":0,"event_name":"Wheel of Change","floor":5,"gold_loss":0},{"cards_removed":["Slimebound:Defend_Slimebound"],"damage_healed":0,"gold_gain":0,"player_choice":"Card Removal","damage_taken":0,"max_hp_gain":0,"max_hp_loss":0,"event_name":"The Cleric","floor":14,"gold_loss":0},{"cards_removed":["Slimebound:LeechEnergy"],"damage_healed":0,"gold_gain":0,"player_choice":"Removed Attack","damage_taken":0,"max_hp_gain":0,"max_hp_loss":0,"event_name":"Falling","floor":43,"gold_loss":0}],"is_beta":false,"boss_relics":[{"not_picked":["construct:WeddingRing","Runesmith:UraniumAnvil"],"picked":"bronze:MakeshiftBattery"},{"not_picked":["Velvet Choker","Astrolabe"],"picked":"Cursed Key"}],"items_purged_floors":[20,30,42],"is_endless":false,"potions_floor_spawned":[6,9,13,16,22,23,25,32,33,38,40,48,49],"ascension_level":2}}