{"host":"aaqofma31c3gm2hj","time":1610851723,"event":{"mods":["BaseMod","GungeonMod","Minty Spire (QoL Compilation)","Replay The Spire","Spicy Shops","StSLib"],"gold_per_floor":[117,42,42,52,127,127,159,159,184,19,29,67,67,98,98,182,200,218,268,268,268],"floor_reached":20,"language":"ZHS","playtime":357,"items_purged":["Regret"],"score":476,"play_id":"ad751a62-6b83-475a-a576-b27d6cd0422a","local_time":"20210117104843","is_ascension_mode":true,"campfire_choices":[{"data":"Eruption","floor":6.0,"key":"SMITH"},{"data":"Ragnarok","floor":13.0,"key":"SMITH"},{"data":"Wallop","floor":15.0,"key":"SMITH"}],"circlet_count":0,"master_deck":["AscendersBane","Strike_P","Strike_P","Eruption+1","Vigilance","Ragnarok+1","Wallop+1","InnerPeace","BowlingBash","Vault","Replay:Hysterical Blindness","Sickly"],"relics":["PureWater","NeowsBlessing","ReplayTheSpireMod:CursedCoin","Blue Doll","CultistMask","Oddly Smooth Stone","ClockworkSouvenir","CeramicFish","Bottled Lightning","Kintsugi"],"acts_visited":["Exordium","TheCity"],"potions_floor_usage":[],"damage_taken":[{"damage":0.0,"enemies":"2 Louse","floor":1.0,"turns":1.0},{"damage":0.0,"enemies":"Small Slimes","floor":4.0,"turns":1.0},{"damage":0.0,"enemies":"Lagavulin","floor":7.0,"turns":1.0},{"damage":0.0,"enemies":"Cultist","floor":11.0,"turns":2.0},{"damage":15.0,"enemies":"Gremlin Nob","floor":12.0,"turns":3.0},{"damage":0.0,"enemies":"Lagavulin","floor":14.0,"turns":3.0},{"damage":14.0,"enemies":"Hexaghost","floor":16.0,"turns":7.0},{"damage":20.0,"enemies":"2 Thieves","floor":18.0,"turns":4.0},{"damage":6,"enemies":"3 Byrds","floor":20,"turns":2}],"seed_played":"-344622364812237307","potions_obtained":[{"floor":4.0,"key":"SteroidPotion"},{"floor":7.0,"key":"PowerPotion"}],"is_trial":false,"path_per_floor":["M","?","?","M","$","R","E","?","T","$","M","E","R","E","R","B",null,"M","?","M"],"character_chosen":"WATCHER","items_purchased":["ReplayTheSpireMod:CursedCoin","ClockworkSouvenir"],"campfire_rested":0,"item_purchase_floors":[5,10],"current_hp_per_floor":[61,61,61,61,61,61,61,61,61,61,61,46,46,46,46,32,59,39,39,33,33],"gold":268,"neow_bonus":"THREE_ENEMY_KILL","is_daily":false,"chose_seed":false,"campfire_upgraded":3,"win_rate":0.0,"timestamp":1610851723,"path_taken":["M","?","?","?","$","R","E","?","T","?","M","E","R","E","R","BOSS","M","?","M"],"items_purchased_type":["Relic","Relic"],"build_version":"2020-12-22","purchased_purges":1,"victory":false,"max_hp_per_floor":[68,68,68,68,68,68,68,68,68,68,68,68,68,68,68,68,68,68,68,68,68],"card_choices":[{"not_picked":["Replay:ManipulateFuture","Vengeance","PathToVictory"],"picked":"SKIP","floor":1.0},{"not_picked":["Halt","Replay:ManipulateFuture"],"picked":"Wallop","floor":4.0},{"not_picked":["ClearTheMind","ConjureBlade"],"picked":"InnerPeace","floor":7.0},{"not_picked":["Replay:DivineShield","Halt","Meditate"],"picked":"SKIP","floor":11.0},{"not_picked":["SashWhip","Replay:ManipulateFuture"],"picked":"BowlingBash","floor":12.0},{"not_picked":["Replay:AllIn","JustLucky","Replay:DivineShield"],"picked":"SKIP","floor":14.0},{"not_picked":["Establishment","MasterReality"],"picked":"Vault","floor":16.0},{"not_picked":["Replay:AtTheReady","Study","ThirdEye"],"picked":"SKIP","floor":18.0}],"player_experience":597153,"relics_obtained":[{"floor":7.0,"key":"Blue Doll"},{"floor":9.0,"key":"Oddly Smooth Stone"},{"floor":12.0,"key":"CeramicFish"},{"floor":14.0,"key":"Bottled Lightning"}],"event_choices":[{"cards_removed":["Defend_P"],"damage_healed":0.0,"max_hp_gain":0.0,"max_hp_loss":0.0,"gold_gain":0.0,"event_name":"The Cleric","player_choice":"Card Removal","floor":2.0,"gold_loss":75.0,"damage_taken":0.0},{"damage_healed":0.0,"max_hp_gain":0.0,"max_hp_loss":0.0,"gold_gain":0.0,"event_name":"Match and Keep!","player_choice":"1 cards matched","floor":3.0,"gold_loss":0.0,"damage_taken":0.0,"cards_obtained":["Ragnarok"]},{"damage_healed":0.0,"max_hp_gain":0.0,"max_hp_loss":0.0,"gold_gain":0.0,"event_name":"FaceTrader","player_choice":"Trade","floor":8.0,"gold_loss":0.0,"damage_taken":0.0,"relics_obtained":["CultistMask"]},{"damage_healed":0,"gold_gain":100,"player_choice":"Bet on Murderer","damage_taken":0,"max_hp_gain":0,"max_hp_loss":0,"event_name":"The Joust","floor":19,"gold_loss":50}],"is_beta":false,"boss_relics":[{"not_picked":["Painkiller Herb","Astrolabe"],"picked":"Kintsugi"}],"items_purged_floors":[5],"is_endless":false,"potions_floor_spawned":[4,7],"killed_by":"3 Byrds","ascension_level":20}}