{"host":"gvmmh8a4dbuurnvz","time":1610888030,"event":{"mods":["AchievementEnabler","Aspiration","BaseMod","Better Vampires","BetterRewards","Colored Powertips","Highlight Path","Minty Spire (QoL Compilation)","MostiFishMod","Spicy Shops","StSLib","¡¾ÒÅÎï¿¨ÅÆ¡¿REMEMod"],"gold_per_floor":[66,81,95,112,112,112,126,155,178,209,236,236,79,79,79,174,174,184,184,84,183,258,284,284,317,317,349,369,382,415,432,432,534,534,550,550,282,302,302,302,337,347,419,433,444,3,23,38,38,38,38,38,38,70,70],"floor_reached":56,"language":"ZHS","playtime":1879,"items_purged":["Defend_G","Defend_G","Doubt","Clumsy"],"score":2171,"play_id":"5cfbdf3d-8e09-4af2-ab1a-7469e51e3895","local_time":"20210117205350","is_ascension_mode":true,"campfire_choices":[{"data":"MostiFishMod:PerfectStrikeMKII","floor":6.0,"key":"SMITH"},{"floor":12.0,"key":"RECALL"},{"data":"MostiFishMod:WinterMarkForm","floor":15.0,"key":"SMITH"},{"data":"MostiFishMod:HiddenBlade","floor":24,"key":"SMITH"},{"data":"Prepared","floor":32,"key":"SMITH"},{"data":"REME_ShadowStrike","floor":40,"key":"SMITH"},{"data":"Neutralize","floor":49,"key":"SMITH"},{"data":"Survivor","floor":52,"key":"SMITH"}],"circlet_count":0,"master_deck":["Strike_G","Strike_G+1","Strike_G","Strike_G","Defend_G","Defend_G","Defend_G","Survivor+1","Neutralize+1","MostiFishMod:PerfectStrikeMKII+1","Prepared+1","REME_ShadowStrike+1","Dagger Throw+1","MostiFishMod:WinterMarkForm+1","MostiFishMod:HiddenBlade+1","Tactician+1"],"relics":["Ring of the Snake","REME_ComplimentaryCards","DaveBox","Civilization","Medical Kit","SynthV:TestCard","aspiration:Lifesprig","Odd Mushroom","Whetstone","CombinedTypeHook","Cursed Key","White Beast Statue","Calipers","DianDianMeat","Shuriken","Darkstone Periapt","Transparent","Tingsha","BionicSphere","REME_HourglassOfDeath","aspiration:HatOfInfinitePower","Bronze Scales"],"acts_visited":["Exordium","TheCity","TheBeyond","TheEnding"],"potions_floor_usage":[33,42,50,50,54,55],"damage_taken":[{"damage":0.0,"enemies":"2 Louse","floor":1.0,"turns":2.0},{"damage":0.0,"enemies":"Jaw Worm","floor":2.0,"turns":2.0},{"damage":0.0,"enemies":"Small Slimes","floor":3.0,"turns":2.0},{"damage":0.0,"enemies":"Gremlin Gang","floor":4.0,"turns":5.0},{"damage":0.0,"enemies":"Blue Slaver","floor":7.0,"turns":2.0},{"damage":0.0,"enemies":"Gremlin Nob","floor":8.0,"turns":3.0},{"damage":0.0,"enemies":"3 Sentries","floor":10.0,"turns":5.0},{"damage":0.0,"enemies":"The Mushroom Lair","floor":11.0,"turns":2.0},{"damage":17.0,"enemies":"Hexaghost","floor":16.0,"turns":4.0},{"damage":0.0,"enemies":"2 Thieves","floor":18.0,"turns":2.0},{"damage":0,"enemies":"Book of Stabbing","floor":23,"turns":3},{"damage":6,"enemies":"Slavers","floor":25,"turns":3},{"damage":0,"enemies":"Book of Stabbing","floor":27,"turns":3},{"damage":0,"enemies":"Spheric Guardian","floor":28,"turns":2},{"damage":0,"enemies":"Chosen and Byrds","floor":29,"turns":2},{"damage":4,"enemies":"Gremlin Leader","floor":30,"turns":3},{"damage":0,"enemies":"Snake Plant","floor":31,"turns":2},{"damage":0,"enemies":"Champ","floor":33,"turns":5},{"damage":15,"enemies":"Orb Walker","floor":35,"turns":1},{"damage":32,"enemies":"3 Darklings","floor":38,"turns":2},{"damage":48,"enemies":"Giant Head","floor":41,"turns":3},{"damage":34,"enemies":"Writhing Mass","floor":42,"turns":2},{"damage":36,"enemies":"Sphere and 2 Shapes","floor":44,"turns":2},{"damage":36,"enemies":"3 Darklings","floor":45,"turns":2},{"damage":38,"enemies":"Spire Growth","floor":47,"turns":2},{"damage":19,"enemies":"Sphere and 2 Shapes","floor":48,"turns":1},{"damage":100,"enemies":"Awakened One","floor":50,"turns":5},{"damage":60,"enemies":"Shield and Spear","floor":54,"turns":3},{"damage":105,"enemies":"The Heart","floor":55,"turns":5}],"seed_played":"8168779394964051246","potions_obtained":[{"floor":2.0,"key":"Weak Potion"},{"floor":3.0,"key":"Poison Potion"},{"floor":4.0,"key":"REME_GoldPotion"},{"floor":7.0,"key":"CunningPotion"},{"floor":23,"key":"Ancient Potion"},{"floor":25,"key":"Swift Potion"},{"floor":27,"key":"PowerPotion"},{"floor":29,"key":"Block Potion"},{"floor":33,"key":"Strength Potion"},{"floor":42,"key":"DistilledChaos"},{"floor":45,"key":"PowerPotion"},{"floor":54,"key":"REME_GoldPotion"}],"is_trial":false,"path_per_floor":["M","M","M","M","?","R","M","E","T","E","?","R","$","?","R","B",null,"M","?","$","?","?","E","R","E","T","E","M","M","E","M","R","B",null,"M","?","$","M","?","R","E","M","T","M","M","$","M","M","R","B",null,"R","$","E","B",null],"character_chosen":"THE_SILENT","items_purchased":["Civilization","Whetstone","Tingsha","aspiration:HatOfInfinitePower"],"campfire_rested":0,"item_purchase_floors":[0,13,37,46],"current_hp_per_floor":[72,75,80,85,85,85,90,95,95,100,105,105,105,102,102,90,110,115,115,115,115,104,109,109,108,108,113,119,124,125,130,130,135,156,161,161,161,166,166,166,171,176,184,189,194,194,199,204,204,209,209,209,209,214,219],"gold":70,"neow_bonus":"","is_daily":false,"chose_seed":false,"campfire_upgraded":7,"win_rate":0.0,"timestamp":1610888030,"path_taken":["M","M","M","M","?","R","M","E","T","E","?","R","$","?","R","BOSS","M","?","$","?","?","E","R","E","T","E","M","M","E","?","R","BOSS","M","?","$","?","?","R","E","M","T","M","M","$","M","M","R","BOSS","R","$","E","BOSS"],"items_purchased_type":["Relic","Relic","Relic","Relic"],"build_version":"2020-12-22","purchased_purges":4,"victory":true,"max_hp_per_floor":[72,75,80,85,85,85,90,95,95,100,105,105,105,105,105,110,110,115,115,115,115,115,120,120,125,125,130,136,141,146,151,151,156,156,161,161,161,166,166,166,171,176,184,189,194,194,199,204,204,209,209,209,209,214,219],"card_choices":[{"not_picked":["PiercingWail","Poisoned Stab"],"picked":"Prepared","floor":1.0},{"not_picked":["Bane","MostiFishMod:PerfectParry","Sucker Punch","MostiFishMod:FrostNova","Masterful Stab"],"picked":"SKIP","floor":2.0},{"not_picked":["Acrobatics","PiercingWail","Dodge and Roll","Slice","Sucker Punch"],"picked":"SKIP","floor":3.0},{"not_picked":["MostiFishMod:PerfectParry","Choke","Dagger Throw","Glass Knife"],"picked":"REME_ShadowStrike","floor":4.0},{"not_picked":["Blade Dance","Dagger Spray","Poisoned Stab","MostiFishMod:PerfectParry","Catalyst"],"picked":"SKIP","floor":7.0},{"not_picked":["Poisoned Stab","Distraction","Terror","Noxious Fumes","Burst"],"picked":"SKIP","floor":8.0},{"not_picked":["Dagger Spray","Deflect","Acrobatics","Bane"],"picked":"Dagger Throw","floor":10.0},{"not_picked":["Prepared","MostiFishMod:ThornCasing","Underhanded Strike","Predator"],"picked":"MostiFishMod:WinterMarkForm","floor":11.0},{"not_picked":["MostiFishMod:GrandStart","MostiFishMod:Opportunism","MostiFishMod:AdrenalineArouse","MostiFishMod:ShivMaster"],"picked":"MostiFishMod:HiddenBlade","floor":16.0},{"not_picked":["Bane+1","Flying Knee","Outmaneuver","Bouncing Flask","REME_GreenPollution"],"picked":"SKIP","floor":18.0},{"not_picked":["Blur","Outmaneuver","MostiFishMod:LethalBlade","Deflect+1","MostiFishMod:PerfectParry"],"picked":"SKIP","floor":23},{"not_picked":["Quick Slash","Sucker Punch","Blade Dance","Distraction","Noxious Fumes"],"picked":"SKIP","floor":25},{"not_picked":["Leg Sweep","Dodge and Roll","Outmaneuver","Deflect+1","Underhanded Strike+1"],"picked":"SKIP","floor":27},{"not_picked":["Slice","Crippling Poison","MostiFishMod:ThornCasing","Caltrops+1"],"picked":"Tactician+1","floor":28},{"not_picked":["Leg Sweep","Dagger Spray","Terror","Heel Hook+1","Skewer+1"],"picked":"SKIP","floor":29},{"not_picked":["Blade Dance","All Out Attack+1","REME_SpectralBlade","Riddle With Holes+1","Skewer"],"picked":"SKIP","floor":30},{"not_picked":["Caltrops+1","Crippling Poison","Slice","Dagger Spray","Prepared"],"picked":"SKIP","floor":31},{"not_picked":["Predator","Cloak And Dagger","Acrobatics+1","Dagger Spray+1","MostiFishMod:PreservedThorns+1"],"picked":"SKIP","floor":35},{"not_picked":["Bouncing Flask+1","Underhanded Strike","Blur+1","Sucker Punch","Dodge and Roll+1"],"picked":"SKIP","floor":38},{"not_picked":["Riddle With Holes+1","Dodge and Roll","MostiFishMod:FrostNova+1","MostiFishMod:InvigoratingSolution+1","Infinite Blades+1"],"picked":"SKIP","floor":41},{"not_picked":["Underhanded Strike","MostiFishMod:PerfectParry","Deadly Poison+1","Setup","Acrobatics"],"picked":"SKIP","floor":42},{"not_picked":["Cloak And Dagger","Glass Knife","Deflect","Footwork+1","Deadly Poison+1"],"picked":"SKIP","floor":44},{"not_picked":["MostiFishMod:PerfectParry+1","Dagger Throw","Reflex+1","All Out Attack+1","Setup+1"],"picked":"SKIP","floor":45},{"not_picked":["Dodge and Roll","Deflect+1","Outmaneuver+1","Quick Slash","Reflex+1"],"picked":"SKIP","floor":47},{"not_picked":["Setup","MostiFishMod:PerfectParry","Bouncing Flask+1","Accuracy+1","Outmaneuver+1"],"picked":"SKIP","floor":48},{"not_picked":["Choke","Infinite Blades+1","MostiFishMod:PreservedThorns+1","Wraith Form v2","Dagger Throw+1"],"picked":"SKIP","floor":54}],"player_experience":278307,"relics_obtained":[{"floor":1.0,"key":"SynthV:TestCard"},{"floor":8.0,"key":"aspiration:Lifesprig"},{"floor":11.0,"key":"Odd Mushroom"},{"floor":23,"key":"White Beast Statue"},{"floor":25,"key":"Calipers"},{"floor":26,"key":"DianDianMeat"},{"floor":27,"key":"Shuriken"},{"floor":30,"key":"Darkstone Periapt"},{"floor":41,"key":"BionicSphere"},{"floor":43,"key":"REME_HourglassOfDeath"},{"floor":54,"key":"Bronze Scales"}],"event_choices":[{"cards_removed":["Strike_G"],"damage_healed":0.0,"max_hp_gain":0.0,"max_hp_loss":0.0,"gold_gain":0.0,"event_name":"Living Wall","player_choice":"Forget","floor":5.0,"gold_loss":0.0,"damage_taken":0.0},{"damage_healed":0.0,"max_hp_gain":0.0,"max_hp_loss":0.0,"gold_gain":0.0,"event_name":"Mushrooms","player_choice":"Fought Mushrooms","floor":11.0,"gold_loss":0.0,"damage_taken":0.0},{"damage_healed":0.0,"max_hp_gain":0.0,"max_hp_loss":0.0,"gold_gain":0.0,"event_name":"Scrap Ooze","player_choice":"Success","floor":14.0,"gold_loss":0.0,"damage_taken":3.0,"relics_obtained":["CombinedTypeHook"]},{"damage_healed":0.0,"max_hp_gain":0.0,"max_hp_loss":0.0,"gold_gain":0.0,"event_name":"Ghosts","player_choice":"Ignored","floor":19.0,"gold_loss":0.0,"damage_taken":0.0},{"damage_healed":0.0,"max_hp_gain":0.0,"max_hp_loss":0.0,"gold_gain":99.0,"event_name":"Nest","player_choice":"Stole From Cult","floor":21.0,"gold_loss":0.0,"damage_taken":0.0},{"damage_healed":0,"gold_gain":75,"player_choice":"Touch","damage_taken":11,"max_hp_gain":0,"max_hp_loss":0,"event_name":"FaceTrader","floor":22,"gold_loss":0},{"damage_healed":0,"gold_gain":0,"player_choice":"Ignored","damage_taken":0,"max_hp_gain":0,"max_hp_loss":0,"event_name":"Duplicator","floor":36,"gold_loss":0},{"damage_healed":0,"gold_gain":0,"player_choice":"Memory 1","damage_taken":0,"max_hp_gain":0,"max_hp_loss":0,"event_name":"SensoryStone","floor":39,"gold_loss":0}],"is_beta":false,"boss_relics":[{"not_picked":["aspiration:RitualDagger","FixedStarFall"],"picked":"Cursed Key"},{"not_picked":["Sozu","Snecko Eye"],"picked":"Transparent"}],"items_purged_floors":[0,20,37,46],"is_endless":false,"potions_floor_spawned":[2,3,4,7,23,25,27,28,29,30,31,33,35,38,41,42,44,45,47,48,54],"ascension_level":2}}