{"host":"ilhhjx796p2x2wmd","time":1610857491,"event":{"mods":["AchievementEnabler","BaseMod","BetterRewards","Colored Map","Colored Powertips","DeckTracker","Highlight Path","Minty Spire (QoL Compilation)","Permanent Neow","Rare Cards Sparkle","Shop Mod"],"gold_per_floor":[112,37,52,69,69,69,89,117,117,151,164,164,199,213,213,309,309,309,234,234,234,9,9,9,9,9,9,9,9,9,9,9,9,9,9,9,9,9,9,9,9,9,9,9,9,9,9,9,9,9],"floor_reached":51,"language":"KOR","playtime":3054,"items_purged":["Skewer"],"score":1132,"play_id":"ed2ea588-e017-4194-9519-1eab67da55af","local_time":"20210117132451","is_ascension_mode":true,"campfire_choices":[{"data":"Glass Knife","floor":6.0,"key":"SMITH"},{"floor":12.0,"key":"REST"},{"data":"Phantasmal Killer","floor":15.0,"key":"SMITH"},{"data":"Infinite Blades","floor":24.0,"key":"SMITH"},{"data":"Burst","floor":28.0,"key":"SMITH"},{"data":"Accuracy","floor":32.0,"key":"SMITH"},{"data":"Adrenaline","floor":45.0,"key":"SMITH"},{"data":"Leg Sweep","floor":49.0,"key":"SMITH"}],"circlet_count":0,"master_deck":["Survivor","Phantasmal Killer+1","Venomology","Bane","Glass Knife+1","All Out Attack","Dagger Spray","Adrenaline+1","Blur","Cloak And Dagger","Poisoned Stab","Blade Dance","Blur","Accuracy+1","Expertise","Adrenaline","Acrobatics","Cloak And Dagger","Infinite Blades+1","Burst+1","Malaise","Reflex","Acrobatics","Blade Dance","Backflip","Leg Sweep+1","Die Die Die","Blade Dance+1","Infinite Blades+1","Cloak And Dagger+1","Prepared+1","Cloak And Dagger+1","Parasite","Infinite Blades","Cloak And Dagger+1"],"relics":["Pandora\u0027s Box","Centennial Puzzle","Eternal Feather","Tingsha","Gambling Chip","Ectoplasm","Potion Belt","Pantograph","Tiny Chest","Anchor","FossilizedHelix","Black Star","MealTicket","Turnip","Gremlin Horn","CeramicFish","Boot","Singing Bowl"],"acts_visited":["Exordium","TheCity","TheBeyond"],"potions_floor_usage":[50,50,50,50],"damage_taken":[{"damage":0.0,"enemies":"Small Slimes","floor":1.0,"turns":1.0},{"damage":3.0,"enemies":"2 Louse","floor":3.0,"turns":2.0},{"damage":6.0,"enemies":"Jaw Worm","floor":4.0,"turns":3.0},{"damage":2.0,"enemies":"Blue Slaver","floor":7.0,"turns":2.0},{"damage":0.0,"enemies":"Gremlin Nob","floor":8.0,"turns":2.0},{"damage":14.0,"enemies":"Lagavulin","floor":10.0,"turns":4.0},{"damage":10.0,"enemies":"Red Slaver","floor":11.0,"turns":2.0},{"damage":4.0,"enemies":"3 Sentries","floor":13.0,"turns":3.0},{"damage":0.0,"enemies":"Lots of Slimes","floor":14.0,"turns":1.0},{"damage":2.0,"enemies":"Slime Boss","floor":16.0,"turns":5.0},{"damage":3.0,"enemies":"Chosen","floor":18.0,"turns":2.0},{"damage":0.0,"enemies":"Spheric Guardian","floor":20.0,"turns":2.0},{"damage":0.0,"enemies":"Snake Plant","floor":21.0,"turns":2.0},{"damage":17.0,"enemies":"Book of Stabbing","floor":23.0,"turns":3.0},{"damage":13.0,"enemies":"Slavers","floor":25.0,"turns":4.0},{"damage":0.0,"enemies":"Gremlin Leader","floor":27.0,"turns":4.0},{"damage":0.0,"enemies":"Slavers","floor":29.0,"turns":3.0},{"damage":0.0,"enemies":"Centurion and Healer","floor":31.0,"turns":2.0},{"damage":0.0,"enemies":"Champ","floor":33.0,"turns":3.0},{"damage":13.0,"enemies":"3 Shapes","floor":35.0,"turns":3.0},{"damage":0.0,"enemies":"3 Darklings","floor":37.0,"turns":3.0},{"damage":0.0,"enemies":"Maw","floor":38.0,"turns":4.0},{"damage":0.0,"enemies":"Jaw Worm Horde","floor":39.0,"turns":2.0},{"damage":0.0,"enemies":"Giant Head","floor":40.0,"turns":4.0},{"damage":12.0,"enemies":"4 Shapes","floor":41.0,"turns":3.0},{"damage":0.0,"enemies":"Nemesis","floor":42.0,"turns":5.0},{"damage":0.0,"enemies":"Writhing Mass","floor":46.0,"turns":4.0},{"damage":0.0,"enemies":"Transient","floor":47.0,"turns":5.0},{"damage":0.0,"enemies":"Spire Growth","floor":48.0,"turns":4.0},{"damage":46,"enemies":"Awakened One","floor":50,"turns":8}],"seed_played":"-6693358258635205291","potions_obtained":[{"floor":3.0,"key":"AttackPotion"},{"floor":10.0,"key":"Weak Potion"},{"floor":11.0,"key":"Energy Potion"},{"floor":13.0,"key":"GhostInAJar"},{"floor":27.0,"key":"FearPotion"},{"floor":29.0,"key":"CunningPotion"},{"floor":33.0,"key":"Swift Potion"},{"floor":36.0,"key":"EntropicBrew"},{"floor":36.0,"key":"AttackPotion"},{"floor":37.0,"key":"SteroidPotion"},{"floor":41.0,"key":"Poison Potion"},{"floor":42.0,"key":"LiquidMemories"},{"floor":46.0,"key":"DistilledChaos"}],"is_trial":false,"path_per_floor":["M","$","M","M","?","R","M","E","T","E","M","R","E","M","R","B",null,"M","?","M","M","$","E","R","E","T","E","R","E","?","M","R","B",null,"M","?","M","M","M","E","M","E","T","T","R","M","M","M","R","B",null],"character_chosen":"THE_SILENT","items_purchased":["Infinite Blades","Burst"],"campfire_rested":1,"item_purchase_floors":[22,22],"current_hp_per_floor":[70,70,67,61,54,54,52,52,52,38,28,58,54,54,63,61,70,67,67,67,67,67,50,62,49,49,49,61,61,61,61,70,70,70,57,57,57,57,57,57,45,45,45,45,63,63,65,65,72,26],"gold":9,"neow_bonus":"BOSS_RELIC","is_daily":false,"chose_seed":false,"campfire_upgraded":7,"win_rate":0.0,"timestamp":1610857491,"path_taken":["M","$","M","M","?","R","M","E","T","E","M","R","E","M","R","BOSS","M","?","M","M","$","E","R","E","T","E","R","E","?","M","R","BOSS","M","?","M","?","M","E","M","E","T","?","R","?","M","M","R","BOSS"],"items_purchased_type":["Card","Card"],"build_version":"2020-12-22","purchased_purges":1,"victory":true,"max_hp_per_floor":[70,70,70,70,70,70,70,70,70,70,70,70,70,70,70,70,70,70,70,70,70,70,70,70,70,70,70,70,70,70,70,70,70,70,70,70,70,70,70,70,70,70,70,70,70,70,72,72,72,72],"card_choices":[{"not_picked":["Dagger Spray","Underhanded Strike"],"picked":"Cloak And Dagger","floor":1.0},{"not_picked":["Predator","Outmaneuver"],"picked":"Poisoned Stab","floor":3.0},{"not_picked":["Heel Hook","Flying Knee","Quick Slash"],"picked":"SKIP","floor":4.0},{"not_picked":["Flying Knee","Bane"],"picked":"Blade Dance","floor":7.0},{"not_picked":["Eviscerate","Night Terror"],"picked":"Blur","floor":8.0},{"not_picked":["Deflect","Slice","Predator"],"picked":"SKIP","floor":10.0},{"not_picked":["Quick Slash","Backflip"],"picked":"Accuracy","floor":11.0},{"not_picked":["Riddle With Holes","Deflect"],"picked":"Expertise","floor":13.0},{"not_picked":["Finisher","Outmaneuver","Prepared"],"picked":"SKIP","floor":14.0},{"not_picked":["Burst","A Thousand Cuts"],"picked":"Adrenaline","floor":16.0},{"not_picked":["Masterful Stab","All Out Attack","Slice"],"picked":"SKIP","floor":18.0},{"not_picked":["Deflect","Crippling Poison+1"],"picked":"Acrobatics","floor":20.0},{"not_picked":["Poisoned Stab","Finisher"],"picked":"Cloak And Dagger","floor":21.0},{"not_picked":["PiercingWail+1","Sucker Punch"],"picked":"Malaise","floor":23.0},{"not_picked":["Dagger Spray+1","Masterful Stab+1"],"picked":"Reflex","floor":25.0},{"not_picked":["Flechettes+1","Endless Agony"],"picked":"Acrobatics","floor":27.0},{"not_picked":["Dagger Throw","Skewer+1"],"picked":"Blade Dance","floor":29.0},{"not_picked":["Dodge and Roll","Outmaneuver"],"picked":"Leg Sweep","floor":31.0},{"not_picked":["Grand Finale","Corpse Explosion"],"picked":"Die Die Die","floor":33.0},{"not_picked":["Choke+1","Backflip"],"picked":"Blade Dance+1","floor":35.0},{"not_picked":["Deadly Poison","Masterful Stab+1"],"picked":"Infinite Blades+1","floor":37.0},{"not_picked":["Underhanded Strike","Acrobatics"],"picked":"Cloak And Dagger+1","floor":38.0},{"not_picked":["Riddle With Holes+1","PiercingWail+1"],"picked":"Prepared+1","floor":39.0},{"not_picked":["PiercingWail","Dagger Throw+1"],"picked":"Cloak And Dagger+1","floor":40.0},{"not_picked":["Deflect+1","Dodge and Roll","Glass Knife"],"picked":"SKIP","floor":41.0},{"not_picked":["Quick Slash+1","Dash+1","Dagger Throw"],"picked":"SKIP","floor":42.0},{"not_picked":["Sucker Punch+1","Dagger Throw"],"picked":"Infinite Blades","floor":46.0},{"not_picked":["Sucker Punch","Prepared","Expertise+1"],"picked":"Singing Bowl","floor":47.0},{"not_picked":["Reflex+1","Backstab+1"],"picked":"Cloak And Dagger+1","floor":48.0}],"player_experience":297232,"relics_obtained":[{"floor":8.0,"key":"Centennial Puzzle"},{"floor":9.0,"key":"Eternal Feather"},{"floor":10.0,"key":"Tingsha"},{"floor":13.0,"key":"Gambling Chip"},{"floor":23.0,"key":"Potion Belt"},{"floor":25.0,"key":"Pantograph"},{"floor":26.0,"key":"Tiny Chest"},{"floor":27.0,"key":"Anchor"},{"floor":29.0,"key":"FossilizedHelix"},{"floor":40.0,"key":"MealTicket"},{"floor":40.0,"key":"Turnip"},{"floor":42.0,"key":"Gremlin Horn"},{"floor":42.0,"key":"CeramicFish"},{"floor":43.0,"key":"Boot"},{"floor":44.0,"key":"Singing Bowl"}],"event_choices":[{"cards_removed":["Dagger Throw"],"damage_healed":0.0,"max_hp_gain":0.0,"max_hp_loss":0.0,"gold_gain":0.0,"event_name":"Golden Wing","player_choice":"Card Removal","floor":5.0,"gold_loss":0.0,"damage_taken":7.0},{"cards_removed":["Neutralize"],"damage_healed":0.0,"max_hp_gain":0.0,"max_hp_loss":0.0,"gold_gain":0.0,"event_name":"Beggar","player_choice":"Gave Gold","floor":19.0,"gold_loss":75.0,"damage_taken":0.0},{"damage_healed":0.0,"max_hp_gain":0.0,"max_hp_loss":0.0,"gold_gain":0.0,"event_name":"The Library","player_choice":"Read","floor":30.0,"gold_loss":0.0,"damage_taken":0.0,"cards_obtained":["Backflip"]},{"damage_healed":0.0,"max_hp_gain":0.0,"max_hp_loss":0.0,"gold_gain":0.0,"event_name":"Lab","player_choice":"Got Potions","floor":36.0,"gold_loss":0.0,"damage_taken":0.0}],"is_beta":false,"boss_relics":[{"not_picked":["Busted Crown","Snecko Eye"],"picked":"Ectoplasm"},{"not_picked":["Empty Cage","Velvet Choker"],"picked":"Black Star"}],"items_purged_floors":[2],"is_endless":false,"potions_floor_spawned":[3,10,11,13,18,21,27,29,33,37,38,41,42,46],"ascension_level":2}}