{"host":"1ekl8hlbnopmdapi","time":1610869083,"event":{"mods":["AchievementEnabler","BaseMod","Colored Map","Colored Powertips","DeckTracker","Googly Eyes","Highlight Path","Minty Spire (QoL Compilation)","Relic Sorter","StSLib","Synergy Search"],"gold_per_floor":[118,118,134,150,171,171,212,235,235,268,268,268,307,307,307,426,426,445,445,445,436,436,436],"floor_reached":22,"language":"ENG","playtime":559,"items_purged":[],"score":296,"play_id":"1faaf0b4-e8ad-4657-a90c-4344ba5430cf","local_time":"20210117023803","is_ascension_mode":true,"campfire_choices":[{"floor":6,"key":"REST"},{"floor":11,"key":"REST"},{"floor":15,"key":"REST"}],"circlet_count":0,"master_deck":["Strike_B","Strike_B","Strike_B+1","Strike_B","Defend_B","Defend_B","Defend_B","Defend_B+1","Zap","Dualcast","BootSequence","Injury","Static Discharge","Self Repair","Steam","Capacitor","Barrage","Capacitor","Leap","Parasite","Multi-Cast","Auto Shields","Writhe","Leap+1"],"relics":["Cracked Core","Golden Idol","Thread and Needle","Matryoshka","Happy Flower","Torii","Black Star","Enchiridion","Singing Bowl"],"acts_visited":["Exordium","TheCity"],"potions_floor_usage":[10,10,21],"damage_taken":[{"damage":2,"enemies":"Jaw Worm","floor":1,"turns":3},{"damage":6,"enemies":"Small Slimes","floor":3,"turns":5},{"damage":0,"enemies":"2 Louse","floor":4,"turns":2},{"damage":12,"enemies":"2 Fungi Beasts","floor":5,"turns":4},{"damage":33,"enemies":"Lagavulin","floor":7,"turns":8},{"damage":1,"enemies":"Large Slime","floor":8,"turns":7},{"damage":31,"enemies":"Gremlin Nob","floor":10,"turns":5},{"damage":26,"enemies":"Lagavulin","floor":13,"turns":8},{"damage":61,"enemies":"Hexaghost","floor":16,"turns":13},{"damage":24,"enemies":"Shell Parasite","floor":18,"turns":9},{"damage":9,"enemies":"2 Thieves","floor":21,"turns":4},{"damage":26,"enemies":"Snake Plant","floor":22,"turns":3}],"seed_played":"-1531506112945302657","potions_obtained":[{"floor":1,"key":"PowerPotion"},{"floor":4,"key":"Ancient Potion"},{"floor":8,"key":"Fire Potion"},{"floor":16,"key":"SteroidPotion"},{"floor":18,"key":"Explosive Potion"}],"is_trial":false,"path_per_floor":["M","?","M","M","M","R","E","M","T","E","R","?","E","?","R","B",null,"M","?","?","M","M"],"character_chosen":"DEFECT","items_purchased":[],"campfire_rested":3,"item_purchase_floors":[],"current_hp_per_floor":[73,73,67,67,62,82,56,62,62,38,62,46,27,47,71,17,66,49,33,33,24,0,0],"gold":436,"neow_bonus":"TEN_PERCENT_HP_BONUS","is_daily":false,"chose_seed":false,"campfire_upgraded":0,"win_rate":0.0,"timestamp":1610869083,"path_taken":["M","?","M","M","M","R","E","M","T","E","R","?","E","?","R","BOSS","M","?","?","M","M"],"items_purchased_type":[],"build_version":"2020-12-22","purchased_purges":0,"victory":false,"max_hp_per_floor":[82,82,82,82,82,82,82,82,82,82,82,82,82,82,82,82,82,82,82,82,82,82,82],"card_choices":[{"not_picked":["Recycle","Doom and Gloom"],"picked":"BootSequence","floor":1},{"not_picked":["Sweeping Beam","Streamline"],"picked":"Static Discharge","floor":3},{"not_picked":["Turbo","Doom and Gloom"],"picked":"Self Repair","floor":4},{"not_picked":["Rebound","Conserve Battery"],"picked":"Steam","floor":5},{"not_picked":["Cold Snap","Storm"],"picked":"Capacitor","floor":7},{"not_picked":["Doom and Gloom","Redo"],"picked":"Barrage","floor":8},{"not_picked":["Hologram","Cold Snap"],"picked":"Capacitor","floor":10},{"not_picked":["Go for the Eyes","Chill"],"picked":"Leap","floor":13},{"not_picked":["Buffer","Creative AI"],"picked":"Multi-Cast","floor":16},{"not_picked":["Coolheaded+1","Beam Cell"],"picked":"Auto Shields","floor":18},{"not_picked":["Sweeping Beam","Chaos"],"picked":"Leap+1","floor":21}],"player_experience":456402,"relics_obtained":[{"floor":7,"key":"Thread and Needle"},{"floor":9,"key":"Matryoshka"},{"floor":10,"key":"Happy Flower"},{"floor":13,"key":"Torii"},{"floor":19,"key":"Enchiridion"}],"event_choices":[{"damage_healed":0,"gold_gain":0,"player_choice":"Take Wound","damage_taken":0,"relics_obtained":["Golden Idol"],"max_hp_gain":0,"max_hp_loss":0,"event_name":"Golden Idol","floor":2,"gold_loss":0,"cards_obtained":["Injury"]},{"damage_healed":0,"gold_gain":0,"player_choice":"Entered Light","damage_taken":16,"max_hp_gain":0,"max_hp_loss":0,"event_name":"Shining Light","floor":12,"gold_loss":0,"cards_upgraded":["Strike_B","Defend_B"]},{"damage_healed":20,"gold_gain":0,"player_choice":"Healed and dodged fight","damage_taken":0,"max_hp_gain":0,"max_hp_loss":0,"event_name":"Mushrooms","floor":14,"gold_loss":0,"cards_obtained":["Parasite"]},{"damage_healed":0,"gold_gain":0,"player_choice":"Obtained Book","damage_taken":16,"max_hp_gain":0,"max_hp_loss":0,"event_name":"Cursed Tome","floor":19,"gold_loss":0},{"damage_healed":0,"gold_gain":0,"player_choice":"Opened","damage_taken":0,"relics_obtained":["Singing Bowl"],"max_hp_gain":0,"max_hp_loss":0,"event_name":"The Mausoleum","floor":20,"gold_loss":0,"cards_obtained":["Writhe"]}],"is_beta":false,"boss_relics":[{"not_picked":["Coffee Dripper","Fusion Hammer"],"picked":"Black Star"}],"items_purged_floors":[],"is_endless":false,"potions_floor_spawned":[1,4,8,16,18],"killed_by":"Snake Plant","ascension_level":9}}