{"host":"JIN","time":1610877125,"event":{"mods":["BaseMod","Custom Start","DeckTracker","Minty Spire (QoL Compilation)","Shop Mod","StSLib","SuperFastMode"],"gold_per_floor":[113,130,130,130,146,177,194,194,194,206,206,206,53,88,88,88,88],"floor_reached":16,"language":"KOR","playtime":450,"items_purged":["Strike_G"],"score":220,"play_id":"6b4eefde-f361-40e9-9aff-16350468a90c","local_time":"20210117185205","is_ascension_mode":true,"campfire_choices":[{"floor":8.0,"key":"REST"},{"data":"Sucker Punch","floor":12.0,"key":"SMITH"},{"floor":15,"key":"REST"}],"circlet_count":0,"master_deck":["AscendersBane","Strike_G","Strike_G","Strike_G","Defend_G","Defend_G","Defend_G","Defend_G","Defend_G","Survivor","Neutralize+1","Cloak And Dagger","Quick Slash","Acrobatics","Backflip","Sucker Punch+1","Dagger Spray","Footwork","Terror"],"relics":["Ring of the Snake","CaptainsWheel","Bird Faced Urn","Calipers","Turnip"],"acts_visited":["Exordium"],"potions_floor_usage":[14,14],"damage_taken":[{"damage":4.0,"enemies":"Small Slimes","floor":1.0,"turns":5.0},{"damage":2.0,"enemies":"Jaw Worm","floor":2.0,"turns":5.0},{"damage":0.0,"enemies":"Cultist","floor":5.0,"turns":4.0},{"damage":44.0,"enemies":"3 Sentries","floor":6.0,"turns":16.0},{"damage":3.0,"enemies":"Looter","floor":7.0,"turns":3.0},{"damage":0.0,"enemies":"Red Slaver","floor":10.0,"turns":4.0},{"damage":15,"enemies":"Lagavulin","floor":14,"turns":11},{"damage":44,"enemies":"Slime Boss","floor":16,"turns":9}],"seed_played":"2822725843649400785","potions_obtained":[{"floor":2.0,"key":"Ancient Potion"},{"floor":10.0,"key":"Explosive Potion"}],"is_trial":false,"path_per_floor":["M","M","?","?","M","E","M","R","T","M","T","R","$","E","R","B"],"character_chosen":"THE_SILENT","items_purchased":["Footwork"],"campfire_rested":2,"item_purchase_floors":[13],"current_hp_per_floor":[61,59,52,52,52,8,5,26,26,26,26,26,26,13,34,0,0],"gold":88,"neow_bonus":"TEN_PERCENT_HP_BONUS","is_daily":false,"chose_seed":false,"campfire_upgraded":1,"win_rate":0.0,"timestamp":1610877125,"path_taken":["M","M","?","?","M","E","M","R","T","M","?","R","$","E","R","BOSS"],"items_purchased_type":["Card"],"build_version":"2020-12-18","purchased_purges":1,"victory":false,"max_hp_per_floor":[72,72,72,72,72,72,72,72,72,72,72,72,72,72,72,72,72],"card_choices":[{"not_picked":["Outmaneuver","Underhanded Strike"],"picked":"Cloak And Dagger","floor":1.0},{"not_picked":["Dodge and Roll","Sucker Punch"],"picked":"Quick Slash","floor":2.0},{"not_picked":["PiercingWail","Bane"],"picked":"Acrobatics","floor":5.0},{"not_picked":["Blade Dance","PiercingWail"],"picked":"Backflip","floor":6.0},{"not_picked":["Bouncing Flask","Well Laid Plans"],"picked":"Sucker Punch","floor":7.0},{"not_picked":["Tools of the Trade","Deadly Poison"],"picked":"Dagger Spray","floor":10.0},{"not_picked":["Predator","Deadly Poison"],"picked":"Terror","floor":14}],"player_experience":1212658,"relics_obtained":[{"floor":6.0,"key":"CaptainsWheel"},{"floor":9.0,"key":"Bird Faced Urn"},{"floor":11.0,"key":"Calipers"},{"floor":14,"key":"Turnip"}],"event_choices":[{"cards_removed":["Strike_G"],"damage_healed":0.0,"max_hp_gain":0.0,"max_hp_loss":0.0,"gold_gain":0.0,"event_name":"Golden Wing","player_choice":"Card Removal","floor":3.0,"gold_loss":0.0,"damage_taken":7.0},{"damage_healed":0.0,"max_hp_gain":0.0,"max_hp_loss":0.0,"gold_gain":0.0,"event_name":"Living Wall","player_choice":"Grow","floor":4.0,"gold_loss":0.0,"damage_taken":0.0,"cards_upgraded":["Neutralize"]}],"is_beta":true,"boss_relics":[],"items_purged_floors":[13],"is_endless":false,"potions_floor_spawned":[2,10],"killed_by":"Slime Boss","ascension_level":20}}