{"host":"u9xtr94typ21duox","time":1610878769,"event":{"mods":["BaseMod","Key Reminder","KinomotoSakuraMod(木之本樱)","LagranYue(拉格朗・月)","Marisa（F雨　魔理沙）","Minty Spire (QoL Compilation)","Reimu（博丽灵梦）","Remilia（蕾米莉亚）","Replay The Spire","StSLib","Td1madao Mod","The Administrix","The Bladedancer","The Bug Knight","The Construct","The Cursed","The Gatherer","The Runesmith","The Servant 0.9.4","WarShipGirlsR/战舰少女R mod","Youmu（魂魄妖梦）","vexMod"],"gold_per_floor":[113,317,337,337,22,51,51,78,78,78,31,42,42,52,52,151,151,163,78,88,88,104,104,135,234,234,267,281,9,9,19,19,123,123,139,155,30,46,46,46,101,115,115,149,149,149,183,194,194,194,194,194,4,33,33],"floor_reached":56,"language":"ZHS","playtime":2841,"items_purged":["Strike_G","Strike_G","Strike_G","Strike_G"],"score":1342,"play_id":"583fb5f7-2760-4a81-b817-d16b2016f643","local_time":"20210117181929","is_ascension_mode":true,"campfire_choices":[{"data":"Fluid Movement","floor":7.0,"key":"SMITH"},{"floor":10.0,"key":"REST"},{"data":"Footwork","floor":13.0,"key":"SMITH"},{"data":"ReplayTheSpireMod:Speed Training","floor":15.0,"key":"SMITH"},{"data":"Malaise","floor":23,"key":"SMITH"},{"data":"Apotheosis","floor":30,"key":"SMITH"},{"data":"Footwork","floor":32,"key":"SMITH"},{"floor":40,"key":"RECALL"},{"floor":45,"key":"REST"},{"floor":49,"key":"REST"},{"floor":52,"key":"REST"}],"circlet_count":0,"master_deck":["Strike_G+1","Defend_G","Defend_G","Defend_G+1","Defend_G","Defend_G","Survivor","Neutralize","Infinite Blades","Backflip","Fluid Movement+1","Hidden Blade","Hidden Blade","Footwork+1","ReplayTheSpireMod:Speed Training+1","Malaise+1","Finisher+1","Escape Plan","Prepared","Footwork+1","Apotheosis+1","Adrenaline","Blade Dance+1","Cloak And Dagger","Malaise","Prepared","Blade Dance","ReplayTheSpireMod:Scrap Shanks","Accuracy+1"],"relics":["Ring of the Snake","LagranYue:RandomDrawCardRelic","ReplayTheSpireMod:Ninjato","Paper Crane","Shuriken","vexMod:CursedCompass","FossilizedHelix","Enchiridion","Art of War","Simple Rune","Matryoshka","Fusion Hammer","CatCart","Replay:Rubber Ducky","Strawberry","vexMod:RedPlottingStone","Smiling Mask","vexMod:MemoryStick","Divine Protection","Nunchaku"],"acts_visited":["Exordium","TheCity","TheBeyond","TheEnding"],"potions_floor_usage":[27,55,55,55],"damage_taken":[{"damage":2.0,"enemies":"Jaw Worm","floor":1.0,"turns":6.0},{"damage":0.0,"enemies":"2 Louse","floor":3.0,"turns":4.0},{"damage":22.0,"enemies":"3 Sentries","floor":6.0,"turns":11.0},{"damage":25.0,"enemies":"Gremlin Nob","floor":8.0,"turns":5.0},{"damage":2.0,"enemies":"Small Slimes","floor":12.0,"turns":4.0},{"damage":0.0,"enemies":"Blue Slaver","floor":14.0,"turns":6.0},{"damage":0.0,"enemies":"Hexaghost","floor":16.0,"turns":13.0},{"damage":0.0,"enemies":"Shell Parasite","floor":18.0,"turns":7.0},{"damage":0,"enemies":"Chosen","floor":20,"turns":5},{"damage":0,"enemies":"Snecko","floor":22,"turns":6},{"damage":0,"enemies":"Book of Stabbing","floor":24,"turns":6},{"damage":15,"enemies":"Gremlin Leader","floor":27,"turns":8},{"damage":0,"enemies":"Snake Plant","floor":28,"turns":6},{"damage":0,"enemies":"Shelled Parasite and Fungi","floor":31,"turns":4},{"damage":1,"enemies":"Collector","floor":33,"turns":9},{"damage":0,"enemies":"3 Shapes","floor":35,"turns":4},{"damage":9,"enemies":"3 Darklings","floor":36,"turns":3},{"damage":0,"enemies":"Maw","floor":38,"turns":6},{"damage":0,"enemies":"Orin","floor":41,"turns":5},{"damage":0,"enemies":"Writhing Mass","floor":42,"turns":5},{"damage":0,"enemies":"Giant Head","floor":44,"turns":3},{"damage":0,"enemies":"Nemesis","floor":47,"turns":5},{"damage":0,"enemies":"4 Shapes","floor":48,"turns":7},{"damage":0,"enemies":"Replay:Hell Engine","floor":50,"turns":6},{"damage":8,"enemies":"Shield and Spear","floor":54,"turns":4},{"damage":0,"enemies":"The Heart","floor":55,"turns":6}],"seed_played":"4857767765726780419","potions_obtained":[{"floor":3.0,"key":"Adrenaline Potion"},{"floor":4.0,"key":"GamblersBrew"},{"floor":8.0,"key":"DistilledChaos"},{"floor":12.0,"key":"AttackPotion"},{"floor":18.0,"key":"CultistPotion"},{"floor":24,"key":"BlessingOfTheForge"},{"floor":28,"key":"CultistPotion"}],"is_trial":false,"path_per_floor":["M","?","M","?","$","E","R","E","T","R","$","M","R","M","R","B",null,"M","?","M","?","M","R","E","?","T","E","M","$","R","M","R","B",null,"M","M","$","M","?","R","?","M","T","E","R","T","E","M","R","B",null,"R","$","E","B",null],"character_chosen":"THE_SILENT","items_purchased":["ReplayTheSpireMod:Ninjato","Hidden Blade","Apotheosis","Blade Dance","ReplayTheSpireMod:Scrap Shanks","Adrenaline Potion"],"campfire_rested":4,"item_purchase_floors":[5,11,29,53,53,53],"current_hp_per_floor":[75,56,56,56,56,34,34,9,9,32,32,30,30,30,30,30,77,77,77,77,61,61,61,61,61,61,46,46,46,46,46,46,45,77,77,68,68,68,68,68,68,68,75,75,84,84,84,84,84,84,84,84,84,76,76],"gold":33,"neow_bonus":"TEN_PERCENT_HP_BONUS","is_daily":false,"chose_seed":false,"campfire_upgraded":6,"win_rate":0.0,"timestamp":1610878769,"path_taken":["M","?","M","?","$","E","R","E","T","R","$","M","R","M","R","BOSS","M","?","M","?","M","R","E","?","T","E","M","$","R","M","R","BOSS","M","M","$","M","?","R","?","M","T","E","R","?","E","M","R","BOSS","R","$","E","BOSS"],"items_purchased_type":["Relic","Card","Card","Card","Card","Potion"],"build_version":"2020-12-22","purchased_purges":4,"victory":true,"max_hp_per_floor":[77,77,77,77,77,77,77,77,77,77,77,77,77,77,77,77,77,77,77,77,77,77,77,77,77,77,77,77,77,77,77,77,77,77,77,77,77,77,77,77,77,77,84,84,84,84,84,84,84,84,84,84,84,84,84],"card_choices":[{"not_picked":["Sucker Punch","Choke"],"picked":"Infinite Blades","floor":1.0},{"not_picked":["Sucker Punch","PiercingWail"],"picked":"Backflip","floor":2.0},{"not_picked":["Backflip","Bouncing Flask","Slice"],"picked":"SKIP","floor":3.0},{"not_picked":["Dagger Spray","Noxious Fumes"],"picked":"Fluid Movement","floor":6.0},{"not_picked":["PiercingWail","Backflip"],"picked":"Hidden Blade","floor":8.0},{"not_picked":["Backstab","Draining Mist"],"picked":"Footwork","floor":12.0},{"not_picked":["Sucker Punch","Bullet Time"],"picked":"ReplayTheSpireMod:Speed Training","floor":14.0},{"not_picked":["Storm of Steel","Venomology"],"picked":"Malaise","floor":16.0},{"not_picked":["Hidden Blade","Eviscerate"],"picked":"Finisher+1","floor":18.0},{"not_picked":["PiercingWail","Slice"],"picked":"Escape Plan","floor":20},{"not_picked":["Poisoned Stab","Flying Knee"],"picked":"Prepared","floor":22},{"not_picked":["Eviscerate","Outmaneuver"],"picked":"Footwork","floor":24},{"not_picked":["Choke+1","Distraction","Deadly Poison"],"picked":"SKIP","floor":27},{"not_picked":["Poisoned Stab","Glass Knife","Sucker Punch"],"picked":"SKIP","floor":28},{"not_picked":["Outmaneuver","Leg Sweep","Flying Knee"],"picked":"SKIP","floor":31},{"not_picked":["Burst","Glass Knife"],"picked":"Adrenaline","floor":33},{"not_picked":["Catalyst+1","Deflect+1","Skewer"],"picked":"SKIP","floor":35},{"not_picked":["Caltrops+1","Dash+1","Bane"],"picked":"SKIP","floor":36},{"not_picked":["Cloak And Dagger+1","Dagger Throw"],"picked":"Blade Dance+1","floor":38},{"not_picked":["Sucker Punch+1","Predator"],"picked":"Cloak And Dagger","floor":42},{"not_picked":["Flying Knee+1","Finisher","Deflect+1"],"picked":"SKIP","floor":44},{"not_picked":["Underhanded Strike","Noxious Fumes+1"],"picked":"Malaise","floor":47},{"not_picked":["Sucker Punch+1","ReplayTheSpireMod:Speed Training+1"],"picked":"Prepared","floor":48},{"not_picked":["Underhanded Strike+1","Acrobatics"],"picked":"Accuracy+1","floor":54}],"player_experience":309498,"relics_obtained":[{"floor":6.0,"key":"Paper Crane"},{"floor":8.0,"key":"Shuriken"},{"floor":21,"key":"Enchiridion"},{"floor":24,"key":"Art of War"},{"floor":26,"key":"Simple Rune"},{"floor":27,"key":"Matryoshka"},{"floor":41,"key":"CatCart"},{"floor":43,"key":"Replay:Rubber Ducky"},{"floor":43,"key":"Strawberry"},{"floor":44,"key":"vexMod:RedPlottingStone"},{"floor":46,"key":"Smiling Mask"},{"floor":46,"key":"vexMod:MemoryStick"},{"floor":47,"key":"Divine Protection"},{"floor":54,"key":"Nunchaku"}],"event_choices":[{"damage_healed":0.0,"max_hp_gain":0.0,"max_hp_loss":0.0,"gold_gain":0.0,"event_name":"Addict","player_choice":"Obtained Relic","floor":19.0,"gold_loss":85.0,"damage_taken":0.0,"relics_obtained":["FossilizedHelix"]},{"damage_healed":0,"gold_gain":0,"player_choice":"Obtained Book","damage_taken":16,"max_hp_gain":0,"max_hp_loss":0,"event_name":"Cursed Tome","floor":21,"gold_loss":0},{"damage_healed":0,"gold_gain":99,"player_choice":"Stole From Cult","damage_taken":0,"max_hp_gain":0,"max_hp_loss":0,"event_name":"Nest","floor":25,"gold_loss":0},{"damage_healed":0,"gold_gain":0,"player_choice":"Fight","damage_taken":0,"max_hp_gain":0,"max_hp_loss":0,"event_name":"OrinTheCat","floor":41,"gold_loss":0}],"is_beta":false,"boss_relics":[{"not_picked":["ChewingGum","Replay:Drink Me"],"picked":"vexMod:CursedCompass"},{"not_picked":["Ring of the Serpent","Painkiller Herb"],"picked":"Fusion Hammer"}],"items_purged_floors":[5,29,37,53],"is_endless":false,"potions_floor_spawned":[3,8,12,18,24,28,31,35,41,44,54],"ascension_level":3}}