{"host":"fubl5olmpa6illow","time":1610911027,"event":{"mods":["BaseMod","Colored Map","Colored Powertips","Highlight Path","Minty Spire (QoL Compilation)","Quick Restart","Random Character Button","Relic Sorter","Relic Stats"],"gold_per_floor":[114,114,114,114,137,137,175,175,175,209,47,47,71,84,84,215,215,233,253,253,266,266,266,300,80,80,80,2,2,2,21,21,141,141,159,180,180,196,215,251,276,309,309,309,353,99,114,147,147,147,147,147,23,63,63,63],"floor_reached":55,"language":"ENG","playtime":7809,"items_purged":["Writhe","Strike_B"],"score":852,"play_id":"826d3e28-43ea-437e-882b-8514a35e9818","local_time":"20210117201707","is_ascension_mode":true,"campfire_choices":[{"data":"Capacitor","floor":6,"key":"SMITH"},{"data":"Leap","floor":8,"key":"SMITH"},{"floor":12,"key":"REST"},{"data":"Sunder","floor":15,"key":"SMITH"},{"data":"RitualDagger","floor":23,"key":"SMITH"},{"floor":27,"key":"REST"},{"data":"Static Discharge","floor":32,"key":"SMITH"},{"floor":44,"key":"RECALL"},{"data":"Capacitor","floor":49,"key":"SMITH"},{"data":"Chill","floor":52,"key":"SMITH"}],"circlet_count":0,"master_deck":["Strike_B","Strike_B","Strike_B","Defend_B","Defend_B","Defend_B","Defend_B+1","Zap+1","Dualcast+1","Leap+1","Capacitor+1","Turbo","Electrodynamics","Reboot","Sunder+1","Sweeping Beam","Darkness","Biased Cognition","Rebound","Self Repair","RitualDagger+1","Coolheaded","Self Repair","Steam Power","Seek","Coolheaded","Seek","Cold Snap","Melter","Static Discharge+1","Chill+1","Machine Learning+1","Capacitor+1","Defragment+1","Consume+1","Chaos+1","Barrage+1","Hologram+1","Heatsinks","Barrage+1","Storm"],"relics":["Cracked Core","NeowsBlessing","Golden Idol","White Beast Statue","Mummified Hand","Shuriken","Philosopher\u0027s Stone","InkBottle","Cables","Orrery","Cursed Key","Omamori","Akabeko","Centennial Puzzle","Letter Opener","Lee\u0027s Waffle","Strawberry","Thread and Needle"],"acts_visited":["Exordium","TheCity","TheBeyond","TheEnding"],"potions_floor_usage":[16,16,18,21,24,31,33,39,45,47,55,55,55],"damage_taken":[{"damage":0,"enemies":"Small Slimes","floor":1,"turns":1},{"damage":0,"enemies":"2 Louse","floor":5,"turns":1},{"damage":0,"enemies":"3 Sentries","floor":7,"turns":2},{"damage":33,"enemies":"Gremlin Nob","floor":10,"turns":5},{"damage":0,"enemies":"Cultist","floor":13,"turns":3},{"damage":11,"enemies":"3 Louse","floor":14,"turns":2},{"damage":6,"enemies":"Slime Boss","floor":16,"turns":5},{"damage":0,"enemies":"Chosen","floor":18,"turns":4},{"damage":0,"enemies":"3 Byrds","floor":19,"turns":2},{"damage":22,"enemies":"Snake Plant","floor":21,"turns":4},{"damage":43,"enemies":"Slavers","floor":24,"turns":4},{"damage":0,"enemies":"Sentry and Sphere","floor":31,"turns":2},{"damage":52,"enemies":"Champ","floor":33,"turns":8},{"damage":11,"enemies":"Orb Walker","floor":35,"turns":3},{"damage":11,"enemies":"3 Darklings","floor":36,"turns":3},{"damage":16,"enemies":"Jaw Worm Horde","floor":38,"turns":3},{"damage":9,"enemies":"Transient","floor":39,"turns":5},{"damage":5,"enemies":"Nemesis","floor":40,"turns":7},{"damage":0,"enemies":"Sphere and 2 Shapes","floor":41,"turns":3},{"damage":26,"enemies":"Giant Head","floor":42,"turns":8},{"damage":44,"enemies":"Nemesis","floor":45,"turns":5},{"damage":8,"enemies":"Spire Growth","floor":47,"turns":3},{"damage":6,"enemies":"Giant Head","floor":48,"turns":7},{"damage":22,"enemies":"Time Eater","floor":50,"turns":8},{"damage":48,"enemies":"Shield and Spear","floor":54,"turns":4},{"damage":59,"enemies":"The Heart","floor":55,"turns":3}],"seed_played":"-4258892222074000388","potions_obtained":[{"floor":5,"key":"FocusPotion"},{"floor":10,"key":"Dexterity Potion"},{"floor":13,"key":"ColorlessPotion"},{"floor":16,"key":"LiquidMemories"},{"floor":18,"key":"SteroidPotion"},{"floor":19,"key":"BlessingOfTheForge"},{"floor":21,"key":"DistilledChaos"},{"floor":24,"key":"DistilledChaos"},{"floor":31,"key":"EssenceOfSteel"},{"floor":33,"key":"Dexterity Potion"},{"floor":35,"key":"GamblersBrew"},{"floor":38,"key":"SmokeBomb"},{"floor":39,"key":"Energy Potion"},{"floor":40,"key":"SkillPotion"},{"floor":45,"key":"PowerPotion"},{"floor":47,"key":"ColorlessPotion"},{"floor":54,"key":"SkillPotion"}],"is_trial":false,"path_per_floor":["M","?","?","?","M","R","E","R","T","E","$","R","M","M","R","B",null,"M","M","?","M","?","R","E","$","T","R","$","?","?","M","R","B",null,"M","M","?","M","M","E","M","E","T","R","E","$","M","E","R","B",null,"R","$","E","B"],"character_chosen":"DEFECT","items_purchased":["Reboot","Sunder","Orrery","Melter","Lee\u0027s Waffle","Storm","PowerPotion"],"campfire_rested":2,"item_purchase_floors":[11,11,25,28,46,53,53],"current_hp_per_floor":[75,60,60,42,42,42,42,42,42,9,9,31,31,20,20,14,75,75,75,69,54,54,54,18,18,18,40,40,40,40,54,54,16,75,71,74,74,72,75,75,75,63,63,63,33,82,82,89,89,74,89,89,89,55,0,0],"gold":63,"neow_bonus":"THREE_ENEMY_KILL","is_daily":false,"chose_seed":false,"campfire_upgraded":7,"win_rate":0.0,"timestamp":1610911027,"path_taken":["M","?","?","?","M","R","E","R","T","E","$","R","M","M","R","BOSS","M","M","?","M","?","R","E","$","T","R","$","?","?","M","R","BOSS","M","M","?","M","M","E","M","E","T","R","E","$","?","E","R","BOSS","R","$","E","BOSS"],"items_purchased_type":["Card","Card","Relic","Card","Relic","Card","Potion"],"build_version":"2020-12-22","purchased_purges":2,"victory":false,"max_hp_per_floor":[75,75,75,75,75,75,75,75,75,75,75,75,75,75,75,75,75,75,75,75,75,75,75,75,75,75,75,75,75,75,75,75,75,75,75,75,75,75,75,75,75,75,75,75,75,82,82,89,89,89,89,89,89,89,89,89],"relic_stats":{"Centennial Puzzle":[18],"Lee\u0027s Waffle":49,"counters":[26,105],"Golden Idol":187,"Mummified Hand":[137],"Shuriken":[25],"Letter Opener":[93],"Cursed Key":1,"obtain_stats":[{"Lee\u0027s Waffle":46,"NeowsBlessing":0,"Golden Idol":4,"Thread and Needle":54,"Omamori":40,"Letter Opener":45,"Cursed Key":34,"White Beast Statue":7,"Akabeko":42,"Cables":24,"Centennial Puzzle":43,"Mummified Hand":9,"Shuriken":10,"Strawberry":48,"Orrery":25,"Philosopher\u0027s Stone":17,"Cracked Core":0,"InkBottle":22},{"Lee\u0027s Waffle":21,"NeowsBlessing":0,"Golden Idol":1,"Thread and Needle":25,"Omamori":18,"Letter Opener":21,"Cursed Key":13,"White Beast Statue":3,"Akabeko":20,"Cables":11,"Centennial Puzzle":20,"Mummified Hand":3,"Shuriken":4,"Strawberry":23,"Orrery":11,"Philosopher\u0027s Stone":7,"Cracked Core":0,"InkBottle":10},{"Lee\u0027s Waffle":80,"NeowsBlessing":0,"Golden Idol":1,"Thread and Needle":102,"Omamori":64,"Letter Opener":80,"Cursed Key":43,"White Beast Statue":4,"Akabeko":75,"Cables":33,"Centennial Puzzle":75,"Mummified Hand":4,"Shuriken":9,"Strawberry":90,"Orrery":33,"Philosopher\u0027s Stone":19,"Cracked Core":0,"InkBottle":29}],"InkBottle":[47],"Cables":[64,32,27,5,0]},"card_choices":[{"not_picked":["Streamline","Barrage"],"picked":"Leap","floor":1},{"not_picked":["Undo","Beam Cell"],"picked":"Capacitor","floor":5},{"not_picked":["Gash","Double Energy"],"picked":"Turbo","floor":7},{"not_picked":["Capacitor","Leap"],"picked":"Electrodynamics","floor":10},{"not_picked":["Leap","Reinforced Body"],"picked":"Sweeping Beam","floor":13},{"not_picked":["Conserve Battery","Hologram"],"picked":"Darkness","floor":14},{"not_picked":["Electrodynamics","Creative AI"],"picked":"Biased Cognition","floor":16},{"not_picked":["Go for the Eyes","Storm"],"picked":"Rebound","floor":18},{"not_picked":["Stack","Turbo"],"picked":"Self Repair","floor":19},{"not_picked":["Redo","Lockon"],"picked":"Coolheaded","floor":21},{"not_picked":["Coolheaded","Ball Lightning"],"picked":"Self Repair","floor":24},{"not_picked":["Gash","Turbo"],"picked":"Steam Power","floor":25},{"not_picked":["Hello World","Stack+1"],"picked":"Seek","floor":25},{"not_picked":["Barrage+1","Gash"],"picked":"Coolheaded","floor":25},{"not_picked":["Gash","Stack"],"picked":"Seek","floor":25},{"not_picked":["Fusion","Beam Cell+1"],"picked":"Cold Snap","floor":25},{"not_picked":["Static Discharge","Turbo"],"picked":"Chill","floor":31},{"not_picked":["Thunder Strike","Core Surge"],"picked":"Machine Learning","floor":33},{"not_picked":["Reinforced Body","Cold Snap"],"picked":"Capacitor","floor":35},{"not_picked":["Turbo","Sweeping Beam+1","Chill"],"picked":"SKIP","floor":36},{"not_picked":["Turbo","Sweeping Beam+1","Chill"],"picked":"SKIP","floor":36},{"not_picked":["Hologram+1","FTL+1"],"picked":"Defragment+1","floor":38},{"not_picked":["Turbo","BootSequence+1"],"picked":"Consume+1","floor":39},{"not_picked":["Barrage+1","Melter"],"picked":"Chaos+1","floor":40},{"not_picked":["Genetic Algorithm","Coolheaded"],"picked":"Barrage+1","floor":41},{"not_picked":["Coolheaded+1","Rip and Tear+1"],"picked":"Hologram+1","floor":42},{"not_picked":["Redo+1","Beam Cell+1"],"picked":"Heatsinks","floor":45},{"not_picked":["Self Repair+1","Amplify"],"picked":"Barrage+1","floor":47},{"not_picked":["Ball Lightning+1","Hologram+1","Tempest"],"picked":"SKIP","floor":48},{"not_picked":["Hyperbeam","Chill","Conserve Battery+1"],"picked":"SKIP","floor":54}],"player_experience":262111,"relics_obtained":[{"floor":7,"key":"White Beast Statue"},{"floor":9,"key":"Mummified Hand"},{"floor":10,"key":"Shuriken"},{"floor":24,"key":"Cables"},{"floor":40,"key":"Omamori"},{"floor":42,"key":"Akabeko"},{"floor":43,"key":"Centennial Puzzle"},{"floor":45,"key":"Letter Opener"},{"floor":48,"key":"Strawberry"},{"floor":54,"key":"Thread and Needle"}],"event_choices":[{"damage_healed":0,"gold_gain":0,"player_choice":"Entered Light","damage_taken":15,"max_hp_gain":0,"max_hp_loss":0,"event_name":"Shining Light","floor":2,"gold_loss":0,"cards_upgraded":["Zap","Defend_B"]},{"damage_healed":0,"gold_gain":0,"player_choice":"Grow","damage_taken":0,"max_hp_gain":0,"max_hp_loss":0,"event_name":"Living Wall","floor":3,"gold_loss":0,"cards_upgraded":["Dualcast"]},{"damage_healed":0,"gold_gain":0,"player_choice":"Take Damage","damage_taken":18,"relics_obtained":["Golden Idol"],"max_hp_gain":0,"max_hp_loss":0,"event_name":"Golden Idol","floor":4,"gold_loss":0},{"damage_healed":0,"gold_gain":0,"player_choice":"Joined the Cult","damage_taken":6,"max_hp_gain":0,"max_hp_loss":0,"event_name":"Nest","floor":20,"gold_loss":0,"cards_obtained":["RitualDagger"]},{"damage_healed":0,"gold_gain":0,"player_choice":"Opened","damage_taken":0,"relics_obtained":["InkBottle"],"max_hp_gain":0,"max_hp_loss":0,"event_name":"The Mausoleum","floor":22,"gold_loss":0,"cards_obtained":["Writhe"]},{"damage_healed":0,"gold_gain":0,"player_choice":"Read","damage_taken":0,"max_hp_gain":0,"max_hp_loss":0,"event_name":"The Library","floor":29,"gold_loss":0,"cards_obtained":["Static Discharge"]},{"damage_healed":0,"gold_gain":0,"player_choice":"Ignored","damage_taken":0,"max_hp_gain":0,"max_hp_loss":0,"event_name":"Ghosts","floor":30,"gold_loss":0},{"damage_healed":0,"gold_gain":0,"player_choice":"Upgraded","damage_taken":0,"max_hp_gain":0,"max_hp_loss":0,"event_name":"Upgrade Shrine","floor":37,"gold_loss":0,"cards_upgraded":["Machine Learning"]}],"is_beta":false,"boss_relics":[{"not_picked":["Tiny House","Busted Crown"],"picked":"Philosopher\u0027s Stone"},{"not_picked":["Fusion Hammer","Sozu"],"picked":"Cursed Key"}],"items_purged_floors":[25,46],"is_endless":false,"potions_floor_spawned":[5,10,13,14,16,18,19,21,24,31,33,35,36,38,39,40,41,42,45,47,48,54],"killed_by":"The Heart","ascension_level":1}}