{"host":"bq4pt811tk9yrmjl","time":1610883386,"event":{"mods":["AchievementEnabler","BaseMod","Colored Map","Colored Powertips","Defuse TimeMaze Blight","Hermit","Minty Spire (QoL Compilation)","StSLib","SuperFastMode"],"gold_per_floor":[118,36,51,51,51,51,78,78,78,96,96,96,96,121,121,252,252,276,276,18,88,88,88,88],"floor_reached":23,"language":"ENG","playtime":253,"items_purged":[],"score":221,"play_id":"8dda8ce8-30d3-4c35-81a8-3d68397b8029","local_time":"20210117093626","is_ascension_mode":true,"campfire_choices":[{"data":"Bouncing Flask","floor":6.0,"key":"SMITH"},{"data":"Neutralize","floor":8.0,"key":"SMITH"},{"floor":13,"key":"REST"},{"floor":15,"key":"RECALL"}],"circlet_count":0,"master_deck":["Strike_G","Strike_G","Strike_G","Strike_G","Strike_G","Defend_G+1","Defend_G","Defend_G","Defend_G+1","Defend_G","Survivor+1","Neutralize+1","Slice+1","Bouncing Flask+1","Bane"],"relics":["Ring of the Snake","NeowsBlessing","War Paint","Golden Idol","Velvet Choker","Eternal Feather","Pear"],"acts_visited":["Exordium","TheCity"],"potions_floor_usage":[16,23,23],"damage_taken":[{"damage":0.0,"enemies":"Small Slimes","floor":1.0,"turns":1.0},{"damage":0.0,"enemies":"Jaw Worm","floor":3.0,"turns":1.0},{"damage":0.0,"enemies":"Lagavulin","floor":7.0,"turns":1.0},{"damage":3.0,"enemies":"2 Louse","floor":10.0,"turns":2.0},{"damage":0,"enemies":"2 Fungi Beasts","floor":14,"turns":3},{"damage":27,"enemies":"Slime Boss","floor":16,"turns":8},{"damage":3,"enemies":"Shell Parasite","floor":18,"turns":5},{"damage":13,"enemies":"Gremlin Leader","floor":23,"turns":4}],"seed_played":"2775301089967608186","potions_obtained":[{"floor":1.0,"key":"DuplicationPotion"},{"floor":3.0,"key":"EssenceOfSteel"},{"floor":7.0,"key":"GamblersBrew"}],"is_trial":false,"path_per_floor":["M","$","M","?","?","R","E","R","T","M","?","?","R","M","R","B",null,"M","?","$","T","?","E"],"character_chosen":"THE_SILENT","items_purchased":["Bouncing Flask","Eternal Feather"],"campfire_rested":1,"item_purchase_floors":[2,20],"current_hp_per_floor":[70,70,70,70,56,56,56,56,56,53,53,36,57,57,57,30,70,67,60,60,70,64,51,51],"gold":88,"neow_bonus":"THREE_ENEMY_KILL","is_daily":false,"chose_seed":false,"campfire_upgraded":2,"win_rate":0.0,"timestamp":1610883386,"path_taken":["M","$","M","?","?","R","E","R","T","M","?","?","R","M","R","BOSS","M","?","$","?","?","E"],"items_purchased_type":["Card","Relic"],"build_version":"2020-12-22","purchased_purges":0,"victory":false,"max_hp_per_floor":[70,70,70,70,70,70,70,70,70,70,70,70,70,70,70,70,70,70,70,70,80,80,80,80],"card_choices":[{"not_picked":["Heel Hook","Footwork"],"picked":"Slice","floor":1.0},{"not_picked":["Dagger Spray","Deflect","PiercingWail"],"picked":"SKIP","floor":3.0},{"not_picked":["Blur","Endless Agony","Wraith Form v2"],"picked":"SKIP","floor":7.0},{"not_picked":["Flechettes","Prepared","Eviscerate"],"picked":"SKIP","floor":10.0},{"not_picked":["Slice","Concentrate","Dodge and Roll"],"picked":"SKIP","floor":14},{"not_picked":["Poisoned Stab","Backflip"],"picked":"Bane","floor":18}],"player_experience":171244,"relics_obtained":[{"floor":7.0,"key":"War Paint"},{"floor":21,"key":"Pear"}],"event_choices":[{"damage_healed":0.0,"max_hp_gain":0.0,"max_hp_loss":0.0,"gold_gain":0.0,"event_name":"Golden Wing","player_choice":"Ignored","floor":4.0,"gold_loss":0.0,"damage_taken":0.0},{"damage_healed":0.0,"max_hp_gain":0.0,"max_hp_loss":0.0,"gold_gain":0.0,"event_name":"Shining Light","player_choice":"Entered Light","floor":5.0,"gold_loss":0.0,"damage_taken":14.0,"cards_upgraded":["Slice","Defend_G"]},{"damage_healed":0,"gold_gain":0,"player_choice":"Fled","damage_taken":0,"max_hp_gain":0,"max_hp_loss":0,"event_name":"Scrap Ooze","floor":11,"gold_loss":0},{"damage_healed":0,"gold_gain":0,"player_choice":"Take Damage","damage_taken":17,"relics_obtained":["Golden Idol"],"max_hp_gain":0,"max_hp_loss":0,"event_name":"Golden Idol","floor":12,"gold_loss":0},{"damage_healed":0,"gold_gain":0,"player_choice":"Damaged","damage_taken":7,"max_hp_gain":0,"max_hp_loss":0,"event_name":"Wheel of Change","floor":19,"gold_loss":0},{"damage_healed":0,"gold_gain":0,"player_choice":"","damage_taken":6,"max_hp_gain":0,"max_hp_loss":0,"event_name":"Knowing Skull","floor":22,"potions_obtained":[],"gold_loss":0,"cards_obtained":[]}],"is_beta":false,"boss_relics":[{"not_picked":["Philosopher\u0027s Stone","Pandora\u0027s Box"],"picked":"Velvet Choker"}],"items_purged_floors":[],"is_endless":false,"potions_floor_spawned":[1,3,7],"killed_by":"Gremlin Leader","ascension_level":1}}