{"host":"bczg3e1yq3rp3pkk","time":1610877712,"event":{"mods":["BaseMod","Hermit","Marisa£®ÏF”Í°°ƒß¿Ì…≥£©","Minty Spire (QoL Compilation)","Quick Restart","Replay The Spire","StSLib","The Construct","The Cursed","The Runesmith","The Servant 0.9.4","vexMod"],"gold_per_floor":[114,114,127,143,162,187,187,38,91,107,122,142,161,186,186,289,289,304,304,315,328,328,353,353,370,370,370,381,400,400,224,224,325,325,338,358,377,387,40,40,40,40,40,140,155,183,194,220,220,220],"floor_reached":51,"language":"ZHS","playtime":7505,"items_purged":["Strike_S","Pot Of Greed","Pot Of Greed"],"score":820,"play_id":"ec357591-3040-4b63-ab23-2518d26a6842","local_time":"20210117180152","is_ascension_mode":false,"campfire_choices":[{"data":"ReturningBlade","floor":7.0,"key":"SMITH"},{"data":"ReturningBlade+1","floor":15.0,"key":"SMITH"},{"data":"ReturningBlade+2","floor":24.0,"key":"SMITH"},{"data":"ReturningBlade+3","floor":27.0,"key":"SMITH"},{"data":"FlawlessForm","floor":40.0,"key":"SMITH"},{"data":"ReturningBlade+4","floor":42.0,"key":"SMITH"},{"data":"ReturningBlade+5","floor":49.0,"key":"SMITH"}],"circlet_count":0,"master_deck":["Strike_S+1","Strike_S+1","Defend_S+1","Defend_S+1","Defend_S+1","Defend_S+1","KidneyShot","ReturningBlade+6","Luminosity","InstantArmor","BottledTime","SoulSculpture","Read","Pot Of Greed","FastForward","Comet","Deadline","FlawlessForm+1","Hightail","Revamp","Misdirection+1","Luminosity","LightFlow","AbeCurse","SpecialFormula+1","Solidify","RealityMarble","Revamp","SpecialFormula+1","DualDimension"],"relics":["Uniform","NeowsBlessing","HornCleat","Grinning Jar","Regal Pillow","Replay:Grab Bag","Coffee Dripper","Sozu","construct:ClawGrip","Oddly Smooth Stone","Bronze Scales","construct:BoolHorns","Abe\u0027s Treasure","vexMod:GhostlyGear","Meat on the Bone","Replay:Bottled Snecko","Replay:Mystery Machine"],"acts_visited":["Exordium","TheCity","TheBeyond"],"potions_floor_usage":[50,50],"damage_taken":[{"damage":0.0,"enemies":"Jaw Worm","floor":1.0,"turns":1.0},{"damage":0.0,"enemies":"Cultist","floor":3.0,"turns":1.0},{"damage":0.0,"enemies":"Small Slimes","floor":4.0,"turns":1.0},{"damage":5.0,"enemies":"3 Louse","floor":5.0,"turns":3.0},{"damage":29.0,"enemies":"Lagavulin","floor":6.0,"turns":8.0},{"damage":1.0,"enemies":"Blue Slaver","floor":10.0,"turns":3.0},{"damage":0.0,"enemies":"2 Fungi Beasts","floor":11.0,"turns":3.0},{"damage":0.0,"enemies":"Lots of Slimes","floor":12.0,"turns":5.0},{"damage":0.0,"enemies":"Exordium Wildlife","floor":13.0,"turns":3.0},{"damage":0.0,"enemies":"3 Sentries","floor":14.0,"turns":6.0},{"damage":14.0,"enemies":"Fading Forest","floor":16.0,"turns":11.0},{"damage":1.0,"enemies":"Shell Parasite","floor":18.0,"turns":3.0},{"damage":0.0,"enemies":"Chosen","floor":20.0,"turns":6.0},{"damage":0.0,"enemies":"3 Cultists","floor":21.0,"turns":6.0},{"damage":1.0,"enemies":"Book of Stabbing","floor":23.0,"turns":7.0},{"damage":0.0,"enemies":"Snake Plant","floor":25.0,"turns":6.0},{"damage":0.0,"enemies":"Centurion and Healer","floor":28.0,"turns":7.0},{"damage":0.0,"enemies":"3 Cultists","floor":29.0,"turns":4.0},{"damage":0.0,"enemies":"Pondfish","floor":33.0,"turns":11.0},{"damage":19.0,"enemies":"3 Shapes","floor":35.0,"turns":4.0},{"damage":0.0,"enemies":"Orb Walker","floor":36.0,"turns":3.0},{"damage":0.0,"enemies":"4 Shapes","floor":37.0,"turns":4.0},{"damage":0.0,"enemies":"Transient","floor":38.0,"turns":5.0},{"damage":0.0,"enemies":"Writhing Mass","floor":45.0,"turns":1.0},{"damage":0.0,"enemies":"Giant Head","floor":46.0,"turns":7.0},{"damage":0.0,"enemies":"Jaw Worm Horde","floor":47.0,"turns":5.0},{"damage":51.0,"enemies":"Reptomancer","floor":48.0,"turns":10.0},{"damage":17,"enemies":"Donu and Deca","floor":50,"turns":7}],"seed_played":"1805484555943081262","potions_obtained":[{"floor":1.0,"key":"LiquidBronze"},{"floor":4.0,"key":"SkillPotion"},{"floor":5.0,"key":"DuplicationPotion"},{"floor":6.0,"key":"Doom Potion"}],"is_trial":false,"path_per_floor":["M","?","M","M","M","E","R","$","T","M","M","M","M","E","R","B",null,"M","?","M","M","?","E","R","M","T","R","M","M","?","$","R","B",null,"M","M","M","M","$","R","$","R","T","?","M","E","M","E","R","B",null],"character_chosen":"THE_SERVANT","items_purchased":["Read","Luminosity","vexMod:GhostlyGear","RealityMarble"],"campfire_rested":0,"item_purchase_floors":[8,31,39,39],"current_hp_per_floor":[65,65,65,65,60,31,31,31,31,30,30,30,30,30,30,16,65,64,64,64,64,64,63,63,63,63,63,63,63,63,63,63,63,65,46,46,46,54,54,54,54,54,54,54,54,62,65,42,42,49],"gold":220,"neow_bonus":"THREE_ENEMY_KILL","is_daily":false,"chose_seed":false,"campfire_upgraded":7,"win_rate":0.0,"timestamp":1610877712,"path_taken":["M","?","M","?","M","E","R","?","T","M","M","M","M","E","R","BOSS","M","?","M","M","?","E","R","M","T","R","M","M","?","?","R","BOSS","M","M","M","M","$","R","?","R","T","?","M","E","M","E","R","BOSS"],"items_purchased_type":["Card","Card","Relic","Card"],"build_version":"2020-12-22","purchased_purges":3,"victory":true,"max_hp_per_floor":[65,65,65,65,65,65,65,65,65,65,65,65,65,65,65,65,65,65,65,65,65,65,65,65,65,65,65,65,65,65,65,65,65,65,65,65,65,65,65,65,65,65,65,65,65,65,65,65,65,65],"card_choices":[{"not_picked":["Reset","Ricochet"],"picked":"ReturningBlade","floor":1.0},{"not_picked":["ShatteredReality","SilverBlades"],"picked":"Luminosity","floor":3.0},{"not_picked":["Advance","Desolation"],"picked":"InstantArmor","floor":4.0},{"not_picked":["DoubleEdge","Rearm"],"picked":"BottledTime","floor":5.0},{"not_picked":["Moonlight","Collapse"],"picked":"SoulSculpture","floor":6.0},{"not_picked":["Spin","DoubleEdge","Foresight"],"picked":"SKIP","floor":10.0},{"not_picked":["Comet","Revamp"],"picked":"FastForward","floor":11.0},{"not_picked":["Rearm","Foresight"],"picked":"Comet","floor":12.0},{"not_picked":["Comet","Defy","Unruled"],"picked":"SKIP","floor":13.0},{"not_picked":["StarChef","FanOfKnives"],"picked":"Deadline","floor":14.0},{"not_picked":["Solidify","TheWorld"],"picked":"FlawlessForm","floor":16.0},{"not_picked":["Comet+1","TimeWarp+1"],"picked":"Hightail","floor":18.0},{"not_picked":["Rewind+1","Potential+1"],"picked":"Revamp","floor":20.0},{"not_picked":["Deadline","DoubleEdge","Defy"],"picked":"SKIP","floor":21.0},{"not_picked":["Spin","Defy","BottledTime"],"picked":"SKIP","floor":23.0},{"not_picked":["Rewind+1","Contraction"],"picked":"Misdirection+1","floor":25.0},{"not_picked":["Read","TimeWarp","Revamp"],"picked":"SKIP","floor":28.0},{"not_picked":["SurpressingFire+1","TimeTheft","Potential"],"picked":"SKIP","floor":29.0},{"not_picked":["FloweringNight","MurderousAura"],"picked":"LightFlow","floor":33.0},{"not_picked":["Defy","Shuttle+1","TimeWarp"],"picked":"SKIP","floor":35.0},{"not_picked":["Misdirection","Shuttle","Alleviate+1"],"picked":"SKIP","floor":36.0},{"not_picked":["Spin+1","Defy"],"picked":"SpecialFormula+1","floor":37.0},{"not_picked":["Snipe+1","Shuttle"],"picked":"Solidify","floor":38.0},{"not_picked":["Desolation+1","Moonlight"],"picked":"Revamp","floor":45.0},{"not_picked":["DoubleEdge","Defy","FastForward"],"picked":"SKIP","floor":46.0},{"not_picked":["DualDimension","Alleviate+1"],"picked":"SpecialFormula+1","floor":47.0},{"not_picked":["FastForward+1","ShatteredReality"],"picked":"DualDimension","floor":48.0}],"player_experience":355492,"relics_obtained":[{"floor":6.0,"key":"HornCleat"},{"floor":9.0,"key":"Grinning Jar"},{"floor":14.0,"key":"Regal Pillow"},{"floor":23.0,"key":"Oddly Smooth Stone"},{"floor":26.0,"key":"Bronze Scales"},{"floor":43.0,"key":"Meat on the Bone"},{"floor":46.0,"key":"Replay:Bottled Snecko"},{"floor":48.0,"key":"Replay:Mystery Machine"}],"event_choices":[{"cards_removed":["Strike_S"],"damage_healed":0.0,"max_hp_gain":0.0,"max_hp_loss":0.0,"gold_gain":0.0,"event_name":"Purifier","player_choice":"Purged","floor":2.0,"gold_loss":0.0,"damage_taken":0.0},{"damage_healed":0.0,"max_hp_gain":0.0,"max_hp_loss":0.0,"gold_gain":0.0,"event_name":"Vampires","player_choice":"Ignored","floor":22.0,"gold_loss":0.0,"damage_taken":0.0},{"damage_healed":0.0,"max_hp_gain":0.0,"max_hp_loss":0.0,"gold_gain":0.0,"event_name":"Back to Basics","player_choice":"Simplicity","floor":30.0,"gold_loss":0.0,"damage_taken":0.0,"cards_upgraded":["Strike_S","Strike_S","Defend_S","Defend_S","Defend_S","Defend_S"]},{"damage_healed":0.0,"max_hp_gain":0.0,"max_hp_loss":0.0,"gold_gain":100.0,"event_name":"Golden Shrine","player_choice":"Pray","floor":44.0,"gold_loss":0.0,"damage_taken":0.0}],"is_beta":false,"boss_relics":[{"not_picked":["Empty Cage","Velvet Choker"],"picked":"Replay:Grab Bag"},{"not_picked":["vexMod:CursedCompass","Fusion Hammer"],"picked":"Coffee Dripper"},{"not_picked":["Philosopher\u0027s Stone","vexMod:TanglingVine"],"picked":"Sozu"},{"not_picked":["Honey Jar","Tiny House"],"picked":"construct:ClawGrip"},{"not_picked":["Ring of Chaos","Replay:Drink Me"],"picked":"Abe\u0027s Treasure"}],"items_purged_floors":[8,31,39],"is_endless":false,"potions_floor_spawned":[1,4,5,6,20,25,28,33,37,45,46,48],"ascension_level":0}}