{"host":"aaqofma31c3gm2hj","time":1610851182,"event":{"mods":["BaseMod","GungeonMod","Minty Spire (QoL Compilation)","Replay The Spire","Spicy Shops","StSLib"],"gold_per_floor":[118,118,118,130,130,159,169,169,249,174,174,184,198,216,216,290,290,303,303,303],"floor_reached":19,"language":"ZHS","playtime":540,"items_purged":["Strike_G"],"score":388,"play_id":"00c44e05-ac04-4486-85fb-25c8d83b1011","local_time":"20210117103942","is_ascension_mode":true,"campfire_choices":[{"data":"Neutralize","floor":11.0,"key":"SMITH"}],"circlet_count":0,"master_deck":["AscendersBane","Strike_G","Strike_G","Strike_G","Defend_G","Defend_G","Defend_G","Defend_G","Defend_G","Survivor","Neutralize+1","Blade Dance+1","Tactician","Concentrate+1","Hidden Blade","Terror","Reflex","Adrenaline","Night Terror"],"relics":["Ring of the Snake","NeowsBlessing","ReplayTheSpireMod:Ring of Collecting","Pantograph","Snake Skull","DemoMod:MeltedRock","Runic Dome"],"acts_visited":["Exordium","TheCity"],"potions_floor_usage":[16,16],"damage_taken":[{"damage":0.0,"enemies":"2 Louse","floor":1.0,"turns":1.0},{"damage":0.0,"enemies":"Jaw Worm","floor":4.0,"turns":1.0},{"damage":0.0,"enemies":"Gremlin Nob","floor":6.0,"turns":1.0},{"damage":0.0,"enemies":"Cultist","floor":7.0,"turns":4.0},{"damage":0.0,"enemies":"Large Slime","floor":12.0,"turns":6.0},{"damage":0.0,"enemies":"Lots of Slimes","floor":13.0,"turns":1.0},{"damage":3.0,"enemies":"Looter","floor":14.0,"turns":3.0},{"damage":60,"enemies":"Slime Boss","floor":16,"turns":14},{"damage":4,"enemies":"3 Byrds","floor":18,"turns":6},{"damage":47,"enemies":"Chosen","floor":19,"turns":6}],"seed_played":"8365642658552960609","potions_obtained":[{"floor":4.0,"key":"Fire Potion"},{"floor":7.0,"key":"Poison Potion"},{"floor":12.0,"key":"DemoMod:LeadSkinPotion"},{"floor":18,"key":"BlessingOfTheForge"}],"is_trial":false,"path_per_floor":["M","?","?","M","?","E","M","?","T","$","R","M","M","M","R","B",null,"M","M"],"character_chosen":"THE_SILENT","items_purchased":[],"campfire_rested":0,"item_purchase_floors":[],"current_hp_per_floor":[59,59,48,48,48,48,48,48,48,48,48,48,48,45,45,6,51,47,0,0],"gold":303,"neow_bonus":"THREE_ENEMY_KILL","is_daily":false,"chose_seed":false,"campfire_upgraded":1,"win_rate":0.0,"timestamp":1610851182,"path_taken":["M","?","?","M","?","E","?","?","T","$","R","M","M","M","R","BOSS","M","?"],"items_purchased_type":[],"build_version":"2020-12-22","purchased_purges":1,"victory":false,"max_hp_per_floor":[66,66,66,66,66,66,66,66,66,66,66,66,66,66,66,66,66,66,66,66],"card_choices":[{"not_picked":["ReplayTheSpireMod:Tripwire","Flying Knee"],"picked":"Blade Dance","floor":1.0},{"not_picked":["Deadly Poison","ReplayTheSpireMod:Shiv Toss"],"picked":"Tactician","floor":4.0},{"not_picked":["Dodge and Roll","Riddle With Holes"],"picked":"Concentrate","floor":6.0},{"not_picked":["Deflect","Leg Sweep","Bouncing Flask"],"picked":"SKIP","floor":7.0},{"not_picked":["Deflect","Leg Sweep","Bouncing Flask"],"picked":"SKIP","floor":7.0},{"not_picked":["Blade Dance","ReplayTheSpireMod:The Works"],"picked":"Hidden Blade","floor":12.0},{"not_picked":["Masterful Stab","Dagger Spray"],"picked":"Terror","floor":13.0},{"not_picked":["Blade Dance","Deflect"],"picked":"Reflex","floor":14.0},{"not_picked":["Bullet Time","Doppelganger"],"picked":"Night Terror","floor":16},{"not_picked":["Bouncing Flask","Sucker Punch","Quick Slash"],"picked":"SKIP","floor":18}],"player_experience":596571,"relics_obtained":[{"floor":2.0,"key":"ReplayTheSpireMod:Ring of Collecting"},{"floor":6.0,"key":"Snake Skull"},{"floor":9.0,"key":"DemoMod:MeltedRock"}],"event_choices":[{"damage_healed":0.0,"max_hp_gain":0.0,"max_hp_loss":0.0,"gold_gain":0.0,"event_name":"Scrap Ooze","player_choice":"Success","floor":3.0,"gold_loss":0.0,"damage_taken":11.0,"relics_obtained":["Pantograph"]},{"damage_healed":0.0,"max_hp_gain":0.0,"max_hp_loss":0.0,"gold_gain":0.0,"event_name":"Accursed Blacksmith","player_choice":"Forge","floor":5.0,"gold_loss":0.0,"damage_taken":0.0,"cards_upgraded":["Blade Dance"]},{"damage_healed":0.0,"max_hp_gain":0.0,"max_hp_loss":0.0,"gold_gain":0.0,"event_name":"Upgrade Shrine","player_choice":"Upgraded","floor":8.0,"gold_loss":0.0,"damage_taken":0.0,"cards_upgraded":["Concentrate"]}],"is_beta":false,"boss_relics":[{"not_picked":["Painkiller Herb","Cursed Key"],"picked":"Runic Dome"}],"items_purged_floors":[10],"is_endless":false,"potions_floor_spawned":[4,7,12,13,18],"killed_by":"Chosen","ascension_level":20}}