{"host":"og6lam4kt3nibbw0","time":1610898297,"event":{"mods":["AchievementEnabler","BaseMod","Colored Map","DeckTracker","Highlight Path","Keyboard Shortcuts","Minty Spire (QoL Compilation)","Permanent Neow","Quick Restart","StSLib","SuperFastMode"],"gold_per_floor":[110,35,35,35,35,74,74,74,74,105,118,134,134,155,155,244,244,264,164,179,199,199,199],"floor_reached":22,"language":"KOR","playtime":725,"items_purged":["Defend_G","Strike_G"],"score":488,"play_id":"1acfda39-fe2c-4570-a30c-927117c16e06","local_time":"20210118004457","is_ascension_mode":true,"campfire_choices":[{"data":"Dagger Throw","floor":7,"key":"SMITH"},{"data":"Underhanded Strike","floor":13,"key":"SMITH"},{"data":"Prepared","floor":15,"key":"SMITH"}],"circlet_count":0,"master_deck":["AscendersBane","Strike_G","Strike_G","Strike_G","Strike_G","Defend_G","Defend_G","Defend_G","Defend_G","Survivor","Neutralize","Dagger Throw+1","Flying Knee","Sucker Punch","Prepared+1","Underhanded Strike+1","Adrenaline","Acrobatics"],"relics":["Ring of the Snake","NeowsBlessing","Golden Idol","Shuriken","Lantern","Meat on the Bone","WristBlade"],"acts_visited":["Exordium","TheCity"],"potions_floor_usage":[22],"damage_taken":[{"damage":0,"enemies":"Jaw Worm","floor":1,"turns":1},{"damage":0,"enemies":"3 Sentries","floor":6,"turns":1},{"damage":0,"enemies":"Gremlin Nob","floor":10,"turns":1},{"damage":0,"enemies":"Small Slimes","floor":11,"turns":2},{"damage":2,"enemies":"2 Louse","floor":12,"turns":2},{"damage":8,"enemies":"Lots of Slimes","floor":14,"turns":3},{"damage":45,"enemies":"The Guardian","floor":16,"turns":14},{"damage":6,"enemies":"Spheric Guardian","floor":18,"turns":3},{"damage":13,"enemies":"3 Byrds","floor":20,"turns":6},{"damage":27,"enemies":"Cultist and Chosen","floor":21,"turns":6},{"damage":35,"enemies":"Chosen and Byrds","floor":22,"turns":5}],"seed_played":"-1653539575470380719","potions_obtained":[{"floor":8,"key":"GhostInAJar"},{"floor":8,"key":"SmokeBomb"},{"floor":12,"key":"Dexterity Potion"},{"floor":14,"key":"CunningPotion"}],"is_trial":false,"path_per_floor":["M","$","?","?","$","E","R","?","T","E","M","M","R","M","R","B",null,"M","$","M","M","M"],"character_chosen":"THE_SILENT","items_purchased":[],"campfire_rested":0,"item_purchase_floors":[],"current_hp_per_floor":[59,59,59,59,59,59,59,59,59,59,59,57,57,49,49,16,49,43,43,42,27,0,0],"gold":199,"neow_bonus":"THREE_ENEMY_KILL","is_daily":false,"chose_seed":false,"campfire_upgraded":3,"win_rate":0.0,"timestamp":1610898297,"path_taken":["M","$","?","?","$","E","R","?","T","E","?","M","R","M","R","BOSS","M","$","M","M","?"],"items_purchased_type":[],"build_version":"2020-12-22","purchased_purges":2,"victory":false,"max_hp_per_floor":[66,66,60,60,60,60,60,60,60,60,60,60,60,60,60,60,60,60,60,60,60,60,60],"card_choices":[{"not_picked":["Outmaneuver","Dodge and Roll"],"picked":"Dagger Throw","floor":1},{"not_picked":["Malaise","Predator"],"picked":"Flying Knee","floor":6},{"not_picked":["Slice","Dodge and Roll"],"picked":"Sucker Punch","floor":10},{"not_picked":["Footwork","Reflex"],"picked":"Prepared","floor":11},{"not_picked":["Dagger Throw","Skewer"],"picked":"Underhanded Strike","floor":12},{"not_picked":["Skewer","Quick Slash","Flying Knee"],"picked":"SKIP","floor":14},{"not_picked":["Malaise","Glass Knife"],"picked":"Adrenaline","floor":16},{"not_picked":["Flying Knee","Concentrate+1"],"picked":"Acrobatics","floor":18},{"not_picked":["Crippling Poison","Dodge and Roll","Concentrate+1"],"picked":"SKIP","floor":20},{"not_picked":["All Out Attack","Sucker Punch","Dodge and Roll"],"picked":"SKIP","floor":21}],"player_experience":915638,"relics_obtained":[{"floor":6,"key":"Shuriken"},{"floor":9,"key":"Lantern"},{"floor":10,"key":"Meat on the Bone"}],"event_choices":[{"damage_healed":0,"gold_gain":0,"player_choice":"Lose Max HP","damage_taken":0,"relics_obtained":["Golden Idol"],"max_hp_gain":0,"max_hp_loss":6,"event_name":"Golden Idol","floor":3,"gold_loss":0},{"damage_healed":0,"gold_gain":0,"player_choice":"Ignored","damage_taken":0,"max_hp_gain":0,"max_hp_loss":0,"event_name":"Shining Light","floor":4,"gold_loss":0},{"damage_healed":0,"gold_gain":0,"player_choice":"Got Potions","damage_taken":0,"max_hp_gain":0,"max_hp_loss":0,"event_name":"Lab","floor":8,"gold_loss":0}],"is_beta":false,"boss_relics":[{"not_picked":["Empty Cage","HoveringKite"],"picked":"WristBlade"}],"items_purged_floors":[2,19],"is_endless":false,"potions_floor_spawned":[10,12,14,21],"killed_by":"Chosen and Byrds","ascension_level":20}}