{"host":"v54ek091sdz7ha6h","time":1610916669,"event":{"mods":["BaseMod","Better Vampires","Colored Map","Colored Powertips","Custom Start","DeckTracker","Highlight Path","KOR Keyword Fix","Minty Spire (QoL Compilation)","Rare Cards Sparkle","Relic Stats","StSLib","SuperFastMode","everything is the same but u backflip on backflip","slay the spire mod where everything is the same but ironclad has a cowboy hat"],"gold_per_floor":[364,439,11,11,11,11,25,25,25,25,40,40,50,65,65,142,142,97,107,107,107,107,107],"floor_reached":22,"language":"KOR","playtime":343,"items_purged":["Defend_G"],"score":348,"play_id":"2e04e4e3-a125-4642-859d-95583c6142fe","local_time":"20210118055109","is_ascension_mode":true,"campfire_choices":[{"data":"Dagger Spray","floor":6.0,"key":"SMITH"},{"data":"Neutralize","floor":8.0,"key":"SMITH"},{"floor":10.0,"key":"RECALL"},{"data":"Adrenaline","floor":12.0,"key":"SMITH"},{"data":"Deadly Poison","floor":15.0,"key":"SMITH"}],"circlet_count":0,"master_deck":["AscendersBane","Strike_G","Strike_G","Strike_G","Defend_G","Defend_G","Defend_G","Defend_G","Survivor","Neutralize+1","Flying Knee","Dagger Spray+1","Adrenaline+1","Deadly Poison+1","Accuracy","After Image","Escape Plan","Prepared","Decay"],"relics":["Ring of the Snake","TungstenRod","Question Card","HoveringKite"],"acts_visited":["Exordium","TheCity"],"potions_floor_usage":[18],"damage_taken":[{"damage":1.0,"enemies":"Cultist","floor":1.0,"turns":4.0},{"damage":0.0,"enemies":"Jaw Worm","floor":7.0,"turns":3.0},{"damage":3.0,"enemies":"2 Louse","floor":11.0,"turns":2.0},{"damage":0.0,"enemies":"2 Fungi Beasts","floor":13.0,"turns":3.0},{"damage":0.0,"enemies":"Lots of Slimes","floor":14.0,"turns":1.0},{"damage":22.0,"enemies":"The Guardian","floor":16.0,"turns":12.0},{"damage":24,"enemies":"2 Thieves","floor":18,"turns":5},{"damage":22,"enemies":"Chosen","floor":19,"turns":6},{"damage":12,"enemies":"Snake Plant","floor":22,"turns":2}],"seed_played":"7353530168769623785","potions_obtained":[{"floor":11.0,"key":"Swift Potion"}],"is_trial":false,"path_per_floor":["M","?","$","?","?","R","M","R","T","R","M","R","M","M","R","B",null,"M","M","?","?","M"],"character_chosen":"THE_SILENT","items_purchased":["TungstenRod","Dagger Spray"],"campfire_rested":0,"item_purchase_floors":[3,3],"current_hp_per_floor":[58,47,47,41,46,46,46,46,46,46,43,43,43,43,43,21,54,30,8,8,8,0,0],"gold":107,"neow_bonus":"TWO_FIFTY_GOLD","is_daily":false,"chose_seed":false,"campfire_upgraded":4,"win_rate":0.0,"timestamp":1610916669,"path_taken":["M","?","$","?","?","R","M","R","T","R","M","R","M","M","R","BOSS","M","M","?","?","M"],"items_purchased_type":["Relic","Card"],"build_version":"2020-12-22","purchased_purges":1,"victory":false,"max_hp_per_floor":[60,60,60,60,65,65,65,65,65,65,65,65,65,65,65,65,65,65,65,65,65,65,65],"relic_stats":{"counters":[9,38],"HoveringKite":[2],"Question Card":6,"obtain_stats":[{"HoveringKite":17,"Question Card":9,"TungstenRod":3,"Ring of the Snake":0},{"HoveringKite":6,"Question Card":2,"TungstenRod":1,"Ring of the Snake":0},{"HoveringKite":25,"Question Card":7,"TungstenRod":4,"Ring of the Snake":0}],"TungstenRod":19,"Ring of the Snake":[18]},"card_choices":[{"not_picked":["Infinite Blades","Dodge and Roll"],"picked":"Flying Knee","floor":1.0},{"not_picked":["Heel Hook","Concentrate","Bane"],"picked":"SKIP","floor":7.0},{"not_picked":["Heel Hook","Concentrate","Bane"],"picked":"SKIP","floor":7.0},{"not_picked":["Sucker Punch","Quick Slash","Acrobatics"],"picked":"Adrenaline","floor":11.0},{"not_picked":["Quick Slash","Storm of Steel","Deflect"],"picked":"Deadly Poison","floor":13.0},{"not_picked":["Deadly Poison","PiercingWail","Dagger Spray"],"picked":"Accuracy","floor":14.0},{"not_picked":["Wraith Form v2","Doppelganger","Die Die Die"],"picked":"After Image","floor":16.0},{"not_picked":["Deadly Poison","Escape Plan","Quick Slash","Dagger Spray"],"picked":"SKIP","floor":18},{"not_picked":["Deadly Poison","Quick Slash","Dagger Spray"],"picked":"Escape Plan","floor":18},{"not_picked":["Flying Knee","Dagger Spray","Accuracy+1"],"picked":"Prepared","floor":19}],"player_experience":1456606,"relics_obtained":[{"floor":9.0,"key":"Question Card"}],"event_choices":[{"damage_healed":0.0,"max_hp_gain":0.0,"max_hp_loss":0.0,"gold_gain":75.0,"event_name":"World of Goop","player_choice":"Gather Gold","floor":2.0,"gold_loss":0.0,"damage_taken":11.0},{"cards_removed":["Strike_G"],"damage_healed":0.0,"max_hp_gain":0.0,"max_hp_loss":0.0,"gold_gain":0.0,"event_name":"Golden Wing","player_choice":"Card Removal","floor":4.0,"gold_loss":0.0,"damage_taken":7.0},{"damage_healed":0.0,"max_hp_gain":5.0,"max_hp_loss":0.0,"gold_gain":0.0,"event_name":"Big Fish","player_choice":"Donut","floor":5.0,"gold_loss":0.0,"damage_taken":0.0},{"cards_removed":["Strike_G"],"damage_healed":0,"gold_gain":0,"player_choice":"Elegance","damage_taken":0,"max_hp_gain":0,"max_hp_loss":0,"event_name":"Back to Basics","floor":20,"gold_loss":0},{"damage_healed":0,"gold_gain":0,"player_choice":"Cursed","damage_taken":0,"max_hp_gain":0,"max_hp_loss":0,"event_name":"Wheel of Change","floor":21,"gold_loss":0,"cards_obtained":["Decay"]}],"is_beta":false,"boss_relics":[{"not_picked":["Runic Pyramid","Ectoplasm"],"picked":"HoveringKite"}],"items_purged_floors":[3],"is_endless":false,"potions_floor_spawned":[11,16],"killed_by":"Snake Plant","ascension_level":20}}