{"host":"7sraw4slf3fv6bnj","time":1610900195,"event":{"mods":["BaseMod","Downfall","Jorbs\u0027s Wanderer Trilogy","Marisa????????","Minty Spire (QoL Compilation)","Shop Mod","StSLib","The Cursed"],"gold_per_floor":[111,130,130,130,130,459,459,494,494,506,506,539,539,564,564,664,664,677,691,691,691,377,377,408,426,426,452,468,493,493,502,502,606,606,626,635,635,648,145,172,172,206,230,0,0,13,39,51,51,51,51,51,51,76,76],"floor_reached":56,"language":"SPA","playtime":2759,"items_purged":[],"score":1678,"play_id":"e875a5b0-60e9-478e-885a-3a300bec8619","local_time":"20210117121635","is_ascension_mode":true,"campfire_choices":[{"floor":11,"key":"RECALL"},{"floor":15,"key":"REST"},{"data":"Spot Weakness","floor":23,"key":"SMITH"},{"floor":30,"key":"REST"},{"data":"J.A.X.","floor":32,"key":"SMITH"},{"data":"Offering","floor":41,"key":"SMITH"},{"floor":49,"key":"REST"},{"floor":52,"key":"REST"}],"circlet_count":0,"master_deck":["Inflame+1","Inflame+1","Inflame+1","Inflame+1","Inflame+1","Limit Break+1","Limit Break+1","Offering+1","Feed+1","Feed+1","Feed+1","Feed+1","Offering+1","Spot Weakness+1","J.A.X.+1","Feed+1","Offering+1"],"relics":["Burning Blood","Lantern","Philosopher\u0027s Stone","Old Coin","Lantern","Meat on the Bone","War Paint","Sozu","Regal Pillow","Toy Ornithopter","CeramicFish","Mercury Hourglass","HornCleat","Ginger","Mark of Pain","Membership Card","Bottled Tornado","Magic Flower","The Courier","Kunai","Strawberry","Red Mask","Letter Opener","Happy Flower"],"acts_visited":["Exordium","TheCity","TheBeyond","TheEnding"],"potions_floor_usage":[],"damage_taken":[{"damage":6,"enemies":"Jaw Worm","floor":1,"turns":1},{"damage":0,"enemies":"2 Louse","floor":2,"turns":1},{"damage":12,"enemies":"Lagavulin","floor":6,"turns":2},{"damage":22,"enemies":"3 Sentries","floor":8,"turns":2},{"damage":0,"enemies":"Small Slimes","floor":10,"turns":1},{"damage":12,"enemies":"Lagavulin","floor":12,"turns":1},{"damage":12,"enemies":"3 Sentries","floor":14,"turns":1},{"damage":12,"enemies":"Hexaghost","floor":16,"turns":2},{"damage":46,"enemies":"Chosen","floor":18,"turns":5},{"damage":34,"enemies":"2 Thieves","floor":19,"turns":2},{"damage":26,"enemies":"Book of Stabbing","floor":24,"turns":2},{"damage":12,"enemies":"Snake Plant","floor":25,"turns":2},{"damage":12,"enemies":"Slavers","floor":27,"turns":1},{"damage":34,"enemies":"Centurion and Healer","floor":28,"turns":3},{"damage":28,"enemies":"Book of Stabbing","floor":29,"turns":3},{"damage":35,"enemies":"Champ","floor":33,"turns":2},{"damage":21,"enemies":"3 Shapes","floor":35,"turns":1},{"damage":23,"enemies":"3 Darklings","floor":38,"turns":2},{"damage":24,"enemies":"Giant Head","floor":40,"turns":2},{"damage":24,"enemies":"Reptomancer","floor":42,"turns":2},{"damage":18,"enemies":"Sphere and 2 Shapes","floor":46,"turns":2},{"damage":22,"enemies":"Nemesis","floor":47,"turns":3},{"damage":36,"enemies":"Maw","floor":48,"turns":3},{"damage":71,"enemies":"Awakened One","floor":50,"turns":4},{"damage":36,"enemies":"Shield and Spear","floor":54,"turns":2},{"damage":192,"enemies":"The Heart","floor":55,"turns":6}],"seed_played":"5447771926678945817","potions_obtained":[{"floor":1,"key":"SpeedPotion"},{"floor":14,"key":"Swift Potion"}],"is_trial":false,"path_per_floor":["M","M","?","$","?","E","$","E","T","M","R","E","?","E","R","B",null,"M","M","?","?","$","R","E","M","T","E","M","E","R","?","R","B",null,"M","?","?","M","$","E","R","E","T","?","?","M","E","M","R","B",null,"R","$","E","B",null],"character_chosen":"IRONCLAD","items_purchased":["Regal Pillow","Toy Ornithopter","Membership Card","Bottled Tornado","Magic Flower","Offering"],"campfire_rested":4,"item_purchase_floors":[22,22,39,39,39,39],"current_hp_per_floor":[92,100,100,100,100,98,98,94,94,108,108,106,128,134,140,138,144,108,88,88,54,54,54,50,60,60,78,70,64,136,136,136,111,197,194,194,194,181,181,172,172,163,170,170,170,179,172,151,237,193,250,250,250,235,76],"gold":76,"neow_bonus":"TEN_PERCENT_HP_BONUS","is_daily":false,"chose_seed":false,"campfire_upgraded":3,"win_rate":0.0,"timestamp":1610900195,"path_taken":["M","M","?","$","?","E","$","E","T","M","R","E","?","E","R","BOSS","M","?","?","?","$","R","E","M","T","E","M","E","R","?","R","BOSS","M","?","?","M","$","E","R","E","T","?","?","M","E","?","R","BOSS","R","$","E","BOSS"],"items_purchased_type":["Relic","Relic","Relic","Relic","Relic","Card"],"build_version":"2020-11-30","purchased_purges":0,"victory":true,"max_hp_per_floor":[92,100,100,100,100,104,104,116,116,124,124,128,128,140,140,144,144,148,156,156,161,161,161,165,169,169,181,189,193,193,193,193,197,197,209,209,199,203,203,207,207,211,218,218,218,230,234,238,238,250,250,250,250,258,262],"card_choices":[{"not_picked":["Combust","Rupture","Wild Strike"],"picked":"SKIP","floor":1},{"not_picked":["Blood for Blood","Anger","Havoc"],"picked":"SKIP","floor":2},{"not_picked":["Body Slam","Rupture","Twin Strike"],"picked":"SKIP","floor":6},{"not_picked":["Body Slam","Rupture","Twin Strike"],"picked":"SKIP","floor":6},{"not_picked":["Heavy Blade","Offering","Shrug It Off"],"picked":"SKIP","floor":8},{"not_picked":["Reckless Charge","Armaments","Pommel Strike"],"picked":"SKIP","floor":10},{"not_picked":["Carnage","Evolve","Pommel Strike"],"picked":"SKIP","floor":12},{"not_picked":["Clothesline","Sever Soul","Warcry"],"picked":"SKIP","floor":14},{"not_picked":["Clash+1","Shockwave"],"picked":"Spot Weakness","floor":18},{"not_picked":["Sentinel","Twin Strike","Perfected Strike"],"picked":"SKIP","floor":19},{"not_picked":["Warcry","Thunderclap","Twin Strike"],"picked":"SKIP","floor":24},{"not_picked":["Flame Barrier","Rage+1","Heavy Blade"],"picked":"SKIP","floor":25},{"not_picked":["Wild Strike","Limit Break","Ghostly Armor"],"picked":"SKIP","floor":27},{"not_picked":["Sword Boomerang","Dark Embrace+1","Bloodletting"],"picked":"SKIP","floor":28},{"not_picked":["Wild Strike","Battle Trance","Perfected Strike"],"picked":"SKIP","floor":29},{"not_picked":["Rampage+1","Shrug It Off","Feel No Pain+1"],"picked":"SKIP","floor":35},{"not_picked":["Wild Strike","Combust","Warcry+1"],"picked":"SKIP","floor":38},{"not_picked":["Sever Soul+1","Berserk","Seeing Red"],"picked":"SKIP","floor":40},{"not_picked":["Ghostly Armor+1","Flex+1","Sever Soul"],"picked":"SKIP","floor":42},{"not_picked":["Shrug It Off+1","Dark Embrace+1","Whirlwind"],"picked":"SKIP","floor":46},{"not_picked":["Rage+1","Shrug It Off+1","Cleave+1"],"picked":"SKIP","floor":47},{"not_picked":["Carnage","Flame Barrier","Twin Strike+1"],"picked":"SKIP","floor":48},{"not_picked":["Rupture","Sentinel","Perfected Strike+1"],"picked":"SKIP","floor":54}],"player_experience":137241,"relics_obtained":[{"floor":6,"key":"Old Coin"},{"floor":8,"key":"Lantern"},{"floor":12,"key":"Meat on the Bone"},{"floor":14,"key":"War Paint"},{"floor":24,"key":"CeramicFish"},{"floor":26,"key":"Mercury Hourglass"},{"floor":27,"key":"HornCleat"},{"floor":29,"key":"Ginger"},{"floor":40,"key":"The Courier"},{"floor":42,"key":"Kunai"},{"floor":43,"key":"Strawberry"},{"floor":47,"key":"Letter Opener"},{"floor":54,"key":"Happy Flower"}],"event_choices":[{"damage_healed":0,"gold_gain":0,"cards_transformed":["Offering"],"player_choice":"Change","damage_taken":0,"max_hp_gain":0,"max_hp_loss":0,"event_name":"Living Wall","floor":3,"gold_loss":0,"cards_obtained":["Demon Form"]},{"damage_healed":0,"gold_gain":0,"player_choice":"Leave","damage_taken":0,"max_hp_gain":0,"max_hp_loss":0,"event_name":"The Cleric","floor":5,"gold_loss":0},{"damage_healed":22,"gold_gain":0,"player_choice":"Full Heal","damage_taken":0,"max_hp_gain":0,"max_hp_loss":0,"event_name":"Wheel of Change","floor":13,"gold_loss":0},{"damage_healed":0,"gold_gain":0,"player_choice":"Ignored","damage_taken":0,"max_hp_gain":0,"max_hp_loss":0,"event_name":"Beggar","floor":20,"gold_loss":0},{"damage_healed":0,"gold_gain":0,"player_choice":"Shed Blood","damage_taken":39,"max_hp_gain":5,"max_hp_loss":0,"event_name":"Forgotten Altar","floor":21,"gold_loss":0},{"damage_healed":0,"gold_gain":0,"player_choice":"Obtain J.A.X.","damage_taken":0,"max_hp_gain":0,"max_hp_loss":0,"event_name":"Drug Dealer","floor":31,"gold_loss":0,"cards_obtained":["J.A.X."]},{"cards_removed":["Feed"],"damage_healed":0,"gold_gain":0,"player_choice":"Removed Attack","damage_taken":0,"max_hp_gain":0,"max_hp_loss":0,"event_name":"Falling","floor":36,"gold_loss":0},{"damage_healed":0,"gold_gain":0,"player_choice":"Max HP","damage_taken":0,"max_hp_gain":0,"max_hp_loss":10,"event_name":"Winding Halls","floor":37,"gold_loss":0},{"damage_healed":0,"gold_gain":0,"player_choice":"Paid","damage_taken":0,"relics_obtained":["Red Mask"],"max_hp_gain":0,"max_hp_loss":0,"event_name":"Tomb of Lord Red Mask","floor":44,"gold_loss":230},{"damage_healed":0,"gold_gain":0,"player_choice":"0 cards matched","damage_taken":0,"max_hp_gain":0,"max_hp_loss":0,"event_name":"Match and Keep!","floor":45,"gold_loss":0,"cards_obtained":[]}],"is_beta":false,"boss_relics":[{"not_picked":["Snecko Eye","Runic Cube"],"picked":"Sozu"},{"not_picked":["Empty Cage","Black Blood"],"picked":"Mark of Pain"}],"items_purged_floors":[],"is_endless":false,"potions_floor_spawned":[1,14,18,24,25,33,38,40,47,48,54],"ascension_level":1}}