{"host":"b3acx0fd85ri4t7i","time":1610857070,"event":{"mods":["BaseMod","Colored Powertips","Minty Spire (QoL Compilation)","Quick Restart","Relic Stats","StSLib","[功能]功能增强和修复MOD"],"gold_per_floor":[110,185,185,203,4,33,43,70,70,104,104,139,29,47,47,125,125,144,144,144,42,42,42],"floor_reached":22,"language":"ZHS","playtime":735,"items_purged":["Strike_B","Blizzard","Strike_B","Strike_B","Defend_B","Defend_B","Zap","Defend_B","Defend_B","Conserve Battery","Writhe","Dualcast","Capacitor","Reboot"],"score":520,"play_id":"afb84950-f2ab-446b-b946-528784b466f3","local_time":"20210117121750","is_ascension_mode":true,"campfire_choices":[{"floor":11,"key":"REST"},{"floor":15,"key":"RECALL"}],"circlet_count":0,"master_deck":["AscendersBane","Ball Lightning","Ball Lightning","Streamline","Leap","Reboot","Self Repair","Capacitor","Amplify","Force Field"],"relics":["Cracked Core","FossilizedHelix","DataDisk","Anchor","The Courier","Cables","InkBottle","Juzu Bracelet","DollysMirror","Inserter","Enchiridion","WingedGreaves","Regal Pillow"],"acts_visited":["Exordium","TheCity"],"potions_floor_usage":[12,12,16,18],"damage_taken":[{"damage":2.0,"enemies":"Jaw Worm","floor":1.0,"turns":3.0},{"damage":0.0,"enemies":"Cultist","floor":4.0,"turns":3.0},{"damage":15.0,"enemies":"3 Sentries","floor":6.0,"turns":5.0},{"damage":0.0,"enemies":"Small Slimes","floor":7.0,"turns":2.0},{"damage":0.0,"enemies":"Gremlin Nob","floor":8.0,"turns":3.0},{"damage":10,"enemies":"3 Sentries","floor":10,"turns":4},{"damage":0,"enemies":"Gremlin Nob","floor":12,"turns":3},{"damage":0,"enemies":"Exordium Wildlife","floor":14,"turns":2},{"damage":54,"enemies":"Slime Boss","floor":16,"turns":8},{"damage":22,"enemies":"2 Thieves","floor":18,"turns":3},{"damage":10,"enemies":"Masked Bandits","floor":22,"turns":2}],"seed_played":"9038913818503042775","potions_obtained":[{"floor":4.0,"key":"FearPotion"},{"floor":7.0,"key":"Regen Potion"},{"floor":8.0,"key":"Dexterity Potion"},{"floor":12,"key":"AttackPotion"},{"floor":12,"key":"FocusPotion"},{"floor":14,"key":"BlessingOfTheForge"},{"floor":18,"key":"FocusPotion"}],"is_trial":false,"path_per_floor":["M","?","?","M","$","E","M","E","T","E","R","E","$","M","R","B",null,"M","?","?","$","?"],"character_chosen":"DEFECT","items_purchased":["DataDisk","Capacitor","Streamline","Conserve Battery","DollysMirror","Self Repair","Force Field","Regal Pillow"],"campfire_rested":1,"item_purchase_floors":[5,5,5,5,13,13,21,21],"current_hp_per_floor":[62,51,51,51,51,36,36,41,41,31,50,50,50,57,57,3,49,27,6,6,6,0,0],"gold":42,"neow_bonus":"ONE_RARE_RELIC","is_daily":false,"chose_seed":false,"campfire_upgraded":0,"win_rate":0.0,"timestamp":1610857070,"path_taken":["M","?","?","?","$","E","?","E","T","E","R","E","$","M","R","BOSS","M","?","?","?","?"],"items_purchased_type":["Relic","Card","Card","Card","Relic","Card","Card","Relic"],"build_version":"2020-12-22","purchased_purges":14,"victory":false,"max_hp_per_floor":[64,64,64,64,64,64,64,64,64,64,64,64,64,64,64,64,64,64,64,64,64,64,64],"relic_stats":{"Regal Pillow":0,"Inserter":[2],"counters":[11,38],"Juzu Bracelet":1,"obtain_stats":[{"Regal Pillow":21,"Inserter":17,"Enchiridion":19,"The Courier":8,"Juzu Bracelet":12,"Cables":9,"DataDisk":5,"Anchor":6,"DollysMirror":13,"WingedGreaves":20,"Cracked Core":0,"FossilizedHelix":0,"InkBottle":10},{"Regal Pillow":10,"Inserter":9,"Enchiridion":10,"The Courier":5,"Juzu Bracelet":7,"Cables":5,"DataDisk":2,"Anchor":3,"DollysMirror":7,"WingedGreaves":10,"Cracked Core":0,"FossilizedHelix":0,"InkBottle":6},{"Regal Pillow":36,"Inserter":33,"Enchiridion":36,"The Courier":16,"Juzu Bracelet":23,"Cables":16,"DataDisk":6,"Anchor":11,"DollysMirror":23,"WingedGreaves":36,"Cracked Core":0,"FossilizedHelix":0,"InkBottle":20}],"InkBottle":[5],"Cables":[20,20,0,0,0]},"card_choices":[{"not_picked":["Chill","Stack"],"picked":"Ball Lightning","floor":1.0},{"not_picked":["Hologram","Gash"],"picked":"Ball Lightning","floor":4.0},{"not_picked":["Fusion","Stack"],"picked":"Reboot","floor":6.0},{"not_picked":["Cold Snap","Conserve Battery","White Noise"],"picked":"SKIP","floor":7.0},{"not_picked":["Conserve Battery","Scrape"],"picked":"Leap","floor":8.0},{"not_picked":["Sweeping Beam","Barrage","Gash"],"picked":"SKIP","floor":10},{"not_picked":["Redo","Coolheaded","Double Energy"],"picked":"SKIP","floor":12},{"not_picked":["Gash","Cold Snap"],"picked":"Capacitor","floor":14},{"not_picked":["Rainbow","Multi-Cast"],"picked":"Amplify","floor":16},{"not_picked":["Rip and Tear","Undo","Steam"],"picked":"SKIP","floor":18}],"player_experience":308866,"relics_obtained":[{"floor":6.0,"key":"Anchor"},{"floor":8.0,"key":"The Courier"},{"floor":9.0,"key":"Cables"},{"floor":10,"key":"InkBottle"},{"floor":12,"key":"Juzu Bracelet"},{"floor":19,"key":"Enchiridion"}],"event_choices":[{"damage_healed":0.0,"max_hp_gain":0.0,"max_hp_loss":0.0,"gold_gain":75.0,"event_name":"World of Goop","player_choice":"Gather Gold","floor":2.0,"gold_loss":0.0,"damage_taken":11.0},{"damage_healed":0.0,"max_hp_gain":0.0,"max_hp_loss":0.0,"gold_gain":0.0,"cards_transformed":["Strike_B"],"event_name":"Transmorgrifier","player_choice":"Transformed","floor":3.0,"gold_loss":0.0,"damage_taken":0.0,"cards_obtained":["Blizzard"]},{"damage_healed":0,"gold_gain":0,"player_choice":"Obtained Book","damage_taken":21,"max_hp_gain":0,"max_hp_loss":0,"event_name":"Cursed Tome","floor":19,"gold_loss":0},{"damage_healed":0,"gold_gain":0,"player_choice":"Opened","damage_taken":0,"relics_obtained":["WingedGreaves"],"max_hp_gain":0,"max_hp_loss":0,"event_name":"The Mausoleum","floor":20,"gold_loss":0,"cards_obtained":["Writhe"]},{"damage_healed":0,"gold_gain":0,"player_choice":"Fought Bandits","damage_taken":0,"max_hp_gain":0,"max_hp_loss":0,"event_name":"Masked Bandits","floor":22,"gold_loss":0}],"is_beta":false,"boss_relics":[{"not_picked":["Snecko Eye","Busted Crown"],"picked":"Inserter"}],"items_purged_floors":[5,5,5,5,5,5,5,13,13,13,21,21,21,21],"is_endless":false,"potions_floor_spawned":[4,7,8,12,12,14,18],"killed_by":"Masked Bandits","ascension_level":20}}