{"host":"fghh6uc8siqeqraf","time":1610894491,"event":{"mods":["AchievementEnabler","BaseMod","Colored Powertips","Googly Eyes","Hermit","Jorbs\u0027s Wanderer Trilogy","Lobotomy","Marisa£®ÏF”Í°°ƒß¿Ì…≥£©","Minty Spire (QoL Compilation)","Quick Restart","Replay The Spire","Shop Mod","StSLib","The Bug Knight","The Cursed","The Hierophant","The Servant 0.9.4"],"gold_per_floor":[119,139,64,64,79,111,111,138,213,224,224,244,144,419,419,517,517,535,263,279,204,224,252,252,271,271,301,313,313,332,35,35,133,133,146,92,102,152,164,195,207,207,232,57,89,89,0,35,35,35],"floor_reached":51,"language":"ZHS","playtime":4976,"items_purged":["Strike_R","Defend_R","Strike_R","Defend_R","Strike_R"],"score":849,"play_id":"71a72d65-fdd8-4def-8a5e-75aadbc28ce0","local_time":"20210117224131","is_ascension_mode":true,"campfire_choices":[{"data":"Apotheosis","floor":7.0,"key":"SMITH"},{"floor":15.0,"key":"RECALL"},{"data":"Offering","floor":24.0,"key":"SMITH"},{"data":"True Grit","floor":24.0,"key":"SMITH"},{"data":"Battle Trance","floor":32.0,"key":"SMITH"},{"data":"Demon Form","floor":32.0,"key":"SMITH"},{"data":"Dual Wield","floor":42,"key":"SMITH"},{"data":"Inflame","floor":42,"key":"SMITH"},{"data":"Shrug It Off","floor":46,"key":"SMITH"},{"data":"Shrug It Off","floor":46,"key":"SMITH"},{"data":"Whirlwind","floor":49,"key":"SMITH"},{"data":"Shockwave","floor":49,"key":"SMITH"}],"circlet_count":0,"master_deck":["Strike_R","Bash","Apotheosis+1","Shrug It Off","Pommel Strike","ReplayTheSpireMod:Stacked","Dropkick","Shockwave+1","Shrug It Off+1","Offering+1","Whirlwind+1","Inflame+1","Battle Trance+1","ReplayTheSpireMod:LeadingStrike+1","True Grit+1","Metallicize+1","Body Slam","Demon Form+1","Offering+1","Ghostly Armor+1","Shrug It Off+1","Heavy Blade+1","Dual Wield+1"],"relics":["Burning Blood","Mirror","FossilizedHelix","Replay:Rubber Ducky","HollowMod:LifeEnderRelic","Empty Cage","Replay:Arrowhead","White Beast Statue","Lantern","MerchantsRug","Painkiller Herb","Bird Faced Urn","Letter Opener","Replay:Baseball","Chameleon Ring","Red Mask","Replay:WaspNest"],"acts_visited":["Exordium","TheCity","TheBeyond"],"potions_floor_usage":[50,50,51],"damage_taken":[{"damage":1.0,"enemies":"Cultist","floor":1.0,"turns":4.0},{"damage":3.0,"enemies":"2 Louse","floor":2.0,"turns":3.0},{"damage":3.0,"enemies":"Small Slimes","floor":5.0,"turns":4.0},{"damage":5.0,"enemies":"Lagavulin","floor":6.0,"turns":7.0},{"damage":0.0,"enemies":"Gremlin Nob","floor":8.0,"turns":4.0},{"damage":14.0,"enemies":"Exordium Thugs","floor":10.0,"turns":5.0},{"damage":2.0,"enemies":"Looter","floor":12.0,"turns":4.0},{"damage":32.0,"enemies":"The Guardian","floor":16.0,"turns":13.0},{"damage":3.0,"enemies":"3 Byrds","floor":18.0,"turns":7.0},{"damage":6.0,"enemies":"2 Thieves","floor":20.0,"turns":3.0},{"damage":4.0,"enemies":"Snake Plant","floor":22.0,"turns":3.0},{"damage":7.0,"enemies":"Book of Stabbing","floor":23.0,"turns":5.0},{"damage":0.0,"enemies":"Snecko","floor":25.0,"turns":4.0},{"damage":13.0,"enemies":"Slavers","floor":27.0,"turns":6.0},{"damage":0.0,"enemies":"Cultist and Chosen","floor":28.0,"turns":4.0},{"damage":6.0,"enemies":"Snake Plant","floor":30.0,"turns":5.0},{"damage":6.0,"enemies":"Champ","floor":33.0,"turns":7.0},{"damage":0,"enemies":"3 Shapes","floor":35,"turns":4},{"damage":6,"enemies":"3 Darklings","floor":37,"turns":3},{"damage":14,"enemies":"2 Orb Walkers","floor":38,"turns":3},{"damage":6,"enemies":"Maw","floor":39,"turns":5},{"damage":6,"enemies":"Reptomancer","floor":40,"turns":5},{"damage":0,"enemies":"Spire Growth","floor":41,"turns":4},{"damage":6,"enemies":"Nemesis","floor":45,"turns":7},{"damage":6,"enemies":"Reptomancer","floor":48,"turns":4},{"damage":16,"enemies":"Replay:Hell Engine","floor":50,"turns":2},{"damage":16,"enemies":"Malkuth","floor":51,"turns":8},{"damage":19,"enemies":"Netzach","floor":51,"turns":7}],"seed_played":"-5529069041527597557","potions_obtained":[{"floor":2.0,"key":"Swift Potion"},{"floor":10.0,"key":"Elixir"},{"floor":12.0,"key":"Swift Potion"},{"floor":18.0,"key":"Fruit Juice"},{"floor":25.0,"key":"Death Potion"},{"floor":27.0,"key":"EssenceOfSteel"},{"floor":41,"key":"Energy Potion"}],"is_trial":false,"path_per_floor":["M","M","$","T","M","E","R","E","T","M","?","M","$","?","R","B",null,"M","$","M","?","M","E","R","M","T","E","M","?","M","$","R","B",null,"?","T","?","?","?","E","?","T","T","T","E","T","?","E","T","B",null],"character_chosen":"IRONCLAD","items_purchased":["Whirlwind","Inflame","MerchantsRug","Shrug It Off"],"campfire_rested":0,"item_purchase_floors":[19,19,31,36],"current_hp_per_floor":[72,72,72,72,72,72,72,72,72,64,64,68,68,68,68,42,72,77,77,77,77,77,76,76,77,77,70,76,76,76,76,76,76,77,77,77,77,69,73,77,77,77,77,77,77,77,77,77,77,69],"gold":35,"neow_bonus":"RANDOM_COLORLESS_2","is_daily":false,"chose_seed":false,"campfire_upgraded":11,"win_rate":0.0,"timestamp":1610894491,"path_taken":["M","M","$","?","?","E","R","E","T","M","?","M","$","?","R","BOSS","M","$","M","?","M","E","R","M","T","E","M","?","M","$","R","BOSS","?","T","?","?","?","E","?","T","T","T","E","T","?","E","T","BOSS"],"items_purchased_type":["Card","Card","Relic","Card"],"build_version":"2020-12-22","purchased_purges":5,"victory":true,"max_hp_per_floor":[72,72,72,72,72,72,72,72,72,72,72,72,72,72,72,72,72,77,77,77,77,77,77,77,77,77,77,77,77,77,77,77,77,77,77,77,77,77,77,77,77,77,77,77,77,77,77,77,77,77],"card_choices":[{"not_picked":["Thinking Ahead","Violence"],"picked":"Apotheosis","floor":0.0},{"not_picked":["Replay:Undeath\u0027s Touch","Thunderclap"],"picked":"Shrug It Off","floor":1.0},{"not_picked":["Havoc","Perfected Strike"],"picked":"Pommel Strike","floor":2.0},{"not_picked":["ReplayReversal","ReplayTheSpireMod:Strike From Hell"],"picked":"ReplayTheSpireMod:Stacked","floor":5.0},{"not_picked":["Flex","Anger"],"picked":"Dropkick","floor":6.0},{"not_picked":["Heavy Blade","Dropkick"],"picked":"Shockwave","floor":8.0},{"not_picked":["Limit Break","Defy Death"],"picked":"Shrug It Off","floor":10.0},{"not_picked":["Reckless Charge","Shrug It Off","ReplayTheSpireMod:Strike From Hell"],"picked":"SKIP","floor":12.0},{"not_picked":["Demonic Infusion","Bludgeon"],"picked":"Offering","floor":16.0},{"not_picked":["Replay:Undeath\u0027s Touch","ReplayTheSpireMod:Limb From Limb","Headbutt"],"picked":"SKIP","floor":18.0},{"not_picked":["Clash","Twin Strike"],"picked":"Battle Trance","floor":20.0},{"not_picked":["Run Through","ReplayTheSpireMod:Strike From Hell"],"picked":"ReplayTheSpireMod:LeadingStrike+1","floor":22.0},{"not_picked":["Body Slam","Bloodletting"],"picked":"True Grit","floor":23.0},{"not_picked":["Flex+1","Power Through"],"picked":"Metallicize+1","floor":25.0},{"not_picked":["Cleave","Run Through"],"picked":"Body Slam","floor":27.0},{"not_picked":["Pommel Strike","Evolve"],"picked":"Demon Form","floor":28.0},{"not_picked":["Perfected Strike","Clash"],"picked":"Ghostly Armor+1","floor":30.0},{"not_picked":["Rampage+1","Thunderclap+1","Body Slam+1"],"picked":"SKIP","floor":35},{"not_picked":["Wild Strike","Shockwave+1"],"picked":"Heavy Blade+1","floor":37},{"not_picked":["Disarm","Shockwave","Headbutt+1"],"picked":"SKIP","floor":39},{"not_picked":["Evolve","Warcry+1"],"picked":"Dual Wield","floor":40},{"not_picked":["Perfected Strike","Shrug It Off+1","Twin Strike"],"picked":"SKIP","floor":41},{"not_picked":["True Grit","Sword Boomerang+1","Thunderclap"],"picked":"SKIP","floor":45},{"not_picked":["Headbutt","Heavy Blade","Dark Embrace"],"picked":"SKIP","floor":48}],"player_experience":84949,"relics_obtained":[{"floor":4.0,"key":"Mirror"},{"floor":6.0,"key":"FossilizedHelix"},{"floor":8.0,"key":"Replay:Rubber Ducky"},{"floor":9.0,"key":"HollowMod:LifeEnderRelic"},{"floor":23.0,"key":"Replay:Arrowhead"},{"floor":26.0,"key":"White Beast Statue"},{"floor":27.0,"key":"Lantern"},{"floor":38,"key":"Bird Faced Urn"},{"floor":40,"key":"Letter Opener"},{"floor":43,"key":"Replay:Baseball"},{"floor":45,"key":"Chameleon Ring"},{"floor":48,"key":"Replay:WaspNest"}],"event_choices":[{"cards_removed":["Defend_R"],"damage_healed":0.0,"max_hp_gain":0.0,"max_hp_loss":0.0,"gold_gain":0.0,"event_name":"Living Wall","player_choice":"Forget","floor":11.0,"gold_loss":0.0,"damage_taken":0.0},{"damage_healed":0.0,"max_hp_gain":0.0,"max_hp_loss":0.0,"gold_gain":275.0,"event_name":"Golden Shrine","player_choice":"Desecrate","floor":14.0,"gold_loss":0.0,"damage_taken":0.0,"cards_obtained":["Regret"]},{"cards_removed":["Defend_R"],"damage_healed":0.0,"max_hp_gain":0.0,"max_hp_loss":0.0,"gold_gain":0.0,"event_name":"Beggar","player_choice":"Gave Gold","floor":21.0,"gold_loss":75.0,"damage_taken":0.0},{"damage_healed":0.0,"max_hp_gain":0.0,"max_hp_loss":0.0,"gold_gain":0.0,"event_name":"Duplicator","player_choice":"Copied","floor":29.0,"gold_loss":0.0,"damage_taken":0.0,"cards_obtained":["Offering"]},{"damage_healed":0,"gold_gain":0,"player_choice":"Fight","damage_taken":0,"max_hp_gain":0,"max_hp_loss":0,"event_name":"Mysterious Sphere","floor":38,"gold_loss":0},{"damage_healed":0,"gold_gain":0,"player_choice":"Paid","damage_taken":0,"relics_obtained":["Red Mask"],"max_hp_gain":0,"max_hp_loss":0,"event_name":"Tomb of Lord Red Mask","floor":47,"gold_loss":89}],"is_beta":false,"boss_relics":[{"not_picked":["Tiny House","Kintsugi"],"picked":"Empty Cage"},{"not_picked":["ReplayTheSpireMod:DimensionalGlitch","Replay:Wanted Poster"],"picked":"Painkiller Herb"}],"items_purged_floors":[3,13,19,31,44],"is_endless":false,"potions_floor_spawned":[2,10,12,18,25,27,28,30,33,35,37,38,39,40,41,45,48,51,51],"ascension_level":1}}