{"host":"rl5ku05escnl5kxo","time":1610918719,"event":{"mods":["Act Like it!","BaseMod","Minty Spire (QoL Compilation)","StSLib","The Bug Knight"],"gold_per_floor":[116,135,153,164,183,183,183,183,236,236,119,16,34,34,34,137,137,148,158,158,158],"floor_reached":20,"language":"ENG","playtime":1176,"items_purged":[],"score":216,"play_id":"bf00e134-fbfc-4369-944d-468bcd543144","local_time":"20210117132519","is_ascension_mode":false,"campfire_choices":[{"floor":6,"key":"REST"},{"data":"HollowMod:Weaversong","floor":8,"key":"SMITH"},{"data":"HollowMod:DescendingDark","floor":10,"key":"SMITH"},{"data":"HollowMod:PerfectDash","floor":15,"key":"SMITH"}],"circlet_count":0,"master_deck":["HollowMod:NailStrikeStart","HollowMod:NailStrikeStart","HollowMod:NailStrikeStart","HollowMod:NailStrikeStart","HollowMod:QuickDashStart","HollowMod:QuickDashStart","HollowMod:QuickDashStart","HollowMod:FocusHealStart","HollowMod:PogoStrike","HollowMod:DescendingDark+1","HollowMod:CycloneSlash","HollowMod:GreatSlash","HollowMod:Weaversong+1","HollowMod:AbyssShriek","HollowMod:VengefulVoid","HollowMod:PerfectDash+1","HollowMod:WraithStrike","HollowMod:QuirrelsAssistance","Defend_G","HollowMod:SlysStrikes","HollowMod:WraithStrike","HollowMod:GoodIntentions+1"],"relics":["HollowMod:VesselMask","Nunchaku","Runic Pyramid"],"acts_visited":["Exordium","TheCity"],"potions_floor_usage":[],"damage_taken":[{"damage":1,"enemies":"Cultist","floor":1,"turns":3},{"damage":0,"enemies":"Small Slimes","floor":2,"turns":2},{"damage":6,"enemies":"2 Louse","floor":3,"turns":2},{"damage":12,"enemies":"Blue Slaver","floor":4,"turns":2},{"damage":13,"enemies":"Red Slaver","floor":5,"turns":3},{"damage":0,"enemies":"3 Louse","floor":13,"turns":1},{"damage":0,"enemies":"Slime Boss","floor":16,"turns":6},{"damage":30,"enemies":"3 Byrds","floor":18,"turns":5},{"damage":36,"enemies":"HollowMod:HuskSentry","floor":19,"turns":4},{"damage":27,"enemies":"Shelled Parasite and Fungi","floor":20,"turns":2}],"seed_played":"7815747960357875532","potions_obtained":[{"floor":1,"key":"SpeedPotion"},{"floor":5,"key":"SneckoOil"},{"floor":13,"key":"Block Potion"},{"floor":18,"key":"EssenceOfSteel"}],"is_trial":false,"path_per_floor":["M","M","M","M","M","R","?","R","T","R","$","$","M","?","R","B",null,"M","M","M"],"character_chosen":"THE_BUGKNIGHT","items_purchased":["HollowMod:AbyssShriek","HollowMod:VengefulVoid","HollowMod:PerfectDash","HollowMod:WraithStrike"],"campfire_rested":1,"item_purchase_floors":[11,11,12,12],"current_hp_per_floor":[81,81,75,63,50,74,82,82,82,82,82,82,82,82,82,82,82,52,16,0,0],"gold":158,"neow_bonus":"TEN_PERCENT_HP_BONUS","is_daily":false,"chose_seed":false,"campfire_upgraded":3,"win_rate":0.0,"timestamp":1610918719,"path_taken":["M","M","M","M","M","R","?","R","T","R","?","$","M","?","R","BOSS","M","M","M"],"items_purchased_type":["Card","Card","Card","Card"],"build_version":"2020-12-22","purchased_purges":0,"victory":false,"max_hp_per_floor":[82,82,82,82,82,82,82,82,82,82,82,82,82,82,82,82,82,82,82,82,82],"card_choices":[{"not_picked":["HollowMod:DreamGate","HollowMod:LifebloodCocoon"],"picked":"HollowMod:DescendingDark","floor":1},{"not_picked":["HollowMod:SoulStrike","HollowMod:DashSlash"],"picked":"HollowMod:CycloneSlash","floor":2},{"not_picked":["HollowMod:TaintedHusks","HollowMod:CycloneSlash"],"picked":"HollowMod:GreatSlash","floor":3},{"not_picked":["HollowMod:NewJinnsSoul","HollowMod:ShadowDash"],"picked":"HollowMod:LuriensSpire","floor":4},{"not_picked":["HollowMod:NewJinnsSoul","HollowMod:DoubleDash"],"picked":"HollowMod:Weaversong","floor":5},{"not_picked":["HollowMod:LifebloodCocoon","HollowMod:WraithStrike"],"picked":"HollowMod:QuirrelsAssistance","floor":13},{"not_picked":["HollowMod:HerrahsAnger","HollowMod:VoidDash"],"picked":"HollowMod:SlysStrikes","floor":16},{"not_picked":["HollowMod:SoulSplash","HollowMod:ShadowDash"],"picked":"HollowMod:WraithStrike","floor":18},{"not_picked":["HollowMod:SoulSplash","HollowMod:ShadowDash"],"picked":"HollowMod:GoodIntentions+1","floor":19}],"player_experience":439810,"relics_obtained":[{"floor":9,"key":"Nunchaku"}],"event_choices":[{"cards_removed":["HollowMod:LuriensSpire"],"damage_healed":8,"gold_gain":0,"player_choice":"Offered Uncommon","damage_taken":0,"max_hp_gain":0,"max_hp_loss":0,"event_name":"Bonfire Elementals","floor":7,"gold_loss":0},{"cards_removed":["HollowMod:QuickDashStart"],"damage_healed":0,"gold_gain":0,"player_choice":"Took Card","damage_taken":0,"max_hp_gain":0,"max_hp_loss":0,"event_name":"NoteForYourself","floor":14,"gold_loss":0,"cards_obtained":["Defend_G"]}],"is_beta":false,"boss_relics":[{"not_picked":["Tiny House","Runic Dome"],"picked":"Runic Pyramid"}],"items_purged_floors":[],"is_endless":false,"potions_floor_spawned":[1,5,13,18],"killed_by":"Shelled Parasite and Fungi","ascension_level":0}}