{"host":"r9uivonio18rfam2","time":1610906660,"event":{"mods":["2.2 Compatiblity","AchievementEnabler","Act Like it!","Aspiration","BaseMod","Beaked The Cultist","Better Altar","Better Match","Better Note","Better Sensory Stone","Better Skull","Better Third Choice","BetterRewards","Challenge The Spire","Colored Map","Colored Powertips","Conspire","Downfall","Elementarium","Energized Spire","Hermit","Infinite Spire","Jedi Mod","Minty Spire (QoL Compilation)","Permanent Neow","Potionbrewer","Quick Restart","Shop Mod","Spikes Relics","StSLib","The Blue Laboratory","The Jungle","Wandering Minibosses","vexMod"],"gold_per_floor":[99,116,128,128,38,49,49,79,79,79,79],"floor_reached":10,"language":"ENG","playtime":411,"items_purged":["Strike_R"],"score":99,"play_id":"70b3beb4-2482-4353-84c0-043e1611299f","local_time":"20210117130420","is_ascension_mode":true,"campfire_choices":[{"data":"Bash","floor":1,"key":"SMITH"}],"circlet_count":0,"master_deck":["AscendersBane","Strike_R","Strike_R","Strike_R","Defend_R","Defend_R","Defend_R","Bash+1","Pummel","Clothesline","Envenom+1","Reaper","Rage","conspire:ExplosiveBarrier","Double Tap"],"relics":["Burning Blood","jedi:arcanewood","infinitespire:PuzzleCube"],"acts_visited":["Exordium"],"potions_floor_usage":[10],"damage_taken":[{"damage":4,"enemies":"conspire:RoseBush","floor":2,"turns":4},{"damage":4,"enemies":"2 Louse","floor":3,"turns":3},{"damage":0,"enemies":"downfall:FleeingMerchant","floor":5,"turns":4},{"damage":7,"enemies":"Cultist","floor":6,"turns":4},{"damage":54,"enemies":"3 Sentries","floor":8,"turns":10},{"damage":11,"enemies":"Lagavulin","floor":10,"turns":3}],"seed_played":"8861925802767415535","potions_obtained":[{"floor":2,"key":"potionbrewer:AcidPotion"},{"floor":8,"key":"blueLaboratory:BottledHope"}],"is_trial":false,"path_per_floor":["R","M","M","?","$","M","T","E","?","E"],"character_chosen":"IRONCLAD","items_purchased":[],"campfire_rested":0,"item_purchase_floors":[],"current_hp_per_floor":[51,53,55,39,45,48,48,12,12,7,7],"gold":79,"neow_bonus":"REMOVE_TWO","is_daily":false,"chose_seed":false,"campfire_upgraded":1,"win_rate":0.0,"timestamp":1610906660,"path_taken":["R","M","M","?","$","M","T","E","?","E"],"items_purchased_type":[],"build_version":"2020-12-22","purchased_purges":1,"victory":false,"max_hp_per_floor":[80,80,80,80,80,80,80,80,80,80,80],"card_choices":[{"not_picked":["Twin Strike","Havoc"],"picked":"Pummel","floor":2},{"not_picked":["Anger","Cleave"],"picked":"Clothesline","floor":3},{"not_picked":["Armaments","Invigoration"],"picked":"Reaper","floor":5},{"not_picked":["Pummel","Headbutt"],"picked":"Rage","floor":6},{"not_picked":["Entrench","Warcry"],"picked":"conspire:ExplosiveBarrier","floor":8}],"player_experience":468367,"relics_obtained":[{"floor":7,"key":"vexMod:ScavengeHelm"},{"floor":8,"key":"infinitespire:PuzzleCube"}],"event_choices":[],"is_beta":false,"boss_relics":[],"items_purged_floors":[5],"is_endless":false,"potions_floor_spawned":[2,8],"killed_by":"Lagavulin","ascension_level":10}}