{"host":"ydg0vn0pu4pubmdt","time":1610925820,"event":{"mods":["AchievementEnabler","BaseMod","Colored Map","Gold Saver","Minty Spire (QoL Compilation)","Quick Restart","SuperFastMode"],"gold_per_floor":[1151,1165,666,685,288,322,334,369,394,394,394,407,440,464,464,576,576,603,37,37,136,136,136,153,195,250,275,95,119,141,68,68,172,172,182,182,7,30,39,39,67,92,160,187,119,119,130,140,140,140],"floor_reached":51,"language":"KOR","playtime":1749,"items_purged":["Strike_G","Strike_G","Strike_G","Defend_G","Defend_G"],"score":1042,"play_id":"015bfe8f-3b9c-443e-a435-16f20f66fbb6","local_time":"20210118082340","is_ascension_mode":true,"campfire_choices":[{"floor":11.0,"key":"REST"},{"data":"Blade Dance","floor":15.0,"key":"SMITH"},{"data":"Blade Dance","floor":23.0,"key":"SMITH"},{"data":"Acrobatics","floor":32.0,"key":"SMITH"},{"data":"Tactician","floor":40,"key":"SMITH"},{"data":"A Thousand Cuts","floor":49,"key":"SMITH"}],"circlet_count":0,"master_deck":["Defend_G+1","Survivor","Neutralize","Dodge and Roll","Dagger Spray","Blade Dance+1","Blade Dance+1","Master of Strategy+1","PiercingWail","Escape Plan","Cloak And Dagger","Cloak And Dagger","Grand Finale","Prepared+1","Accuracy","Finisher","Reflex","Blur","Acrobatics+1","Tactician+1","A Thousand Cuts+1","Tactician+1","Flash of Steel","Concentrate","Backflip+1","Concentrate"],"relics":["Ring of the Snake","Ornamental Fan","Bag of Marbles","War Paint","Eternal Feather","CeramicFish","Happy Flower","Regal Pillow","Gremlin Horn","Empty Cage","Pantograph","Ancient Tea Set","Oddly Smooth Stone","Pocketwatch","Bag of Preparation","Runic Pyramid","Orichalcum"],"acts_visited":["Exordium","TheCity","TheBeyond"],"potions_floor_usage":[35,50],"damage_taken":[{"damage":0.0,"enemies":"2 Louse","floor":1.0,"turns":3.0},{"damage":1.0,"enemies":"Small Slimes","floor":2.0,"turns":3.0},{"damage":2.0,"enemies":"Cultist","floor":4.0,"turns":3.0},{"damage":16.0,"enemies":"Lagavulin","floor":6.0,"turns":7.0},{"damage":0.0,"enemies":"3 Louse","floor":7.0,"turns":1.0},{"damage":9.0,"enemies":"3 Sentries","floor":8.0,"turns":8.0},{"damage":0.0,"enemies":"Exordium Wildlife","floor":12.0,"turns":2.0},{"damage":17.0,"enemies":"Gremlin Nob","floor":13.0,"turns":4.0},{"damage":2.0,"enemies":"Exordium Thugs","floor":14.0,"turns":3.0},{"damage":29.0,"enemies":"Slime Boss","floor":16.0,"turns":9.0},{"damage":9.0,"enemies":"Spheric Guardian","floor":18.0,"turns":4.0},{"damage":0.0,"enemies":"2 Thieves","floor":24.0,"turns":3.0},{"damage":0.0,"enemies":"Gremlin Leader","floor":25.0,"turns":4.0},{"damage":0.0,"enemies":"Centurion and Healer","floor":27.0,"turns":4.0},{"damage":0.0,"enemies":"Chosen and Byrds","floor":29.0,"turns":3.0},{"damage":0.0,"enemies":"Snake Plant","floor":30.0,"turns":1.0},{"damage":48.0,"enemies":"Champ","floor":33.0,"turns":6.0},{"damage":0,"enemies":"3 Darklings","floor":35,"turns":2},{"damage":1,"enemies":"3 Shapes","floor":38,"turns":3},{"damage":0,"enemies":"Spire Growth","floor":41,"turns":2},{"damage":0,"enemies":"Sphere and 2 Shapes","floor":42,"turns":1},{"damage":0,"enemies":"Giant Head","floor":44,"turns":5},{"damage":0,"enemies":"Maw","floor":47,"turns":4},{"damage":0,"enemies":"Jaw Worm Horde","floor":48,"turns":1},{"damage":32,"enemies":"Donu and Deca","floor":50,"turns":5}],"seed_played":"1760484493243018579","potions_obtained":[{"floor":1.0,"key":"SkillPotion"},{"floor":7.0,"key":"SkillPotion"},{"floor":8.0,"key":"Energy Potion"},{"floor":13.0,"key":"EssenceOfSteel"},{"floor":16.0,"key":"Strength Potion"},{"floor":18.0,"key":"Energy Potion"},{"floor":25.0,"key":"DuplicationPotion"},{"floor":30.0,"key":"SteroidPotion"},{"floor":35,"key":"Swift Potion"},{"floor":47,"key":"CultistPotion"}],"is_trial":false,"path_per_floor":["M","M","$","M","$","E","M","E","T","?","R","M","E","M","R","B",null,"M","$","?","?","?","R","M","E","T","M","$","M","M","$","R","B",null,"M","?","$","M","?","R","M","M","T","E","$","?","M","M","R","B",null],"character_chosen":"THE_SILENT","items_purchased":["Ornamental Fan","Master of Strategy","Bag of Marbles","War Paint","Prepared","Pantograph","Ancient Tea Set","Reflex","Tactician","Concentrate"],"campfire_rested":1,"item_purchase_floors":[3,3,5,5,19,19,19,28,31,45],"current_hp_per_floor":[45,44,44,42,42,26,26,17,17,14,59,59,42,40,49,20,58,49,49,49,49,49,58,58,58,58,58,58,58,58,58,70,22,58,58,58,58,57,47,59,59,59,59,59,59,59,59,59,66,34],"gold":140,"neow_bonus":"TRANSFORM_TWO_CARDS","is_daily":false,"chose_seed":false,"campfire_upgraded":5,"win_rate":0.0,"timestamp":1610925820,"path_taken":["M","M","$","M","$","E","M","E","T","?","R","M","E","M","R","BOSS","M","$","?","?","?","R","M","E","T","?","$","M","M","$","R","BOSS","M","?","$","M","?","R","M","?","T","E","$","?","M","M","R","BOSS"],"items_purchased_type":["Relic","Card","Relic","Relic","Card","Relic","Relic","Card","Card","Card"],"build_version":"2020-12-22","purchased_purges":5,"victory":true,"max_hp_per_floor":[70,70,70,70,70,70,70,70,70,70,70,70,70,70,70,70,70,70,70,70,70,70,70,70,70,70,70,70,70,70,70,70,70,70,70,66,66,66,66,66,66,66,66,66,66,66,66,66,66,66],"card_choices":[{"not_picked":["Flechettes","Flying Knee"],"picked":"Blade Dance","floor":1.0},{"not_picked":["Setup","Backflip"],"picked":"Blade Dance","floor":2.0},{"not_picked":["Bane","Dagger Spray"],"picked":"PiercingWail","floor":4.0},{"not_picked":["Bouncing Flask","Storm of Steel"],"picked":"Escape Plan","floor":6.0},{"not_picked":["Deflect","Slice","Terror"],"picked":"SKIP","floor":7.0},{"not_picked":["Tactician","Slice"],"picked":"Cloak And Dagger","floor":8.0},{"not_picked":["Setup","Poisoned Stab","Flechettes"],"picked":"SKIP","floor":12.0},{"not_picked":["Tactician","Dagger Throw","Setup"],"picked":"SKIP","floor":13.0},{"not_picked":["Outmaneuver","Distraction"],"picked":"Cloak And Dagger","floor":14.0},{"not_picked":["Bullet Time","Burst"],"picked":"Grand Finale","floor":16.0},{"not_picked":["Terror+1","Bane"],"picked":"Dagger Throw","floor":18.0},{"not_picked":["Dagger Spray+1","Flying Knee","Dash"],"picked":"SKIP","floor":24.0},{"not_picked":["Bane","Dodge and Roll"],"picked":"Accuracy","floor":25.0},{"not_picked":["Cloak And Dagger","Slice"],"picked":"Finisher","floor":27.0},{"not_picked":["Outmaneuver","Underhanded Strike"],"picked":"Blur","floor":29.0},{"not_picked":["Dagger Throw+1","PiercingWail+1"],"picked":"Acrobatics","floor":30.0},{"not_picked":["Die Die Die","Malaise"],"picked":"A Thousand Cuts","floor":33.0},{"not_picked":["Deflect","Heel Hook","Flechettes"],"picked":"SKIP","floor":35},{"not_picked":["Masterful Stab","Outmaneuver+1"],"picked":"Tactician+1","floor":38},{"not_picked":["Metamorphosis","HandOfGreed"],"picked":"Flash of Steel","floor":39},{"not_picked":["Dagger Spray+1","Flechettes+1"],"picked":"Concentrate","floor":41},{"not_picked":["Finisher","Quick Slash"],"picked":"Backflip+1","floor":42},{"not_picked":["Backflip","Burst","Quick Slash+1"],"picked":"SKIP","floor":44},{"not_picked":["Backstab+1","Dodge and Roll+1","Blade Dance"],"picked":"SKIP","floor":47},{"not_picked":["Blade Dance","Bane+1","Underhanded Strike+1"],"picked":"SKIP","floor":48}],"player_experience":462319,"relics_obtained":[{"floor":6.0,"key":"Eternal Feather"},{"floor":8.0,"key":"CeramicFish"},{"floor":9.0,"key":"Happy Flower"},{"floor":13.0,"key":"Gremlin Horn"},{"floor":25.0,"key":"Pocketwatch"},{"floor":26.0,"key":"Bag of Preparation"},{"floor":44,"key":"Orichalcum"}],"event_choices":[{"damage_healed":0.0,"max_hp_gain":0.0,"max_hp_loss":0.0,"gold_gain":0.0,"event_name":"Scrap Ooze","player_choice":"Success","floor":10.0,"gold_loss":0.0,"damage_taken":3.0,"relics_obtained":["Regal Pillow"]},{"damage_healed":0.0,"max_hp_gain":0.0,"max_hp_loss":0.0,"gold_gain":0.0,"event_name":"The Mausoleum","player_choice":"Opened","floor":20.0,"gold_loss":0.0,"damage_taken":0.0,"relics_obtained":["Oddly Smooth Stone"]},{"damage_healed":0.0,"max_hp_gain":0.0,"max_hp_loss":0.0,"gold_gain":99.0,"event_name":"Nest","player_choice":"Stole From Cult","floor":21.0,"gold_loss":0.0,"damage_taken":0.0},{"damage_healed":0.0,"max_hp_gain":0.0,"max_hp_loss":0.0,"gold_gain":0.0,"event_name":"Accursed Blacksmith","player_choice":"Forge","floor":22.0,"gold_loss":0.0,"damage_taken":0.0,"cards_upgraded":["Prepared"]},{"damage_healed":0,"gold_gain":0,"player_choice":"Max HP","damage_taken":0,"max_hp_gain":0,"max_hp_loss":4,"event_name":"Winding Halls","floor":36,"gold_loss":0},{"damage_healed":0,"gold_gain":0,"player_choice":"Memory 3","damage_taken":10,"max_hp_gain":0,"max_hp_loss":0,"event_name":"SensoryStone","floor":39,"gold_loss":0},{"cards_removed":["Dagger Throw"],"damage_healed":0,"gold_gain":0,"player_choice":"Removed Attack","damage_taken":0,"max_hp_gain":0,"max_hp_loss":0,"event_name":"Falling","floor":46,"gold_loss":0}],"is_beta":false,"boss_relics":[{"not_picked":["Ring of the Serpent","Velvet Choker"],"picked":"Empty Cage"},{"not_picked":["SlaversCollar","Runic Dome"],"picked":"Runic Pyramid"}],"items_purged_floors":[3,5,19,28,37],"is_endless":false,"potions_floor_spawned":[1,7,8,13,16,18,25,29,30,35,42,47],"ascension_level":6}}