{"host":"1c17lcvl7acx821p","time":1610907487,"event":{"mods":["AchievementEnabler","BaseMod","Colored Map","Minty Spire (QoL Compilation)","StSLib"],"gold_per_floor":[115,115,115,115,13,13,23,23,23,52,67,87,104,136,136,234,234,245,245,265,297,310,310,337,337,337,368,384,460,489,502,502,599,599,616,616,616,634,82,113,113,113,113,133,150,181,198,30,30,30,30,30,30,60,60,60],"floor_reached":55,"language":"ENG","playtime":3275,"items_purged":["Regret","Concentrate"],"score":1044,"play_id":"752766ca-22a5-443f-a770-1e4fb3ebab2a","local_time":"20210117201807","is_ascension_mode":true,"campfire_choices":[{"data":"Crippling Poison","floor":6,"key":"SMITH"},{"data":"Bouncing Flask","floor":8,"key":"SMITH"},{"floor":15,"key":"REST"},{"floor":23,"key":"REST"},{"floor":25,"key":"REST"},{"data":"Envenom","floor":32,"key":"SMITH"},{"data":"Catalyst","floor":41,"key":"SMITH"},{"floor":49,"key":"RECALL"},{"data":"Venomology","floor":52,"key":"SMITH"}],"circlet_count":0,"master_deck":["Survivor","Neutralize","Crippling Poison+1","Quick Slash","Bouncing Flask+1","Leg Sweep","Dagger Throw","Deflect","Backflip","Well Laid Plans","Adrenaline","Dagger Spray","All Out Attack","Choke","Unload","Heel Hook","Quick Slash","Catalyst+1","Eviscerate","Distraction","Deflect+1","Backflip","Acrobatics","PiercingWail","Dash","Envenom+1","Expertise+1","Venomology+1","CurseOfTheBell","Deflect+1","Madness+1","Enlightenment","Deep Breath","Mayhem","Envenom","Acrobatics","Well Laid Plans+1","Noxious Fumes","Caltrops"],"relics":["SacredBark","Blue Candle","Lantern","NlothsMask","Dream Catcher","Meat on the Bone","Pandora\u0027s Box","Red Mask","Art of War","Tiny Chest","Ninja Scroll","MealTicket","Calling Bell","Toy Ornithopter","HornCleat","Gambling Chip","The Specimen","Ancient Tea Set","Mummified Hand","Snake Skull","Pear","Akabeko"],"acts_visited":["Exordium","TheCity","TheBeyond","TheEnding"],"potions_floor_usage":[10,21,22,24,27,30,33,33,40,44,45,45,46,47,50,50,54,55,55,55,55,55],"damage_taken":[{"damage":0,"enemies":"Jaw Worm","floor":1,"turns":4},{"damage":8,"enemies":"Small Slimes","floor":7,"turns":4},{"damage":16,"enemies":"Lagavulin","floor":10,"turns":5},{"damage":1,"enemies":"Cultist","floor":11,"turns":4},{"damage":3,"enemies":"3 Louse","floor":12,"turns":5},{"damage":1,"enemies":"Blue Slaver","floor":13,"turns":5},{"damage":13,"enemies":"Gremlin Nob","floor":14,"turns":4},{"damage":11,"enemies":"Hexaghost","floor":16,"turns":9},{"damage":8,"enemies":"Spheric Guardian","floor":18,"turns":4},{"damage":5,"enemies":"Shell Parasite","floor":20,"turns":3},{"damage":1,"enemies":"Masked Bandits","floor":21,"turns":2},{"damage":12,"enemies":"Centurion and Healer","floor":22,"turns":5},{"damage":19,"enemies":"Slavers","floor":24,"turns":7},{"damage":19,"enemies":"Book of Stabbing","floor":27,"turns":4},{"damage":13,"enemies":"3 Cultists","floor":28,"turns":5},{"damage":5,"enemies":"Slavers","floor":30,"turns":3},{"damage":4,"enemies":"Snake Plant","floor":31,"turns":4},{"damage":47,"enemies":"Collector","floor":33,"turns":11},{"damage":4,"enemies":"3 Darklings","floor":35,"turns":2},{"damage":0,"enemies":"3 Shapes","floor":38,"turns":5},{"damage":6,"enemies":"Giant Head","floor":40,"turns":5},{"damage":0,"enemies":"Writhing Mass","floor":44,"turns":3},{"damage":12,"enemies":"4 Shapes","floor":45,"turns":4},{"damage":25,"enemies":"Reptomancer","floor":46,"turns":5},{"damage":5,"enemies":"Transient","floor":47,"turns":5},{"damage":41,"enemies":"Time Eater","floor":50,"turns":7},{"damage":62,"enemies":"Shield and Spear","floor":54,"turns":5},{"damage":131,"enemies":"The Heart","floor":55,"turns":6}],"seed_played":"-6085929858129627621","potions_obtained":[{"floor":1,"key":"LiquidMemories"},{"floor":7,"key":"Ancient Potion"},{"floor":14,"key":"GamblersBrew"},{"floor":16,"key":"AttackPotion"},{"floor":21,"key":"SkillPotion"},{"floor":22,"key":"SpeedPotion"},{"floor":28,"key":"DistilledChaos"},{"floor":31,"key":"Fruit Juice"},{"floor":33,"key":"SneckoOil"},{"floor":38,"key":"LiquidBronze"},{"floor":46,"key":"GamblersBrew"}],"is_trial":false,"path_per_floor":["M","?","?","?","$","R","M","R","T","E","M","M","M","E","R","B",null,"M","?","M","?","M","R","E","R","T","E","M","T","E","M","R","B",null,"M","?","?","M","$","E","R","T","T","M","M","E","M","$","R","B",null,"R","$","E","B"],"character_chosen":"THE_SILENT","items_purchased":["Quick Slash","Explosive Potion","The Specimen","Mayhem","Noxious Fumes"],"campfire_rested":3,"item_purchase_floors":[5,5,39,39,48],"current_hp_per_floor":[70,63,63,63,63,63,55,55,55,39,38,35,34,21,42,43,63,55,55,50,49,37,58,39,60,60,41,40,40,47,43,43,18,65,61,51,51,51,66,65,65,65,65,70,68,58,58,73,73,54,81,81,90,45,0,0],"gold":60,"neow_bonus":"BOSS_RELIC","is_daily":false,"chose_seed":false,"campfire_upgraded":5,"win_rate":0.0,"timestamp":1610907487,"path_taken":["M","?","?","?","$","R","M","R","T","E","M","?","M","E","R","BOSS","M","?","M","?","M","R","E","R","T","E","M","?","E","M","R","BOSS","M","?","?","M","$","E","R","?","T","M","M","E","M","$","R","BOSS","R","$","E","BOSS"],"items_purchased_type":["Card","Potion","Relic","Card","Card"],"build_version":"2020-12-22","purchased_purges":2,"victory":false,"max_hp_per_floor":[70,70,70,70,70,70,70,70,70,70,70,70,70,70,70,70,70,70,70,70,70,70,70,70,70,70,70,70,70,70,70,70,80,80,80,80,80,80,80,80,80,80,80,80,80,90,90,90,90,90,90,90,90,90,90,90],"card_choices":[{"not_picked":["Flying Knee","Terror"],"picked":"Crippling Poison","floor":1},{"not_picked":["Poisoned Stab","Sucker Punch"],"picked":"Bouncing Flask","floor":7},{"not_picked":["Predator","Bane"],"picked":"Leg Sweep","floor":10},{"not_picked":["Deflect","Blur"],"picked":"Dagger Throw","floor":11},{"not_picked":["Quick Slash","Backflip"],"picked":"Deflect","floor":12},{"not_picked":["Acrobatics","Underhanded Strike","Expertise"],"picked":"SKIP","floor":13},{"not_picked":["Dodge and Roll","Phantasmal Killer"],"picked":"Backflip","floor":14},{"not_picked":["Dagger Spray","Quick Slash"],"picked":"Well Laid Plans","floor":15},{"not_picked":["Glass Knife","Wraith Form v2"],"picked":"Adrenaline","floor":16},{"not_picked":["Tactician","Cloak And Dagger+1"],"picked":"Deflect+1","floor":18},{"not_picked":["Dodge and Roll","Endless Agony"],"picked":"Backflip","floor":20},{"not_picked":["Sucker Punch","Cloak And Dagger","Dagger Throw"],"picked":"SKIP","floor":22},{"not_picked":["Bane","Prepared"],"picked":"Acrobatics","floor":23},{"not_picked":["Distraction","Choke"],"picked":"PiercingWail","floor":24},{"not_picked":["Cloak And Dagger","All Out Attack"],"picked":"Dash","floor":25},{"not_picked":["Masterful Stab","Choke"],"picked":"Envenom","floor":27},{"not_picked":["Bane","Skewer"],"picked":"Expertise+1","floor":28},{"not_picked":["Slice","Setup","Deadly Poison"],"picked":"SKIP","floor":30},{"not_picked":["Flying Knee","Crippling Poison","Terror"],"picked":"SKIP","floor":31},{"not_picked":["Wraith Form v2","Bullet Time"],"picked":"Venomology","floor":33},{"not_picked":["Underhanded Strike","Quick Slash"],"picked":"Deflect+1","floor":35},{"not_picked":["PanicButton","Flash of Steel"],"picked":"Madness","floor":36},{"not_picked":["Discovery","Blind"],"picked":"Enlightenment","floor":36},{"not_picked":["Blind","Panacea"],"picked":"Deep Breath","floor":36},{"not_picked":["Flying Knee+1","Dagger Spray","Dodge and Roll"],"picked":"SKIP","floor":38},{"not_picked":["Accuracy","Poisoned Stab","Sucker Punch+1"],"picked":"SKIP","floor":40},{"not_picked":["Underhanded Strike+1","Backstab","Sucker Punch"],"picked":"SKIP","floor":44},{"not_picked":["Prepared+1","Quick Slash+1"],"picked":"Envenom","floor":45},{"not_picked":["Sucker Punch","Backflip"],"picked":"Acrobatics","floor":46},{"not_picked":["PiercingWail","Blade Dance"],"picked":"Well Laid Plans+1","floor":47},{"not_picked":["Noxious Fumes","Sucker Punch+1"],"picked":"Caltrops","floor":54}],"player_experience":117945,"relics_obtained":[{"floor":10,"key":"Dream Catcher"},{"floor":14,"key":"Meat on the Bone"},{"floor":21,"key":"Red Mask"},{"floor":24,"key":"Art of War"},{"floor":27,"key":"Tiny Chest"},{"floor":29,"key":"Ninja Scroll"},{"floor":30,"key":"MealTicket"},{"floor":34,"key":"Toy Ornithopter"},{"floor":34,"key":"HornCleat"},{"floor":34,"key":"Gambling Chip"},{"floor":40,"key":"Ancient Tea Set"},{"floor":42,"key":"Mummified Hand"},{"floor":43,"key":"Snake Skull"},{"floor":46,"key":"Pear"},{"floor":54,"key":"Akabeko"}],"event_choices":[{"damage_healed":0,"gold_gain":0,"player_choice":"Success","damage_taken":7,"relics_obtained":["Blue Candle"],"max_hp_gain":0,"max_hp_loss":0,"event_name":"Scrap Ooze","floor":2,"gold_loss":0},{"damage_healed":0,"gold_gain":0,"player_choice":"Box","damage_taken":0,"relics_obtained":["Lantern"],"max_hp_gain":0,"max_hp_loss":0,"event_name":"Big Fish","floor":3,"gold_loss":0,"cards_obtained":["Regret"]},{"damage_healed":0,"gold_gain":0,"player_choice":"Trade","damage_taken":0,"relics_obtained":["NlothsMask"],"max_hp_gain":0,"max_hp_loss":0,"event_name":"FaceTrader","floor":4,"gold_loss":0},{"damage_healed":0,"gold_gain":0,"player_choice":"Ignored","damage_taken":0,"max_hp_gain":0,"max_hp_loss":0,"event_name":"Vampires","floor":19,"gold_loss":0},{"damage_healed":0,"gold_gain":0,"player_choice":"Fought Bandits","damage_taken":0,"max_hp_gain":0,"max_hp_loss":0,"event_name":"Masked Bandits","floor":21,"gold_loss":0},{"damage_healed":0,"gold_gain":0,"player_choice":"Memory 3","damage_taken":10,"max_hp_gain":0,"max_hp_loss":0,"event_name":"SensoryStone","floor":36,"gold_loss":0},{"damage_healed":0,"gold_gain":0,"player_choice":"Upgraded","damage_taken":0,"max_hp_gain":0,"max_hp_loss":0,"event_name":"Upgrade Shrine","floor":37,"gold_loss":0,"cards_upgraded":["Madness"]}],"is_beta":false,"boss_relics":[{"not_picked":["Black Star","Runic Dome"],"picked":"Pandora\u0027s Box"},{"not_picked":["Busted Crown","WristBlade"],"picked":"Calling Bell"}],"items_purged_floors":[39,48],"is_endless":false,"potions_floor_spawned":[1,7,14,16,21,22,28,31,33,38,40,46,47],"killed_by":"The Heart","ascension_level":5}}