{"host":"3ikutf0nfngyhvfs","time":1610905169,"event":{"mods":["AchievementEnabler","BaseMod","Downfall","Hermit","Minty Spire (QoL Compilation)","StSLib","The Construct","The Cursed","The Disciple","The Hierophant","The Poker Player","The Runesmith"],"gold_per_floor":[111,131,131,131,150,181,181,181,181],"floor_reached":8,"language":"ENG","playtime":687,"items_purged":[],"score":56,"play_id":"e8292f37-1f2b-4959-846a-96d7956eeb7e","local_time":"20210117113929","is_ascension_mode":false,"campfire_choices":[{"data":"construct:ClockworkEgg","floor":7.0,"key":"SMITH"}],"circlet_count":0,"master_deck":["construct:Strike_Gold","construct:Strike_Gold","construct:Strike_Gold","construct:Strike_Gold","construct:Strike_Gold","construct:Defend_Gold","construct:Defend_Gold","construct:Defend_Gold","construct:Defend_Gold","construct:AttackMode","construct:DefenseMode","construct:ScopeCore","construct:Stasis","construct:Synchronize","construct:ClockworkEgg+1"],"relics":["construct:Cogwheel","Singing Bowl"],"acts_visited":["Exordium"],"potions_floor_usage":[],"damage_taken":[{"damage":3.0,"enemies":"Small Slimes","floor":1.0,"turns":6.0},{"damage":0.0,"enemies":"2 Louse","floor":2.0,"turns":3.0},{"damage":1.0,"enemies":"Cultist","floor":5.0,"turns":4.0},{"damage":4.0,"enemies":"Lagavulin","floor":6.0,"turns":5.0},{"damage":11,"enemies":"3 Sentries","floor":8,"turns":2}],"seed_played":"8591934015379305100","potions_obtained":[{"floor":1.0,"key":"Slimebound:ThreeZeroPotion"}],"is_trial":false,"path_per_floor":["M","M","?","?","M","E","R","E"],"character_chosen":"THE_CONSTRUCT_MOD","items_purchased":[],"campfire_rested":0,"item_purchase_floors":[],"current_hp_per_floor":[90,90,95,88,87,83,83,72,72],"gold":181,"neow_bonus":"TEN_PERCENT_HP_BONUS","is_daily":false,"chose_seed":false,"campfire_upgraded":1,"win_rate":0.0,"timestamp":1610905169,"path_taken":["M","M","?","?","M","E","R","E"],"items_purchased_type":[],"build_version":"2020-12-22","purchased_purges":0,"victory":false,"max_hp_per_floor":[93,93,98,98,98,98,98,98,98],"card_choices":[{"not_picked":["construct:Impenetrable","construct:SuppressiveFire"],"picked":"construct:ScopeCore","floor":1.0},{"not_picked":["construct:Versatility","construct:OmegaCannon"],"picked":"construct:Stasis","floor":2.0},{"not_picked":["construct:Construct_Overclock","construct:Boost"],"picked":"construct:Synchronize","floor":5.0},{"not_picked":["construct:ScrapCannon","construct:Construct_Overclock"],"picked":"construct:ClockworkEgg","floor":6.0}],"player_experience":462396,"relics_obtained":[{"floor":6.0,"key":"Singing Bowl"}],"event_choices":[{"damage_healed":0.0,"max_hp_gain":5.0,"max_hp_loss":0.0,"gold_gain":0.0,"event_name":"Big Fish","player_choice":"Donut","floor":3.0,"gold_loss":0.0,"damage_taken":0.0},{"cards_removed":["construct:Defend_Gold"],"damage_healed":0.0,"max_hp_gain":0.0,"max_hp_loss":0.0,"gold_gain":0.0,"event_name":"Golden Wing","player_choice":"Card Removal","floor":4.0,"gold_loss":0.0,"damage_taken":7.0}],"is_beta":false,"boss_relics":[],"items_purged_floors":[],"is_endless":false,"potions_floor_spawned":[1],"killed_by":"3 Sentries","ascension_level":0}}