{"host":"roe9nkkmmup0vnjm","time":1610927090,"event":{"mods":["BaseMod","Colored Map","Downfall","Minty Spire (QoL Compilation)","StSLib"],"gold_per_floor":[99,118,138,138,138,1,80,99,99,113,144,144,164,164,178,277,277,277,291,308,324,42,57,80,280,310,210,245,264,264,280,297,395,395,395,395,395,395],"floor_reached":36,"language":"ENG","playtime":4526,"items_purged":["downfall:Malfunctioning"],"score":431,"play_id":"c223fa48-35e0-409d-9fc7-c7338cec404d","local_time":"20210117184450","is_ascension_mode":false,"campfire_choices":[{"data":"Guardian:CurlUp","floor":1,"key":"SMITH"},{"data":"Guardian:PrismaticBarrier","floor":12,"key":"SMITH"},{"data":"Guardian:BaubleBeam","floor":18,"key":"SMITH"},{"data":"Guardian:FastForward","floor":27,"key":"SMITH"},{"data":"Guardian:TimeSifter","floor":35,"key":"SMITH"}],"circlet_count":0,"master_deck":["Guardian:CurlUp+1","Guardian:TwinSlam+1","Guardian:PrismaticBarrier+1","Guardian:SpikerProtocol","Guardian:GuardianWhirl","Guardian:Recover","Guardian:AncientConstruct","Guardian:ConstructionForm","Guardian:BaubleBeam+1","Guardian:FastForward+1","Guardian:TemporalShield","Guardian:FastForward","Guardian:TimeCapacitor+1","Guardian:BronzeOrb","Guardian:SentryBeam","Guardian:ExploitGems","Guardian:EvasiveProtocol","Guardian:MultiBeam","downfall:Haunted","Guardian:PrismaticBeam","Guardian:TimeBomb","Guardian:Recover+1","Guardian:ChargeCore+1","Guardian:BodySlam+1","Guardian:TimeSifter+1"],"relics":["Guardian:ModeShifter","Mercury Hourglass","Unceasing Top","Pandora\u0027s Box","Guardian:BottledStasis","Potion Belt","downfall:HeartBlessingGreen","Oddly Smooth Stone","downfall:RedIOU","Guardian:StasisSlotReductionRelic"],"acts_visited":["Exordium","TheCity","TheBeyond"],"potions_floor_usage":[11,16,16,16,16,20,26],"damage_taken":[{"damage":6,"enemies":"Jaw Worm","floor":2,"turns":4},{"damage":7,"enemies":"2 Louse","floor":3,"turns":3},{"damage":2,"enemies":"downfall:FleeingMerchant","floor":6,"turns":4},{"damage":1,"enemies":"Cultist","floor":8,"turns":3},{"damage":0,"enemies":"3 Louse","floor":10,"turns":2},{"damage":4,"enemies":"Gremlin Nob","floor":11,"turns":4},{"damage":0,"enemies":"Large Slime","floor":13,"turns":7},{"damage":3,"enemies":"Lots of Slimes","floor":15,"turns":2},{"damage":27,"enemies":"WA_ARCHETYPE_RETAIN","floor":16,"turns":19},{"damage":0,"enemies":"3 Byrds","floor":19,"turns":5},{"damage":0,"enemies":"Chosen","floor":20,"turns":7},{"damage":0,"enemies":"Snecko","floor":21,"turns":8},{"damage":2,"enemies":"downfall:FleeingMerchant","floor":22,"turns":4},{"damage":0,"enemies":"3 Cultists","floor":23,"turns":4},{"damage":0,"enemies":"Book of Stabbing","floor":26,"turns":8},{"damage":11,"enemies":"Slavers","floor":28,"turns":5},{"damage":0,"enemies":"Chosen and Byrds","floor":29,"turns":5},{"damage":1,"enemies":"Centurion and Healer","floor":31,"turns":5},{"damage":5,"enemies":"Shelled Parasite and Fungi","floor":32,"turns":5},{"damage":16,"enemies":"IC_MUSHROOM_ARCHETYPE","floor":33,"turns":6},{"damage":0,"enemies":"3 Darklings","floor":36,"turns":1}],"seed_played":"9025675904722578224","potions_obtained":[{"floor":10,"key":"Slimebound:ThreeZeroPotion"},{"floor":11,"key":"sneckomod:MuddlingPotion"},{"floor":14,"key":"Guardian:BlockOnCardUsePotion"},{"floor":14,"key":"EntropicBrew"},{"floor":20,"key":"SpeedPotion"},{"floor":21,"key":"ColorlessPotion"},{"floor":26,"key":"Regen Potion"},{"floor":28,"key":"Fire Potion"},{"floor":31,"key":"Guardian:DefensiveModePotion"}],"is_trial":false,"path_per_floor":["R","M","M","?","?","$","T","M","?","M","E","R","M","?","M","B",null,"R","M","M","M","$","M","T","?","E","R","E","M","?","M","M","B",null,"R","M"],"character_chosen":"GUARDIAN","items_purchased":["Guardian:Gem_Green","Guardian:Gem_Purple","Guardian:EvasiveProtocol","Guardian:BottledStasis"],"campfire_rested":0,"item_purchase_floors":[6,22,22,22],"current_hp_per_floor":[88,82,75,75,75,73,73,72,72,72,68,68,68,68,65,38,88,88,88,88,88,86,86,86,86,86,86,75,75,75,74,69,53,88,88,88,88,88],"gold":395,"neow_bonus":"TEN_PERCENT_HP_BONUS","is_daily":false,"chose_seed":false,"campfire_upgraded":5,"win_rate":0.0,"timestamp":1610927090,"path_taken":["R","M","M","?","?","$","T","?","?","M","E","R","M","?","M","BOSS","R","M","M","?","$","M","T","?","E","R","E","M","?","M","M","BOSS","R","M"],"items_purchased_type":["Card","Card","Card","Relic"],"build_version":"2020-12-22","purchased_purges":1,"victory":false,"max_hp_per_floor":[88,88,88,88,88,88,88,88,88,88,88,88,88,88,88,88,88,88,88,88,88,88,88,88,88,88,88,88,88,88,88,88,88,88,88,88,88,88],"card_choices":[{"not_picked":["Guardian:Reroute","Guardian:Incinerate"],"picked":"Guardian:Gem_Cyan","floor":2},{"not_picked":["Guardian:PolyBeam","Guardian:Preprogram"],"picked":"Guardian:PrismaticBarrier","floor":3},{"not_picked":["Guardian:Planning","Guardian:Gem_Cyan"],"picked":"Guardian:Gem_Blue","floor":6},{"not_picked":["Guardian:TemporalShield","Guardian:TemporalStrike"],"picked":"Guardian:SpikerProtocol","floor":8},{"not_picked":["Guardian:Suspension","Guardian:PrimingBeam"],"picked":"Guardian:GuardianWhirl","floor":10},{"not_picked":["Guardian:GuardianWhirl","Guardian:Gem_Red"],"picked":"Guardian:Gem_Synthetic","floor":11},{"not_picked":["Guardian:Reroute","Guardian:Gem_Green"],"picked":"Guardian:Recover","floor":13},{"not_picked":["Guardian:BodySlam","Guardian:Gem_Lightblue"],"picked":"Guardian:Gem_Cyan","floor":15},{"not_picked":["Guardian:RevengeProtocol","Guardian:SphericShield"],"picked":"Guardian:AncientConstruct","floor":16},{"not_picked":["Guardian:RollAttack+1","Guardian:Gem_Purple"],"picked":"Guardian:TimeCapacitor+1","floor":19},{"not_picked":["Guardian:RefractedBeam","Guardian:PolyBeam"],"picked":"Guardian:BronzeOrb","floor":20},{"not_picked":["Guardian:Clone","Guardian:RollAttack"],"picked":"Guardian:SentryBeam","floor":21},{"not_picked":["Guardian:Gem_Fragmented","Guardian:ChargeCore"],"picked":"Guardian:ExploitGems","floor":22},{"not_picked":["Guardian:Gem_Green","Guardian:Repulse+1"],"picked":"Guardian:MultiBeam","floor":23},{"not_picked":["Guardian:TemporalStrike","Guardian:Suspension"],"picked":"Guardian:PrismaticBeam","floor":26},{"not_picked":["Guardian:ChargeCore","Guardian:Reroute"],"picked":"Guardian:TimeBomb","floor":28},{"not_picked":["Guardian:VentSteam","Guardian:PrimingBeam+1"],"picked":"Guardian:Recover+1","floor":29},{"not_picked":["Guardian:Gem_Cyan","Guardian:RollAttack"],"picked":"Guardian:ChargeCore+1","floor":31},{"not_picked":["Guardian:PiercingHide","Guardian:Recover"],"picked":"Guardian:BodySlam+1","floor":32},{"not_picked":["Guardian:Gem_Synthetic","Guardian:ExploitGems"],"picked":"Guardian:TimeSifter","floor":33}],"player_experience":265461,"relics_obtained":[{"floor":7,"key":"Mercury Hourglass"},{"floor":11,"key":"Unceasing Top"},{"floor":24,"key":"Potion Belt"},{"floor":26,"key":"Art of War"},{"floor":28,"key":"Oddly Smooth Stone"}],"event_choices":[{"damage_healed":0,"gold_gain":0,"player_choice":"Got Potions","damage_taken":0,"max_hp_gain":0,"max_hp_loss":0,"event_name":"Lab","floor":14,"gold_loss":0}],"is_beta":false,"boss_relics":[{"not_picked":["Runic Dome","Astrolabe"],"picked":"Pandora\u0027s Box"},{"not_picked":["SacredBark","Fusion Hammer"],"picked":"Guardian:StasisSlotReductionRelic"}],"items_purged_floors":[6],"is_endless":false,"potions_floor_spawned":[10,11,15,20,21,26,28,31],"killed_by":"3 Darklings","ascension_level":0}}