{"host":"jscggscbx0p7706o","time":1610897171,"event":{"mods":["AchievementEnabler","BaseMod","Block Reminder","Colored Powertips","Filter the Spire","Minty Spire (QoL Compilation)","Permanent Neow","Quick Restart","StSLib"],"gold_per_floor":[109,109,120,120,120,135,149,149,221,146,165,184,259,269,269,269,269],"floor_reached":16,"language":"ENG","playtime":272,"items_purged":["Defend_R"],"score":94,"play_id":"d90940c5-af3e-42c9-8d29-476aacfb762f","local_time":"20210117232611","is_ascension_mode":false,"campfire_choices":[{"data":"Bash","floor":8.0,"key":"SMITH"},{"data":"Strike_G","floor":15.0,"key":"SMITH"}],"circlet_count":0,"master_deck":["Strike_R","Strike_R","Strike_R","Strike_R","Defend_R","Defend_R","Defend_R","Bash+1","Flex+1","Strike_G+1"],"relics":["Coffee Dripper","Letter Opener"],"acts_visited":["Exordium"],"potions_floor_usage":[16,16,16],"damage_taken":[{"damage":0.0,"enemies":"2 Louse","floor":1.0,"turns":2.0},{"damage":0.0,"enemies":"Cultist","floor":3.0,"turns":2.0},{"damage":4.0,"enemies":"Small Slimes","floor":6.0,"turns":3.0},{"damage":5.0,"enemies":"Looter","floor":7.0,"turns":2.0},{"damage":6.0,"enemies":"Lots of Slimes","floor":11.0,"turns":3.0},{"damage":6.0,"enemies":"Large Slime","floor":12.0,"turns":3.0},{"damage":19.0,"enemies":"Exordium Thugs","floor":14.0,"turns":3.0},{"damage":26,"enemies":"The Guardian","floor":16,"turns":8}],"seed_played":"2355255250654786338","potions_obtained":[{"floor":3.0,"key":"LiquidMemories"},{"floor":7.0,"key":"FearPotion"},{"floor":11.0,"key":"SneckoOil"}],"is_trial":false,"path_per_floor":["M","?","M","?","?","M","M","R","T","$","M","M","?","M","R","B"],"character_chosen":"IRONCLAD","items_purchased":[],"campfire_rested":0,"item_purchase_floors":[],"current_hp_per_floor":[80,80,80,85,85,81,76,76,76,76,70,64,53,34,34,8,8],"gold":269,"neow_bonus":"BOSS_RELIC","is_daily":false,"chose_seed":false,"campfire_upgraded":2,"win_rate":0.0,"timestamp":1610897171,"path_taken":["M","?","?","?","?","?","M","R","T","$","M","M","?","M","R","BOSS"],"items_purchased_type":[],"build_version":"2020-12-22","purchased_purges":1,"victory":false,"max_hp_per_floor":[80,80,80,85,85,85,85,85,85,85,85,85,85,85,85,85,85],"card_choices":[{"not_picked":["Cleave","Warcry"],"picked":"Flex","floor":1.0},{"not_picked":["Rampage","Dropkick","Body Slam"],"picked":"SKIP","floor":3.0},{"not_picked":["Clothesline","Body Slam","Reckless Charge"],"picked":"SKIP","floor":6.0},{"not_picked":["Perfected Strike","Iron Wave","Reckless Charge"],"picked":"SKIP","floor":7.0},{"not_picked":["Rage","Rampage","Shockwave"],"picked":"SKIP","floor":11.0},{"not_picked":["Warcry","Entrench","Flame Barrier"],"picked":"SKIP","floor":12.0},{"not_picked":["Infernal Blade","Thunderclap","Seeing Red"],"picked":"SKIP","floor":14.0}],"player_experience":284390,"relics_obtained":[{"floor":9.0,"key":"Letter Opener"}],"event_choices":[{"cards_removed":["Strike_R"],"damage_healed":0.0,"max_hp_gain":0.0,"max_hp_loss":0.0,"gold_gain":0.0,"event_name":"NoteForYourself","player_choice":"Took Card","floor":2.0,"gold_loss":0.0,"damage_taken":0.0,"cards_obtained":["Strike_G"]},{"damage_healed":0.0,"max_hp_gain":5.0,"max_hp_loss":0.0,"gold_gain":0.0,"event_name":"Big Fish","player_choice":"Donut","floor":4.0,"gold_loss":0.0,"damage_taken":0.0},{"damage_healed":0.0,"max_hp_gain":0.0,"max_hp_loss":0.0,"gold_gain":0.0,"event_name":"Accursed Blacksmith","player_choice":"Forge","floor":5.0,"gold_loss":0.0,"damage_taken":0.0,"cards_upgraded":["Flex"]},{"damage_healed":0.0,"max_hp_gain":0.0,"max_hp_loss":0.0,"gold_gain":75.0,"event_name":"World of Goop","player_choice":"Gather Gold","floor":13.0,"gold_loss":0.0,"damage_taken":11.0}],"is_beta":false,"boss_relics":[],"items_purged_floors":[10],"is_endless":false,"potions_floor_spawned":[3,7,11,12],"killed_by":"The Guardian","ascension_level":0}}