{"host":"ccw6t0i2dpm5wyxf","time":1610882179,"event":{"mods":["BaseMod","Colored Map","Minty Spire (QoL Compilation)","Permanent Neow"],"gold_per_floor":[113,113,14,26,46,78,78,89,89,89,89,115,115,130,130,234,234,247,247,247,260,170,196,196,214,239,265,284,319,339,355,355,454,454,471,471,521,570,582,582,608,608,654,673,673,706,706,716,716,716],"floor_reached":51,"language":"ENG","playtime":1997,"items_purged":["Strike_G"],"score":875,"play_id":"09ea8b4b-bbff-44e6-bdd2-c06242c07b81","local_time":"20210117051619","is_ascension_mode":true,"campfire_choices":[{"floor":7,"key":"REST"},{"data":"Footwork","floor":10,"key":"SMITH"},{"floor":15,"key":"REST"},{"floor":24,"key":"REST"},{"floor":32,"key":"REST"},{"data":"Blade Dance","floor":40,"key":"SMITH"},{"data":"Cloak And Dagger","floor":42,"key":"SMITH"},{"data":"Outmaneuver","floor":45,"key":"SMITH"},{"data":"Choke","floor":49,"key":"SMITH"}],"circlet_count":0,"master_deck":["Strike_G","Strike_G","Strike_G","Defend_G","Defend_G","Defend_G+1","Defend_G","Survivor","Neutralize","Footwork+1","Sucker Punch","Concentrate","Accuracy+1","Finisher","Choke+1","After Image+1","Deflect","After Image+1","Slice+1","Well Laid Plans+1","Deflect+1","Infinite Blades+1","Masterful Stab","Infinite Blades+1","Cloak And Dagger+1","Blade Dance+1","Outmaneuver+1","After Image+1","Prepared+1","Purity","Backflip+1","Backflip+1","Accuracy+1"],"relics":["Runic Pyramid","Bronze Scales","Frozen Egg 2","Anchor","Ninja Scroll","WristBlade","Sundial","Omamori","Bag of Preparation","Ancient Tea Set","Turnip","Mummified Hand","Busted Crown","Gambling Chip","Du-Vu Doll","Gremlin Horn","Strawberry","Bag of Marbles"],"acts_visited":["Exordium","TheCity","TheBeyond"],"potions_floor_usage":[6,16,16,23,27,27,33],"damage_taken":[{"damage":0,"enemies":"Small Slimes","floor":1,"turns":3},{"damage":0,"enemies":"Jaw Worm","floor":4,"turns":4},{"damage":0,"enemies":"Cultist","floor":5,"turns":4},{"damage":22,"enemies":"Lagavulin","floor":6,"turns":8},{"damage":1,"enemies":"Blue Slaver","floor":8,"turns":4},{"damage":30,"enemies":"Gremlin Nob","floor":12,"turns":4},{"damage":0,"enemies":"2 Fungi Beasts","floor":14,"turns":2},{"damage":13,"enemies":"The Guardian","floor":16,"turns":10},{"damage":0,"enemies":"Chosen","floor":18,"turns":4},{"damage":1,"enemies":"3 Byrds","floor":21,"turns":3},{"damage":22,"enemies":"Book of Stabbing","floor":23,"turns":7},{"damage":9,"enemies":"Centurion and Healer","floor":25,"turns":5},{"damage":19,"enemies":"Slavers","floor":27,"turns":5},{"damage":0,"enemies":"Chosen and Byrds","floor":28,"turns":5},{"damage":8,"enemies":"Gremlin Leader","floor":29,"turns":6},{"damage":0,"enemies":"Snecko","floor":30,"turns":3},{"damage":0,"enemies":"Sentry and Sphere","floor":31,"turns":4},{"damage":29,"enemies":"Collector","floor":33,"turns":8},{"damage":0,"enemies":"3 Darklings","floor":35,"turns":4},{"damage":0,"enemies":"Mind Bloom Boss Battle","floor":37,"turns":4},{"damage":0,"enemies":"2 Orb Walkers","floor":38,"turns":4},{"damage":0,"enemies":"Orb Walker","floor":39,"turns":2},{"damage":0,"enemies":"Giant Head","floor":41,"turns":6},{"damage":0,"enemies":"3 Darklings","floor":44,"turns":3},{"damage":2,"enemies":"Nemesis","floor":46,"turns":5},{"damage":0,"enemies":"Spire Growth","floor":48,"turns":2},{"damage":17,"enemies":"Awakened One","floor":50,"turns":9}],"seed_played":"2034620879330619","potions_obtained":[{"floor":5,"key":"CunningPotion"},{"floor":6,"key":"Swift Potion"},{"floor":12,"key":"SkillPotion"},{"floor":14,"key":"DuplicationPotion"},{"floor":23,"key":"Poison Potion"},{"floor":25,"key":"Swift Potion"},{"floor":28,"key":"SmokeBomb"},{"floor":29,"key":"PowerPotion"},{"floor":31,"key":"LiquidBronze"},{"floor":37,"key":"EssenceOfSteel"},{"floor":39,"key":"SpeedPotion"},{"floor":48,"key":"CunningPotion"}],"is_trial":false,"path_per_floor":["M","?","$","M","M","E","R","M","T","R","?","E","?","M","R","B",null,"M","T","?","M","?","E","R","M","T","E","M","E","M","M","R","B",null,"M","?","?","?","M","R","E","R","T","M","R","E","?","M","R","B",null],"character_chosen":"THE_SILENT","items_purchased":["Sucker Punch"],"campfire_rested":4,"item_purchase_floors":[3],"current_hp_per_floor":[70,52,52,52,52,30,51,50,50,50,43,13,13,13,34,21,70,70,70,70,69,69,47,68,59,59,40,40,32,32,32,53,24,70,70,70,70,70,70,70,70,70,77,77,77,75,75,75,75,58],"gold":716,"neow_bonus":"BOSS_RELIC","is_daily":false,"chose_seed":false,"campfire_upgraded":5,"win_rate":0.0,"timestamp":1610882179,"path_taken":["M","?","$","M","M","E","R","M","T","R","?","E","?","M","R","BOSS","M","?","?","M","?","E","R","M","T","E","M","E","?","M","R","BOSS","M","?","?","?","M","R","E","R","T","M","R","E","?","M","R","BOSS"],"items_purchased_type":["Card"],"build_version":"2020-12-22","purchased_purges":1,"victory":true,"max_hp_per_floor":[70,70,70,70,70,70,70,70,70,70,70,70,70,70,70,70,70,70,70,70,70,70,70,70,70,70,70,70,70,70,70,70,70,70,70,70,70,70,70,70,70,70,77,77,77,77,77,77,77,77],"card_choices":[{"not_picked":["Slice","PiercingWail"],"picked":"Footwork","floor":1},{"not_picked":["Setup","Prepared"],"picked":"Concentrate","floor":4},{"not_picked":["Finisher","Deadly Poison"],"picked":"Accuracy","floor":5},{"not_picked":["Sucker Punch","Bane"],"picked":"Finisher","floor":6},{"not_picked":["Eviscerate","Prepared"],"picked":"Choke","floor":8},{"not_picked":["Cloak And Dagger","Noxious Fumes+1"],"picked":"After Image+1","floor":12},{"not_picked":["Backflip","Dodge and Roll"],"picked":"Deflect","floor":14},{"not_picked":["Adrenaline","Venomology"],"picked":"After Image+1","floor":16},{"not_picked":["Skewer","Flying Knee+1"],"picked":"Slice+1","floor":18},{"not_picked":["Dash","Deflect"],"picked":"Well Laid Plans+1","floor":21},{"not_picked":["Dagger Spray","Sucker Punch"],"picked":"Deflect+1","floor":23},{"not_picked":["Slice","Bane"],"picked":"Infinite Blades+1","floor":25},{"not_picked":["Eviscerate","Well Laid Plans+1"],"picked":"Masterful Stab","floor":27},{"not_picked":["Noxious Fumes+1","Deflect+1"],"picked":"Infinite Blades+1","floor":28},{"not_picked":["Die Die Die","Caltrops+1"],"picked":"Cloak And Dagger","floor":29},{"not_picked":["Slice","Dagger Spray"],"picked":"Blade Dance","floor":30},{"not_picked":["Dagger Spray","Sucker Punch+1"],"picked":"Outmaneuver","floor":31},{"not_picked":["Grand Finale","Corpse Explosion"],"picked":"After Image+1","floor":33},{"not_picked":[],"picked":"Prepared+1","floor":35},{"not_picked":[],"picked":"Purity","floor":36},{"not_picked":["Dodge and Roll"],"picked":"SKIP","floor":39},{"not_picked":[],"picked":"Backflip+1","floor":41},{"not_picked":[],"picked":"Backflip+1","floor":44},{"not_picked":[],"picked":"Accuracy+1","floor":46},{"not_picked":["Bane"],"picked":"SKIP","floor":48}],"player_experience":266750,"relics_obtained":[{"floor":6,"key":"Frozen Egg 2"},{"floor":9,"key":"Anchor"},{"floor":12,"key":"Ninja Scroll"},{"floor":19,"key":"Sundial"},{"floor":23,"key":"Bag of Preparation"},{"floor":26,"key":"Ancient Tea Set"},{"floor":27,"key":"Turnip"},{"floor":29,"key":"Mummified Hand"},{"floor":37,"key":"Gambling Chip"},{"floor":38,"key":"Du-Vu Doll"},{"floor":41,"key":"Gremlin Horn"},{"floor":43,"key":"Strawberry"},{"floor":46,"key":"Bag of Marbles"}],"event_choices":[{"damage_healed":0,"gold_gain":0,"player_choice":"Success","damage_taken":18,"relics_obtained":["Bronze Scales"],"max_hp_gain":0,"max_hp_loss":0,"event_name":"Scrap Ooze","floor":2,"gold_loss":0},{"cards_removed":["Defend_G"],"damage_healed":0,"gold_gain":0,"player_choice":"Card Removal","damage_taken":7,"max_hp_gain":0,"max_hp_loss":0,"event_name":"Golden Wing","floor":11,"gold_loss":0},{"damage_healed":0,"gold_gain":0,"player_choice":"Forge","damage_taken":0,"max_hp_gain":0,"max_hp_loss":0,"event_name":"Accursed Blacksmith","floor":13,"gold_loss":0,"cards_upgraded":["Accuracy"]},{"damage_healed":0,"gold_gain":0,"player_choice":"Opened","damage_taken":0,"relics_obtained":["Omamori"],"max_hp_gain":0,"max_hp_loss":0,"event_name":"The Mausoleum","floor":20,"gold_loss":0},{"cards_removed":["Strike_G"],"damage_healed":0,"gold_gain":0,"player_choice":"Upgrade and Remove","damage_taken":0,"max_hp_gain":0,"max_hp_loss":0,"event_name":"Designer","floor":22,"gold_loss":90,"cards_upgraded":["Defend_G"]},{"damage_healed":0,"gold_gain":0,"player_choice":"Memory 1","damage_taken":0,"max_hp_gain":0,"max_hp_loss":0,"event_name":"SensoryStone","floor":36,"gold_loss":0},{"damage_healed":0,"gold_gain":0,"player_choice":"Fight","damage_taken":0,"max_hp_gain":0,"max_hp_loss":0,"event_name":"MindBloom","floor":37,"gold_loss":0},{"damage_healed":0,"gold_gain":0,"player_choice":"Fight","damage_taken":0,"max_hp_gain":0,"max_hp_loss":0,"event_name":"Mysterious Sphere","floor":38,"gold_loss":0},{"damage_healed":0,"gold_gain":0,"player_choice":"Ignored","damage_taken":0,"max_hp_gain":0,"max_hp_loss":0,"event_name":"Tomb of Lord Red Mask","floor":47,"gold_loss":0}],"is_beta":false,"boss_relics":[{"not_picked":["SlaversCollar","Pandora\u0027s Box"],"picked":"WristBlade"},{"not_picked":["HoveringKite","Runic Dome"],"picked":"Busted Crown"}],"items_purged_floors":[3],"is_endless":false,"potions_floor_spawned":[5,6,12,14,23,25,28,29,31,37,39,44,48],"ascension_level":2}}