{"host":"ml2ro5l6hu6y0pll","time":1610910069,"event":{"mods":["AchievementEnabler","BaseMod","Colored Map","Colored Powertips","Custom Start","Googly Eyes","Minty Spire (QoL Compilation)","Quick Restart","Rare Cards Sparkle","Relic Stats","StSLib","everything is the same but u backflip on backflip"],"gold_per_floor":[109,109,109,109,16,50,69,102,102,115,1,32,32,50,50,123,123,140,140,140,154,167,167,167,167],"floor_reached":24,"language":"ENG","playtime":743,"items_purged":[],"score":418,"play_id":"af49fe20-e5a3-4f02-8191-988add59c47b","local_time":"20210117190109","is_ascension_mode":true,"campfire_choices":[{"data":"1","floor":13,"key":"LIFT"},{"data":"2","floor":15,"key":"LIFT"},{"data":"Demon Form","floor":23,"key":"SMITH"}],"circlet_count":0,"master_deck":["AscendersBane","Bash","Flame Barrier","Cleave","Shrug It Off","Sword Boomerang","Thunderclap","Rampage","Burning Pact","Fiend Fire","Uppercut","Shrug It Off","Demon Form+1","Hemokinesis","Heavy Blade","True Grit","Flame Barrier","Infernal Blade","Dropkick","Double Tap","Headbutt","Ghostly","Ghostly","Ghostly","Inflame"],"relics":["Burning Blood","NeowsBlessing","Girya","Oddly Smooth Stone","The Courier","Meat on the Bone","Pandora\u0027s Box"],"acts_visited":["Exordium","TheCity"],"potions_floor_usage":[8,21,24],"damage_taken":[{"damage":0,"enemies":"Cultist","floor":1,"turns":1},{"damage":0,"enemies":"Lagavulin","floor":6,"turns":1},{"damage":0,"enemies":"Jaw Worm","floor":7,"turns":1},{"damage":24,"enemies":"3 Sentries","floor":8,"turns":9},{"damage":7,"enemies":"2 Louse","floor":10,"turns":2},{"damage":36,"enemies":"Lagavulin","floor":12,"turns":11},{"damage":2,"enemies":"Exordium Thugs","floor":14,"turns":4},{"damage":43,"enemies":"Hexaghost","floor":16,"turns":12},{"damage":0,"enemies":"3 Byrds","floor":18,"turns":3},{"damage":11,"enemies":"Spheric Guardian","floor":21,"turns":4},{"damage":22,"enemies":"Cultist and Chosen","floor":22,"turns":6},{"damage":45,"enemies":"Slavers","floor":24,"turns":7}],"seed_played":"2355147933342473289","potions_obtained":[{"floor":6,"key":"DuplicationPotion"},{"floor":7,"key":"BloodPotion"},{"floor":8,"key":"SteroidPotion"},{"floor":14,"key":"BloodPotion"},{"floor":21,"key":"Weak Potion"}],"is_trial":false,"path_per_floor":["M","?","?","?","$","E","M","E","T","M","$","E","R","M","R","B",null,"M","?","?","M","M","R","E"],"character_chosen":"IRONCLAD","items_purchased":["Cleave","Shrug It Off","Fiend Fire"],"campfire_rested":0,"item_purchase_floors":[5,5,11],"current_hp_per_floor":[74,51,51,51,51,57,63,60,60,59,59,29,29,45,45,20,61,67,67,37,37,33,33,0,0],"gold":167,"neow_bonus":"THREE_ENEMY_KILL","is_daily":false,"chose_seed":false,"campfire_upgraded":1,"win_rate":0.0,"timestamp":1610910069,"path_taken":["M","?","?","?","$","E","?","E","T","M","$","E","R","M","R","BOSS","M","?","?","M","?","R","E"],"items_purchased_type":["Card","Card","Card"],"build_version":"2020-12-22","purchased_purges":0,"victory":false,"max_hp_per_floor":[75,75,75,75,75,75,75,75,75,75,75,75,75,75,75,75,75,75,75,37,37,37,37,37,37],"relic_stats":{"counters":[12,61],"Pandora\u0027s Box":["Hemokinesis","Heavy Blade","True Grit","Flame Barrier","Infernal Blade","Dropkick","Double Tap","Headbutt"],"obtain_stats":[{"Girya":6,"NeowsBlessing":0,"Oddly Smooth Stone":8,"Pandora\u0027s Box":17,"The Courier":9,"Burning Blood":0,"Meat on the Bone":12},{"Girya":2,"NeowsBlessing":0,"Oddly Smooth Stone":4,"Pandora\u0027s Box":8,"The Courier":4,"Burning Blood":0,"Meat on the Bone":6},{"Girya":2,"NeowsBlessing":0,"Oddly Smooth Stone":12,"Pandora\u0027s Box":41,"The Courier":12,"Burning Blood":0,"Meat on the Bone":25}],"Burning Blood":66,"Meat on the Bone":36},"card_choices":[{"not_picked":["Headbutt","Shrug It Off"],"picked":"Flame Barrier","floor":1},{"not_picked":["Shockwave","Shrug It Off"],"picked":"Sword Boomerang","floor":6},{"not_picked":["Second Wind","Power Through"],"picked":"Thunderclap","floor":7},{"not_picked":["Wild Strike","Clash"],"picked":"Rampage","floor":8},{"not_picked":["Thunderclap","Flex"],"picked":"Burning Pact","floor":10},{"not_picked":["Evolve","Pommel Strike"],"picked":"Uppercut","floor":12},{"not_picked":["Rampage","Intimidate"],"picked":"Shrug It Off","floor":14},{"not_picked":["Offering","Double Tap"],"picked":"Demon Form","floor":16},{"not_picked":["Sword Boomerang","Perfected Strike","Wild Strike"],"picked":"SKIP","floor":18},{"not_picked":["Havoc","Twin Strike"],"picked":"Inflame","floor":21},{"not_picked":["Clash","Bloodletting","Twin Strike"],"picked":"SKIP","floor":22}],"player_experience":806768,"relics_obtained":[{"floor":6,"key":"Girya"},{"floor":8,"key":"Oddly Smooth Stone"},{"floor":9,"key":"The Courier"},{"floor":12,"key":"Meat on the Bone"}],"event_choices":[{"damage_healed":0,"gold_gain":0,"player_choice":"Entered Light","damage_taken":23,"max_hp_gain":0,"max_hp_loss":0,"event_name":"Shining Light","floor":2,"gold_loss":0,"cards_upgraded":["Defend_R","Defend_R"]},{"damage_healed":0,"gold_gain":0,"player_choice":"Ignored","damage_taken":0,"max_hp_gain":0,"max_hp_loss":0,"event_name":"Liars Game","floor":3,"gold_loss":0},{"cards_removed":["Strike_R"],"damage_healed":0,"gold_gain":0,"player_choice":"Offered Basic","damage_taken":0,"max_hp_gain":0,"max_hp_loss":0,"event_name":"Bonfire Elementals","floor":4,"gold_loss":0},{"damage_healed":0,"gold_gain":0,"player_choice":"Ignored","damage_taken":0,"max_hp_gain":0,"max_hp_loss":0,"event_name":"Vampires","floor":19,"gold_loss":0},{"damage_healed":0,"gold_gain":0,"player_choice":"Became a Ghost","damage_taken":0,"max_hp_gain":0,"max_hp_loss":38,"event_name":"Ghosts","floor":20,"gold_loss":0,"cards_obtained":["Ghostly","Ghostly","Ghostly"]}],"is_beta":false,"boss_relics":[{"not_picked":["Runic Dome","SlaversCollar"],"picked":"Pandora\u0027s Box"}],"items_purged_floors":[],"is_endless":false,"potions_floor_spawned":[6,7,8,14,16,21],"killed_by":"Slavers","ascension_level":15}}