{"host":"0009l0kk6tb2u2kt","time":1610920589,"event":{"mods":["AchievementEnabler","BaseMod","BetterRewards","Downfall","Hubris","Infinite Spire","Minty Spire (QoL Compilation)","StSLib"],"gold_per_floor":[99,99,99,99,99,99,99,99,129,146,12,12,27,44,59,161,211,211,411,7,27,52,52,77,77,89,189,89,89,89,74,84,183,183,83,100,115,133,188,48,72,82,101,132,152,27,27,37,48,48,48,48],"floor_reached":50,"language":"ENG","playtime":4546,"items_purged":["hexamod:Defend","hexamod:Strike","hexamod:Strike"],"score":547,"play_id":"944abd24-b5ad-4bd9-810c-17120bd5867a","local_time":"20210117225629","is_ascension_mode":false,"campfire_choices":[{"data":"hexamod:Float","floor":1,"key":"SMITH"},{"data":"hexamod:GhostOfSpireFuture","floor":8,"key":"SMITH"},{"data":"hexamod:ThermalTransfer","floor":12,"key":"SMITH"},{"data":"hexamod:HexaLevel","floor":18,"key":"SMITH"},{"data":"expansioncontent:DashGenerateEvil","floor":25,"key":"SMITH"},{"data":"hexamod:ChargedBarrage","floor":28,"key":"SMITH"},{"floor":30,"key":"RECALL"},{"data":"hexamod:GhostflameInferno","floor":35,"key":"SMITH"},{"floor":47,"key":"REST"}],"circlet_count":0,"master_deck":["hexamod:Strike+1","hexamod:Defend","hexamod:Defend","hexamod:Sear+1","hexamod:Float+1","hexamod:Float+1","hexamod:GhostOfSpireFuture+1","hexamod:BurningTouch","hexamod:ExtraCrispy+1","hexamod:FastForward+1","hexamod:ThermalTransfer+1","hexamod:ThermalTransfer+1","hexamod:RadiantFlame+1","hexamod:DynamicBlow","hexamod:HexaLevel+1","hexamod:Firestarter","downfall:Haunted","expansioncontent:DashGenerateEvil+1","hexamod:ChargedBarrage+1","hexamod:Hexaguard+1","hexamod:GhostflameBarrier","hexamod:HeatMetal+1","hexamod:GhostflameInferno+1","expansioncontent:InvincibleStrength","hexamod:Hexaguard+1"],"relics":["hexamod:SpiritBrand","downfall:HeartsMalice","hubris:Icosahedron","infinitespire:BottledMercury","Shuriken","Tiny House","Blood Vial","hexamod:TheBrokenSeal","hubris:Towel","Lizard Tail","Molten Egg 2","downfall:HeartBlessingBlue","Empty Cage","downfall:HeartBlessingRed","Happy Flower","Ginger","infinitespire:Satchel","Nunchaku"],"acts_visited":["Exordium","TheCity","TheBeyond"],"potions_floor_usage":[16,20,20,27,27,33,33,33,33,33,44,44,49,50,50,50],"damage_taken":[{"damage":0,"enemies":"Jaw Worm","floor":3,"turns":1},{"damage":0,"enemies":"Cultist","floor":4,"turns":1},{"damage":0,"enemies":"Small Slimes","floor":5,"turns":1},{"damage":2,"enemies":"Gremlin Nob","floor":9,"turns":3},{"damage":11,"enemies":"Exordium Thugs","floor":10,"turns":5},{"damage":0,"enemies":"downfall:FleeingMerchant","floor":11,"turns":4},{"damage":2,"enemies":"2 Fungi Beasts","floor":13,"turns":4},{"damage":11,"enemies":"Large Slime","floor":14,"turns":4},{"damage":0,"enemies":"Red Slaver","floor":15,"turns":4},{"damage":12,"enemies":"DF_ARCHETYPE_STREAMLINE","floor":16,"turns":9},{"damage":5,"enemies":"downfall:FleeingMerchant","floor":20,"turns":4},{"damage":34,"enemies":"Chosen","floor":21,"turns":7},{"damage":32,"enemies":"Centurion and Healer","floor":22,"turns":7},{"damage":0,"enemies":"Cultist and Chosen","floor":26,"turns":4},{"damage":0,"enemies":"Colosseum Nobs","floor":27,"turns":3},{"damage":7,"enemies":"downfall:FleeingMerchant","floor":31,"turns":4},{"damage":0,"enemies":"3 Cultists","floor":32,"turns":5},{"damage":16,"enemies":"WA_ARCHETYPE_CALM","floor":33,"turns":9},{"damage":8,"enemies":"Orb Walker","floor":36,"turns":3},{"damage":12,"enemies":"3 Shapes","floor":37,"turns":4},{"damage":9,"enemies":"Sphere and 2 Shapes","floor":38,"turns":4},{"damage":8,"enemies":"downfall:FleeingMerchant","floor":40,"turns":4},{"damage":21,"enemies":"Maw","floor":42,"turns":6},{"damage":13,"enemies":"4 Shapes","floor":43,"turns":4},{"damage":80,"enemies":"Reptomancer","floor":44,"turns":6},{"damage":0,"enemies":"Jaw Worm Horde","floor":45,"turns":4},{"damage":9,"enemies":"Sphere and 2 Shapes","floor":48,"turns":4},{"damage":11,"enemies":"Spire Growth","floor":49,"turns":5},{"damage":121,"enemies":"IC_BLOCK_ARCHETYPE","floor":50,"turns":4}],"seed_played":"2139515240145353180","potions_obtained":[{"floor":10,"key":"SteroidPotion"},{"floor":15,"key":"DistilledChaos"},{"floor":15,"key":"Ancient Potion"},{"floor":16,"key":"FearPotion"},{"floor":17,"key":"Fire Potion"},{"floor":20,"key":"bronze:BurnAndBuffPotion"},{"floor":21,"key":"Dexterity Potion"},{"floor":27,"key":"EntropicBrew"},{"floor":32,"key":"BlessingOfTheForge"},{"floor":42,"key":"hexamod:SoulburnPotion"},{"floor":44,"key":"Swift Potion"},{"floor":45,"key":"hexamod:EctoCoolerPotion"},{"floor":48,"key":"FearPotion"},{"floor":49,"key":"FearPotion"}],"is_trial":false,"path_per_floor":["R","?","M","M","M","?","T","R","E","M","$","R","M","M","M","B",null,"R","?","$","M","M","?","T","R","M","?","R","?","R","$","M","B",null,"R","M","M","M","T","$","T","M","M","E","M","$","R","M","M","B"],"character_chosen":"THE_SPIRIT","items_purchased":["hexamod:FifthSeal","hexamod:ThermalTransfer","expansioncontent:DashGenerateEvil","Blood Vial","expansioncontent:InvincibleStrength","Ginger"],"campfire_rested":1,"item_purchase_floors":[11,11,20,20,40,40],"current_hp_per_floor":[70,70,70,70,70,70,70,70,68,57,57,57,55,44,44,32,75,75,75,70,38,85,85,85,85,85,85,95,95,95,88,90,76,95,95,87,77,70,70,64,64,45,34,26,28,28,56,49,40,0,0,0],"gold":48,"neow_bonus":"THREE_ENEMY_KILL","is_daily":false,"chose_seed":false,"campfire_upgraded":7,"win_rate":0.0,"timestamp":1610920589,"path_taken":["R","?","M","?","M","?","T","R","E","M","?","R","M","M","M","BOSS","R","?","$","M","M","?","T","R","M","?","R","?","R","$","M","BOSS","R","M","M","M","?","?","T","M","M","E","M","$","R","M","M","BOSS"],"items_purchased_type":["Card","Card","Card","Relic","Card","Relic"],"build_version":"2020-12-22","purchased_purges":3,"victory":false,"max_hp_per_floor":[70,70,70,70,70,70,70,70,70,70,70,70,70,70,70,70,75,75,75,75,75,85,85,85,85,85,85,95,95,95,95,95,95,95,95,95,95,95,95,95,95,95,95,95,95,95,95,95,95,95,95,95],"card_choices":[{"not_picked":["hexamod:AdvancingGuard","hexamod:NightmareStrike"],"picked":"hexamod:GhostOfSpireFuture","floor":3},{"not_picked":["hexamod:ShieldOfDarkness","hexamod:ThermalTransfer"],"picked":"hexamod:BurningTouch","floor":4},{"not_picked":["hexamod:Hexaguard","hexamod:SecondSeal"],"picked":"hexamod:ExtraCrispy","floor":5},{"not_picked":["hexamod:SpectersWail","hexamod:Hexaguard"],"picked":"hexamod:FastForward","floor":9},{"not_picked":["hexamod:NightmareGuise","hexamod:BacktrackSmack","hexamod:AdvancingGuard"],"picked":"SKIP","floor":10},{"not_picked":["hexamod:HauntingEcho","hexamod:SecondSeal"],"picked":"hexamod:ThermalTransfer","floor":11},{"not_picked":["hexamod:FirstSeal","hexamod:FourthSeal"],"picked":"hexamod:SixthSeal","floor":13},{"not_picked":["hexamod:SpectralSpark","hexamod:GhostShield","hexamod:PhantomCloak"],"picked":"SKIP","floor":13},{"not_picked":["hexamod:SixthSeal","hexamod:SecondSeal"],"picked":"hexamod:FourthSeal","floor":14},{"not_picked":["hexamod:NightmareStrike","hexamod:SwordOfDarkness"],"picked":"hexamod:RadiantFlame","floor":14},{"not_picked":["hexamod:FourthSeal","hexamod:FirstSeal"],"picked":"hexamod:ThirdSeal","floor":15},{"not_picked":["hexamod:NightmareGuise","hexamod:NightmareStrike"],"picked":"hexamod:DynamicBlow","floor":15},{"not_picked":["hexamod:SearingWound","hexamod:FlameSwitch"],"picked":"hexamod:HexaLevel","floor":16},{"not_picked":["hexamod:HeatMetal","hexamod:HauntingEcho"],"picked":"hexamod:Firestarter","floor":17},{"not_picked":["hexamod:SixthSeal","hexamod:ThirdSeal"],"picked":"hexamod:SecondSeal","floor":20},{"not_picked":["hexamod:FlamesFromBeyond+1","hexamod:GhostLash","hexamod:BurningTouch"],"picked":"SKIP","floor":20},{"not_picked":["hexamod:FourthSeal","hexamod:ThirdSeal"],"picked":"hexamod:FirstSeal","floor":21},{"not_picked":["hexamod:StepThrough","hexamod:ThermalTransfer"],"picked":"hexamod:ChargedBarrage","floor":21},{"not_picked":["hexamod:Firestarter","hexamod:NightmareGuise+1","hexamod:FlamesFromBeyond"],"picked":"SKIP","floor":21},{"not_picked":["hexamod:Rewind","hexamod:InspiringFlames"],"picked":"hexamod:Hexaguard","floor":22},{"not_picked":["hexamod:InspiringFlames","hexamod:Hexaguard"],"picked":"hexamod:GhostflameBarrier","floor":26},{"not_picked":["hexamod:GhostOfSpirePast","hexamod:InspiringFlames","hexamod:NightmareGuise+1"],"picked":"SKIP","floor":31},{"not_picked":["hexamod:FifthSeal","hexamod:RecurringNightmare+1"],"picked":"hexamod:HeatMetal+1","floor":32},{"not_picked":["hexamod:ParanormalForm","hexamod:UnleashSpirits+1"],"picked":"hexamod:GhostflameInferno","floor":33},{"not_picked":["hexamod:BurningTouch+1","hexamod:NightmareGuise+1","hexamod:HeatMetal+1"],"picked":"SKIP","floor":36},{"not_picked":["hexamod:SuperheatedStrike+1","hexamod:RadiantFlame+1","hexamod:InspiringFlames"],"picked":"SKIP","floor":37},{"not_picked":["hexamod:PhantomCloak+1","hexamod:RadiantFlame+1","hexamod:SecondSeal"],"picked":"SKIP","floor":38},{"not_picked":["hexamod:InspiringFlames","hexamod:BacktrackSmack+1","hexamod:GhostLash+1"],"picked":"SKIP","floor":40},{"not_picked":["hexamod:NightmareStrike+1","hexamod:NightmareGuise","hexamod:PhantomFireball+1"],"picked":"SKIP","floor":42},{"not_picked":["hexamod:HauntingEcho+1","hexamod:NightmareStrike+1","hexamod:PhantomCloak+1"],"picked":"SKIP","floor":43},{"not_picked":["hexamod:BacktrackSmack+1","hexamod:SuperheatedStrike+1"],"picked":"hexamod:Hexaguard+1","floor":44},{"not_picked":["hexamod:Firestarter+1","hexamod:GhostOfSpireFuture+1","hexamod:StepThrough+1"],"picked":"SKIP","floor":45},{"not_picked":["hexamod:FourthSeal","hexamod:SuperheatedStrike+1","hexamod:NightmareStrike+1"],"picked":"SKIP","floor":48},{"not_picked":["hexamod:SoulSteal","hexamod:ThirdSeal","hexamod:FastForward+1"],"picked":"SKIP","floor":49}],"player_experience":248314,"relics_obtained":[{"floor":7,"key":"infinitespire:BottledMercury"},{"floor":9,"key":"Shuriken"},{"floor":27,"key":"Lizard Tail"},{"floor":27,"key":"Molten Egg 2"},{"floor":39,"key":"Happy Flower"},{"floor":41,"key":"infinitespire:Satchel"},{"floor":44,"key":"Nunchaku"}],"event_choices":[],"is_beta":false,"boss_relics":[{"not_picked":["Pandora\u0027s Box","Astrolabe"],"picked":"Tiny House"},{"not_picked":["hubris:ScarierMask","Velvet Choker"],"picked":"Empty Cage"}],"items_purged_floors":[20,40,46],"is_endless":false,"potions_floor_spawned":[10,15,16,21,27,32,42,44,45,48,49],"killed_by":"IC_BLOCK_ARCHETYPE","ascension_level":0}}