{"host":"cjhtzh7tp54jdfyv","time":1610912269,"event":{"mods":["AchievementEnabler","BaseMod","Colored Map","Colored Powertips","Curses Come First","DeckTracker","Filter the Spire","Minty Spire (QoL Compilation)","RNG Fix","Relic Sorter","Relic Stats","StSLib","UnlockEverythingMod","ojb\u0027s Better Paths Mod","ojb\u0027s Info Mod"],"gold_per_floor":[111,125,50,66,84,84,95,124,150,150,150,150,150],"floor_reached":12,"language":"ENG","playtime":483,"items_purged":["Defend_P"],"score":160,"play_id":"8553703c-d1c3-43aa-94ee-65aeba5e1ad2","local_time":"20210117143749","is_ascension_mode":true,"campfire_choices":[{"data":"Eruption","floor":6,"key":"SMITH"},{"floor":10,"key":"REST"}],"circlet_count":0,"master_deck":["AscendersBane","Strike_P","Strike_P","Strike_P","Strike_P","Defend_P","Defend_P","Defend_P","Eruption+1","Vigilance","CurseOfTheBell","CrushJoints","Conclude"],"relics":["Calling Bell","Art of War","Sundial","Bird Faced Urn","Boot","Potion Belt"],"acts_visited":["Exordium"],"potions_floor_usage":[8,8],"damage_taken":[{"damage":8,"enemies":"Small Slimes","floor":1,"turns":4},{"damage":9,"enemies":"2 Louse","floor":2,"turns":3},{"damage":7,"enemies":"Jaw Worm","floor":4,"turns":3},{"damage":11,"enemies":"Blue Slaver","floor":5,"turns":4},{"damage":7,"enemies":"Gremlin Gang","floor":7,"turns":3},{"damage":13,"enemies":"3 Sentries","floor":8,"turns":4},{"damage":36,"enemies":"Lagavulin","floor":12,"turns":7}],"seed_played":"-3093134838690467316","potions_obtained":[{"floor":4,"key":"LiquidBronze"},{"floor":5,"key":"Dexterity Potion"}],"is_trial":false,"path_per_floor":["M","M","$","M","M","R","M","E","T","R","?","E"],"character_chosen":"WATCHER","items_purchased":[],"campfire_rested":1,"item_purchase_floors":[],"current_hp_per_floor":[53,44,44,37,26,26,19,6,6,26,26,0,0],"gold":150,"neow_bonus":"BOSS_RELIC","is_daily":false,"chose_seed":false,"campfire_upgraded":1,"win_rate":0.0,"timestamp":1610912269,"path_taken":["M","M","$","M","M","R","M","E","T","R","?","E"],"items_purchased_type":[],"build_version":"2020-12-22","purchased_purges":1,"victory":false,"max_hp_per_floor":[68,68,68,68,68,68,68,68,68,68,68,68,68],"relic_stats":{"counters":[7,28],"Sundial":[6],"Bird Faced Urn":[0],"Art of War":[3],"Boot":[6],"obtain_stats":[{"Calling Bell":0,"Potion Belt":9,"Sundial":0,"Bird Faced Urn":0,"Art of War":0,"PureWater":0,"Boot":8},{"Calling Bell":0,"Potion Belt":6,"Sundial":0,"Bird Faced Urn":0,"Art of War":0,"PureWater":0,"Boot":6},{"Calling Bell":0,"Potion Belt":21,"Sundial":0,"Bird Faced Urn":0,"Art of War":0,"PureWater":0,"Boot":21}]},"card_choices":[{"not_picked":["Prostrate","Sanctity"],"picked":"CrushJoints","floor":1},{"not_picked":["Evaluate","Consecrate","DeceiveReality"],"picked":"SKIP","floor":2},{"not_picked":["EmptyBody","Wallop"],"picked":"Conclude","floor":4},{"not_picked":["Evaluate","Worship","FollowUp"],"picked":"SKIP","floor":5},{"not_picked":["CrushJoints","ClearTheMind","Conclude"],"picked":"SKIP","floor":7},{"not_picked":["DevaForm","ThirdEye","Fasting2"],"picked":"SKIP","floor":8}],"player_experience":4579000,"relics_obtained":[{"floor":0.0,"key":"Art of War"},{"floor":0.0,"key":"Sundial"},{"floor":0.0,"key":"Bird Faced Urn"},{"floor":8,"key":"Boot"},{"floor":9,"key":"Potion Belt"}],"event_choices":[{"damage_healed":0,"gold_gain":0,"player_choice":"Ignored","damage_taken":0,"max_hp_gain":0,"max_hp_loss":0,"event_name":"Liars Game","floor":11,"gold_loss":0}],"is_beta":false,"boss_relics":[],"items_purged_floors":[3],"is_endless":false,"potions_floor_spawned":[4,5],"killed_by":"Lagavulin","ascension_level":20}}