{"host":"dv93mabv568wiefh","time":1610869294,"event":{"mods":["BaseMod","Hermit","Hubris","Infinite Spire","Marisa????????","Minty Spire (QoL Compilation)","Replay The Spire","StSLib","The Construct"],"gold_per_floor":[117,131,131,150,150,150,166,166,191,13,13,77,96,110,110,210,210,229,229,80,80,62,62,92,92,92],"floor_reached":25,"language":"ENG","playtime":1560,"items_purged":["Defend_B","Strike_B"],"score":317,"play_id":"ac46a72e-87bc-4a89-b6c8-b9022b75208d","local_time":"20210117024134","is_ascension_mode":true,"campfire_choices":[{"data":"Coolheaded","floor":6,"key":"SMITH"},{"data":"Redo","floor":8,"key":"SMITH"},{"data":"Loop","floor":11,"key":"SMITH"},{"floor":15,"key":"REST"},{"floor":23,"key":"REST"}],"circlet_count":0,"master_deck":["AscendersBane","Strike_B","Strike_B","Strike_B","Defend_B","Defend_B","Defend_B","Zap","Dualcast","Defend_P","Neutralize","Biased Cognition+1","Coolheaded+1","Glacier","Redo+1","Loop+1","Darkness","Static Discharge","Defragment","Glacier+1","Panic Button","Cold Snap","White Noise","Electrodynamics"],"relics":["Cracked Core","Replay:Wax Seal","Omamori","Cursed Key","Prayer Wheel","StoneCalendar"],"acts_visited":["Exordium","TheCity"],"potions_floor_usage":[13,24,25],"damage_taken":[{"damage":1,"enemies":"Cultist","floor":1,"turns":3},{"damage":4,"enemies":"2 Louse","floor":2,"turns":2},{"damage":4,"enemies":"Jaw Worm","floor":4,"turns":3},{"damage":9,"enemies":"Lots of Slimes","floor":7,"turns":7},{"damage":7,"enemies":"Gremlin Gang","floor":13,"turns":4},{"damage":11,"enemies":"Looter","floor":14,"turns":2},{"damage":33,"enemies":"Slime Boss","floor":16,"turns":7},{"damage":34,"enemies":"3 Byrds","floor":18,"turns":3},{"damage":9,"enemies":"2 Thieves","floor":22,"turns":4},{"damage":30,"enemies":"Slavers","floor":24,"turns":16},{"damage":19,"enemies":"Centurion and Healer","floor":25,"turns":1}],"seed_played":"-8458865010356208180","potions_obtained":[{"floor":2,"key":"GamblersBrew"},{"floor":7,"key":"SkillPotion"},{"floor":22,"key":"Fire Potion"},{"floor":24,"key":"SkillPotion"}],"is_trial":false,"path_per_floor":["M","M","?","M","?","R","M","R","T","$","R","$","M","M","R","B",null,"M","?","$","?","M","R","E","M"],"character_chosen":"DEFECT","items_purchased":["Loop","Darkness","Static Discharge","Cold Snap"],"campfire_rested":2,"item_purchase_floors":[10,10,12,20],"current_hp_per_floor":[67,63,63,59,59,59,50,50,50,50,50,50,43,32,54,21,62,28,28,28,28,19,41,11,0,0],"gold":92,"neow_bonus":"THREE_RARE_CARDS","is_daily":false,"chose_seed":false,"campfire_upgraded":3,"win_rate":0.0,"timestamp":1610869294,"path_taken":["M","?","?","M","?","R","?","R","T","$","R","$","?","?","R","BOSS","M","?","$","?","M","R","E","M"],"items_purchased_type":["Card","Card","Card","Card"],"build_version":"2020-12-22","purchased_purges":2,"victory":false,"max_hp_per_floor":[75,75,75,75,75,75,75,75,75,75,75,75,75,75,75,75,75,75,75,75,75,75,75,75,75,75],"card_choices":[{"not_picked":["ReplayTheSpireMod:Omega Cannon","Thunder Strike"],"picked":"Biased Cognition","floor":0},{"not_picked":["Steam Power","ReplayTheSpireMod:GoodbyeWorld","Go for the Eyes"],"picked":"SKIP","floor":1},{"not_picked":["ReplayGash","Steam"],"picked":"Coolheaded","floor":2},{"not_picked":["Cold Snap","Barrage"],"picked":"Glacier","floor":4},{"not_picked":["Glacier","hubris:PowerSurge"],"picked":"Redo","floor":7},{"not_picked":["ReplaySolidLightProjector","Aggregate","ReplaySort"],"picked":"SKIP","floor":13},{"not_picked":["Redo","Streamline"],"picked":"Defragment","floor":14},{"not_picked":["Rainbow","Amplify"],"picked":"ReplayTheSpireMod:Fabricate Wheel","floor":16},{"not_picked":["Chaos","Compile Driver+1"],"picked":"Glacier+1","floor":18},{"not_picked":["BasicCrystalCard","ReplayTheSpireMod:Reroute Power+1"],"picked":"White Noise","floor":22},{"not_picked":["Barrage","Go for the Eyes","Steam"],"picked":"SKIP","floor":24}],"player_experience":895147,"relics_obtained":[{"floor":9,"key":"Omamori"},{"floor":24,"key":"StoneCalendar"}],"event_choices":[{"damage_healed":0,"gold_gain":0,"player_choice":"Grow","damage_taken":0,"max_hp_gain":0,"max_hp_loss":0,"event_name":"Living Wall","floor":3,"gold_loss":0,"cards_upgraded":["Biased Cognition"]},{"damage_healed":0,"gold_gain":0,"player_choice":"Gave Potion","damage_taken":0,"relics_obtained":["Replay:Wax Seal"],"max_hp_gain":0,"max_hp_loss":0,"event_name":"WeMeetAgain","floor":5,"gold_loss":0},{"damage_healed":0,"gold_gain":0,"player_choice":"Read","damage_taken":0,"max_hp_gain":0,"max_hp_loss":0,"event_name":"The Library","floor":19,"gold_loss":0,"cards_obtained":["Panic Button"]}],"is_beta":false,"boss_relics":[{"not_picked":["hubris:TerracottaHorce","hubris:RunicObelisk"],"picked":"Cursed Key"}],"items_purged_floors":[10,20],"is_endless":false,"potions_floor_spawned":[2,7,22,24],"killed_by":"Centurion and Healer","ascension_level":10}}