{"host":"tdq5vwehmzjlkkx3","time":1610883276,"event":{"mods":["2.2 Compatiblity","Act Like it!","Aspiration","Astrologer","BaseMod","Beaked The Cultist","Better Altar","Better Match","Better Note","Better Third Choice","BetterRewards","Clockwork Mod","Colored Map","Colorless Booster Pack","Conjunction","Conspire","Defuse TimeMaze Blight","Energized Spire","FetchMod","Friendly Minions","FruityMod","GifTheSpireLib","Glutton Mod","Gremlin Mod","Halation","Hallownest","Highlight Path","Hubris","Infinite Spire","Key Reminder","Lotus Mark","Mimic Mod","Minty Spire (QoL Compilation)","Pale of the Ancients","Random Character Button","Relic Stats","Replay The Spire","Reworked Bosses","SCP261 Mod","Small Relic Pack","StSLib","Stuff the Spire","The Bladedancer","The Clintock","The Construct","The Disciple","The Factory","The Judge","The Jungle","The Marked","The Mystic","The Necromancer","The Servant","TheFirefly","Trackpad","Unceasing Turn Reminder","UnlockEverythingMod","Wandering Minibosses","slay the spire mod where everything is the same but ironclad has a cowboy hat","vexMod"],"gold_per_floor":[114,114,114,127,102,102,132,132,132,164,184,194,15,15,15,113,113,119,119,119,136,156,190,207,207,247,264,264,264],"floor_reached":28,"language":"ENG","playtime":2535,"items_purged":["Pain"],"score":348,"play_id":"56e38384-a29f-477d-a248-474addaff81b","local_time":"20210117033436","is_ascension_mode":false,"campfire_choices":[{"data":"beaked:Foresight","floor":6,"key":"SMITH"},{"data":"beaked:VigorBurst","floor":8,"key":"SMITH"},{"data":"beaked:CrazyRituals","floor":15,"key":"SMITH"},{"data":"beaked:WarriorSpirit","floor":25,"key":"SMITH"}],"circlet_count":0,"master_deck":["beaked:Strike_Y","beaked:Strike_Y","beaked:Strike_Y","beaked:Strike_Y","beaked:Strike_Y","beaked:Strike_Y","beaked:Defend_Y","beaked:Defend_Y","beaked:Defend_Y","beaked:Defend_Y","beaked:Ceremony","beaked:CrazyRituals+1","beaked:Insight","beaked:Brace","beaked:Struggle","beaked:WarriorSpirit+1","beaked:Foresight+1","Scorching Beam","Self Repair","beaked:VigorBurst+1","beaked:WarriorEssence","beaked:Evade","beaked:CursingBlood","beaked:Resilience","beaked:MachineEssence"],"relics":["beaked:MendingPlumage","ClockworkSouvenir","Replay:Wax Seal","relicPack:OneForAll","keyreminder:keyreminder","hubris:BottledRain","Bag of Preparation","SCP261:SadistsTumblerRelic","energizedSpire:SpiderWeb","trackpad:PocketGalaxy","Gremlin Horn","WingedGreaves"],"acts_visited":["Exordium","TheCity"],"potions_floor_usage":[10,10,12,22,23],"damage_taken":[{"damage":7,"enemies":"Cultist","floor":1,"turns":5},{"damage":9,"enemies":"Small Slimes","floor":4,"turns":4},{"damage":45,"enemies":"3 Sentries","floor":7,"turns":6},{"damage":12,"enemies":"Replay:BlueRogue","floor":10,"turns":7},{"damage":2,"enemies":"Jaw Worm","floor":11,"turns":6},{"damage":13,"enemies":"2 Fungi Beasts","floor":12,"turns":3},{"damage":18,"enemies":"Hexaghost","floor":16,"turns":9},{"damage":34,"enemies":"Chosen","floor":18,"turns":7},{"damage":5,"enemies":"3 Byrds","floor":21,"turns":6},{"damage":48,"enemies":"Cultist and Chosen","floor":22,"turns":7},{"damage":21,"enemies":"Gremlin Leader","floor":23,"turns":5},{"damage":18,"enemies":"Centurion and Healer","floor":24,"turns":5},{"damage":90,"enemies":"Shelled Parasite and Fungi","floor":26,"turns":11},{"damage":34,"enemies":"Shelled Parasite and Fungi","floor":27,"turns":7},{"damage":90,"enemies":"Slavers","floor":28,"turns":5}],"seed_played":"-2510473541575522632","potions_obtained":[{"floor":1,"key":"SCP261:BarrettColaPotion"},{"floor":4,"key":"SCP261:DewritoBlazePotion"},{"floor":11,"key":"Venom Potion"},{"floor":21,"key":"Explosive Potion"},{"floor":22,"key":"SCP261:BarrettColaPotion"}],"is_trial":false,"path_per_floor":["M","?","?","M","$","R","E","R","T","E","M","M","$","$","R","B",null,"M","AVR","?","M","M","E","M","R","MIM","M","E"],"character_chosen":"BEAKED_THE_CULTIST","items_purchased":["ClockworkSouvenir","beaked:Insight","beaked:Brace","beaked:Struggle","beaked:WarriorSpirit","Replay:Wax Seal","beaked:WarriorEssence","SCP261:SadistsTumblerRelic"],"campfire_rested":0,"item_purchase_floors":[0,0,0,0,0,0,5,13],"current_hp_per_floor":[47,47,47,55,55,55,29,29,29,55,55,43,43,43,43,51,55,42,42,42,55,55,55,55,55,55,55,0,0],"gold":264,"neow_bonus":"","is_daily":false,"chose_seed":false,"campfire_upgraded":4,"win_rate":0.0,"timestamp":1610883276,"path_taken":["M","?","?","M","$","R","E","R","T","E","M","M","?","$","R","BOSS","M","AVR","?","M","M","E","M","R","MIM","M","E"],"items_purchased_type":["Relic","Card","Card","Card","Card","Relic","Card","Relic"],"build_version":"2020-12-22","purchased_purges":1,"victory":false,"max_hp_per_floor":[50,50,50,55,55,55,55,55,55,55,55,55,55,55,55,55,55,55,55,55,55,55,55,55,55,55,55,55,55],"relic_stats":{"Gremlin Horn":[2,2],"counters":[27,152],"Bag of Preparation":[22],"obtain_stats":[{"Golden Egg":24,"Replay:M_StaffOfTheSnake":8,"NeowsBlessing":0,"Gremlin Horn":23,"SCP261:SadistsTumblerRelic":13,"Vajra":12,"infinitespire:Cubic Diamond":8,"Bag of Preparation":10,"energizedSpire:SpiderWeb":17,"energizedSpire:DeadBattery":17,"ClockworkSouvenir":0,"relicPack:OneForAll":3,"keyreminder:keyreminder":7,"trackpad:PocketGalaxy":19,"StuffTheSpire:Mouthbags":9,"astrologer:SkyMirror":0,"WingedGreaves":26,"trackpad:AdjectivePendant":13,"Replay:Wax Seal":0,"aspiration:Headhunter":6,"hubris:BottledRain":7},{"Golden Egg":11,"Replay:M_StaffOfTheSnake":4,"NeowsBlessing":0,"Gremlin Horn":23,"SCP261:SadistsTumblerRelic":18,"Vajra":7,"infinitespire:Cubic Diamond":4,"Bag of Preparation":16,"energizedSpire:SpiderWeb":19,"energizedSpire:DeadBattery":9,"ClockworkSouvenir":12,"relicPack:OneForAll":1,"keyreminder:keyreminder":15,"trackpad:PocketGalaxy":20,"StuffTheSpire:Mouthbags":5,"astrologer:SkyMirror":0,"WingedGreaves":25,"trackpad:AdjectivePendant":7,"Replay:Wax Seal":12,"aspiration:Headhunter":3,"hubris:BottledRain":15},{"Golden Egg":54,"Replay:M_StaffOfTheSnake":7,"NeowsBlessing":0,"Gremlin Horn":124,"SCP261:SadistsTumblerRelic":90,"Vajra":29,"infinitespire:Cubic Diamond":7,"Bag of Preparation":81,"energizedSpire:SpiderWeb":99,"energizedSpire:DeadBattery":45,"ClockworkSouvenir":59,"relicPack:OneForAll":1,"keyreminder:keyreminder":74,"trackpad:PocketGalaxy":106,"StuffTheSpire:Mouthbags":14,"astrologer:SkyMirror":0,"WingedGreaves":140,"trackpad:AdjectivePendant":29,"Replay:Wax Seal":59,"aspiration:Headhunter":3,"hubris:BottledRain":74}]},"card_choices":[{"not_picked":["ReplayTheSpireMod:RavenHex","beaked:Struggle"],"picked":"beaked:Foresight","floor":1},{"not_picked":["ReplayTheSpireMod:Prepare the Ceremony","ReplayTheSpireMod:Wings of Steel"],"picked":"beaked:VigorBurst","floor":4},{"not_picked":["beaked:HuntressEssence","beaked:StickSmack"],"picked":"beaked:Evade","floor":7},{"not_picked":["beaked:Brainwash","beaked:WarriorSpirit"],"picked":"beaked:CursingBlood","floor":10},{"not_picked":["beaked:SurvivalInstinct","beaked:WarriorEssence","beaked:Flinch"],"picked":"SKIP","floor":11},{"not_picked":["beaked:Windmill","beaked:Redirect"],"picked":"beaked:Resilience","floor":12},{"not_picked":["beaked:Brainwash","beaked:CheekyTricks"],"picked":"beaked:MachineEssence","floor":16},{"not_picked":["beaked:Tradeoff","beaked:Daydream","beaked:DigDeep+1"],"picked":"SKIP","floor":18},{"not_picked":["beaked:Negation","beaked:MimicHuntress","beaked:DesperateSwing"],"picked":"SKIP","floor":21},{"not_picked":["beaked:Replenish","beaked:Cower","beaked:MimicHuntress"],"picked":"SKIP","floor":22},{"not_picked":["beaked:CheekyTricks","ReplayTheSpireMod:Prepare the Ceremony","beaked:Molting"],"picked":"SKIP","floor":23},{"not_picked":["beaked:Struggle","beaked:Overexert","beaked:Tweet"],"picked":"SKIP","floor":24},{"not_picked":["beaked:SurvivalInstinct","beaked:SacrificialDive","beaked:CursingBlood"],"picked":"SKIP","floor":27}],"player_experience":340291,"relics_obtained":[{"floor":7,"key":"hubris:BottledRain"},{"floor":10,"key":"Bag of Preparation"},{"floor":23,"key":"Gremlin Horn"},{"floor":26,"key":"WingedGreaves"}],"event_choices":[{"damage_healed":0,"gold_gain":0,"player_choice":"Ignored","damage_taken":0,"max_hp_gain":0,"max_hp_loss":0,"event_name":"betterNote:BetterNote","floor":20,"gold_loss":0,"cards_obtained":["astrologer:Defend"]}],"is_beta":false,"boss_relics":[{"not_picked":["ChewingGum","beaked:FlawlessSticks"],"picked":"energizedSpire:SpiderWeb"}],"items_purged_floors":[19],"is_endless":false,"potions_floor_spawned":[1,4,11,21,22],"killed_by":"Slavers","ascension_level":0}}