{"host":"it4jxgnaprwjes7d","time":1610885838,"event":{"mods":["BaseMod","Downfall","Highlight Path","Minty Spire (QoL Compilation)","StSLib"],"gold_per_floor":[209,227,227,240,257,257,285,285,285,285,63,81,98,117,117,214,214,231,191,18,35,50,50,60,60,60,60,73,73,83,83,83,83,83],"floor_reached":33,"language":"ENG","playtime":1871,"items_purged":[],"score":251,"play_id":"8b256a85-717d-4626-82dd-e1d31dde025c","local_time":"20210117041718","is_ascension_mode":false,"campfire_choices":[{"data":"Perfected Strike","floor":6,"key":"SMITH"},{"floor":8,"key":"REST"},{"data":"Inflame","floor":15,"key":"SMITH"},{"data":"Bludgeon","floor":23,"key":"SMITH"},{"data":"Iron Wave","floor":27,"key":"SMITH"},{"data":"Anger","floor":29,"key":"SMITH"},{"data":"Clash","floor":32,"key":"SMITH"}],"circlet_count":0,"master_deck":["Strike_R","Strike_R","Strike_R","Strike_R","Defend_R","Defend_R","Defend_R","Defend_R","Bash","Clash+1","Perfected Strike+1","Cold Snap","Twin Strike","Pommel Strike","Fire Breathing","Cleave","Inflame+1","Iron Wave+1","Anger+1","Perfected Strike+1","Bludgeon+1","CurseOfTheBell","Twin Strike","Panache","Twin Strike","Inflame","Clash+1","Clothesline","Iron Wave"],"relics":["Burning Blood","Champion Belt","Eternal Feather","Dream Catcher","Calling Bell","Omamori","Mercury Hourglass","Incense Burner","Calipers"],"acts_visited":["Exordium","TheCity"],"potions_floor_usage":[12,12,14,16,24,33,33,33,33,33,33],"damage_taken":[{"damage":0,"enemies":"2 Louse","floor":1,"turns":3},{"damage":0,"enemies":"Cultist","floor":2,"turns":3},{"damage":5,"enemies":"Small Slimes","floor":4,"turns":4},{"damage":10,"enemies":"Blue Slaver","floor":5,"turns":2},{"damage":29,"enemies":"Lagavulin","floor":7,"turns":4},{"damage":5,"enemies":"Large Slime","floor":12,"turns":5},{"damage":11,"enemies":"Red Slaver","floor":13,"turns":3},{"damage":4,"enemies":"Lots of Slimes","floor":14,"turns":3},{"damage":14,"enemies":"Slime Boss","floor":16,"turns":6},{"damage":10,"enemies":"Spheric Guardian","floor":18,"turns":3},{"damage":10,"enemies":"3 Byrds","floor":21,"turns":5},{"damage":21,"enemies":"Snecko","floor":22,"turns":4},{"damage":15,"enemies":"Snake Plant","floor":24,"turns":2},{"damage":11,"enemies":"Centurion and Healer","floor":28,"turns":4},{"damage":15,"enemies":"Chosen and Byrds","floor":30,"turns":4},{"damage":105,"enemies":"Collector","floor":33,"turns":6}],"seed_played":"5883299931602046959","potions_obtained":[{"floor":7,"key":"EntropicBrew"},{"floor":12,"key":"hexamod:SoulburnPotion"},{"floor":14,"key":"FearPotion"},{"floor":18,"key":"BloodPotion"},{"floor":24,"key":"EntropicBrew"},{"floor":30,"key":"Swift Potion"}],"is_trial":false,"path_per_floor":["M","M","?","M","M","R","E","R","T","?","$","M","M","M","R","B",null,"M","?","$","M","M","R","M","?","T","R","M","R","M","?","R","B"],"character_chosen":"IRONCLAD","items_purchased":["Inflame","Dream Catcher","Panache"],"campfire_rested":1,"item_purchase_floors":[11,11,20],"current_hp_per_floor":[80,80,80,80,76,76,53,77,77,77,77,78,73,75,80,72,80,76,76,76,72,57,72,63,63,63,78,73,80,71,71,80,0,0],"gold":83,"neow_bonus":"HUNDRED_GOLD","is_daily":false,"chose_seed":false,"campfire_upgraded":6,"win_rate":0.0,"timestamp":1610885838,"path_taken":["M","M","?","M","?","R","E","R","T","?","?","?","M","M","R","BOSS","M","?","$","?","M","R","M","?","T","R","?","R","M","?","R","BOSS"],"items_purchased_type":["Card","Relic","Card"],"build_version":"2020-12-22","purchased_purges":0,"victory":false,"max_hp_per_floor":[80,80,80,80,80,80,80,80,80,80,80,80,80,80,80,80,80,80,80,80,80,80,80,80,80,80,80,80,80,80,80,80,80,80],"card_choices":[{"not_picked":["Sword Boomerang","Heavy Blade"],"picked":"Clash","floor":1},{"not_picked":["Pommel Strike","Flex"],"picked":"Perfected Strike","floor":2},{"not_picked":["Clothesline","Heavy Blade"],"picked":"Twin Strike","floor":4},{"not_picked":["Seeing Red","Flex"],"picked":"Pommel Strike","floor":5},{"not_picked":["Bloodletting","Impervious"],"picked":"Fire Breathing","floor":7},{"not_picked":["Heavy Blade","Whirlwind"],"picked":"Iron Wave","floor":12},{"not_picked":["Warcry","Twin Strike"],"picked":"Anger","floor":13},{"not_picked":["Armaments","Battle Trance"],"picked":"Perfected Strike","floor":14},{"not_picked":["Limit Break","Brutality"],"picked":"Bludgeon","floor":16},{"not_picked":["Second Wind","Hemokinesis"],"picked":"Twin Strike","floor":18},{"not_picked":["Hemokinesis","Burning Pact"],"picked":"Twin Strike","floor":21},{"not_picked":["Hemokinesis","Cleave"],"picked":"Inflame","floor":22},{"not_picked":["Second Wind+1","Pummel"],"picked":"Clash+1","floor":24},{"not_picked":["Flex","Warcry"],"picked":"Clothesline","floor":28},{"not_picked":["Clothesline","Headbutt"],"picked":"Iron Wave","floor":30}],"player_experience":27373,"relics_obtained":[{"floor":7,"key":"Champion Belt"},{"floor":9,"key":"Eternal Feather"},{"floor":17,"key":"Omamori"},{"floor":17,"key":"Mercury Hourglass"},{"floor":17,"key":"Incense Burner"},{"floor":26,"key":"Calipers"}],"event_choices":[{"cards_removed":["Strike_R"],"damage_healed":0,"gold_gain":0,"player_choice":"Took Card","damage_taken":0,"max_hp_gain":0,"max_hp_loss":0,"event_name":"NoteForYourself","floor":3,"gold_loss":0,"cards_obtained":["Cold Snap"]},{"damage_healed":0,"gold_gain":0,"player_choice":"1 cards matched","damage_taken":0,"max_hp_gain":0,"max_hp_loss":0,"event_name":"Match and Keep!","floor":10,"gold_loss":0,"cards_obtained":["Cleave"]},{"damage_healed":0,"gold_gain":0,"player_choice":"Upgrade","damage_taken":0,"max_hp_gain":0,"max_hp_loss":0,"event_name":"Designer","floor":19,"gold_loss":40,"cards_upgraded":["Perfected Strike"]},{"damage_healed":0,"gold_gain":0,"player_choice":"Ignored","damage_taken":0,"max_hp_gain":0,"max_hp_loss":0,"event_name":"N\u0027loth","floor":25,"gold_loss":0},{"damage_healed":0,"gold_gain":0,"player_choice":"Ignored","damage_taken":0,"max_hp_gain":0,"max_hp_loss":0,"event_name":"Ghosts","floor":31,"gold_loss":0}],"is_beta":false,"boss_relics":[{"not_picked":["Velvet Choker","SlaversCollar"],"picked":"Calling Bell"}],"items_purged_floors":[],"is_endless":false,"potions_floor_spawned":[7,12,14,18,24,30],"killed_by":"Collector","ascension_level":0}}