{"host":"tmgdm9kau0qip004","time":1610924653,"event":{"mods":["BaseMod","Downfall","KinomotoSakuraMod(ƒæ÷Æ±æ”£)","Marisa£®ÏF”Í°°ƒß¿Ì…≥£©","Minty Spire (QoL Compilation)","READ ME - Guardian Mod","Reimu£®≤©¿ˆ¡È√Œ£©","Remilia£®¿Ÿ√◊¿Ú—«£©","StSLib","The Senshi","Youmu£®ªÍ∆«—˝√Œ£©","Yuyuko","vexMod"],"gold_per_floor":[99,109,123,223,236,41,68,103,103,113,113,124,24,52,65,65,65],"floor_reached":16,"language":"ZHS","playtime":747,"items_purged":[],"score":137,"play_id":"1dae6391-b2ec-4c25-8554-cae8c1c73806","local_time":"20210118070413","is_ascension_mode":false,"campfire_choices":[{"floor":1,"key":"RECALL"},{"floor":13,"key":"REST"}],"circlet_count":0,"master_deck":["ClowCardTheSword","ClowCardTheSword","ClowCardTheSword","ClowCardTheShield","ClowCardTheShield","ClowCardTheShield","ClowCardTheShield","SpellCardSeal","SpellCardRelease","ClowCardTheBubbles","ClowCardTheMist","ClowCardTheLoop+1","ClowCardThePower+1","ClowCardTheWood","ClowCardTheSweet","ClowCardTheGlow","ClowCardTheBig"],"relics":["KSMOD_SealedBook","KSMOD_SealedWand","PreservedInsect","vexMod:PaidLearning","Strawberry","downfall:HeartBlessingBlue","KSMOD_MoonBell"],"acts_visited":["Exordium"],"potions_floor_usage":[],"damage_taken":[{"damage":4,"enemies":"Jaw Worm","floor":2,"turns":3},{"damage":2,"enemies":"2 Louse","floor":3,"turns":2},{"damage":2,"enemies":"Small Slimes","floor":5,"turns":3},{"damage":5,"enemies":"downfall:FleeingMerchant","floor":6,"turns":4},{"damage":26,"enemies":"Lagavulin","floor":8,"turns":5},{"damage":2,"enemies":"2 Fungi Beasts","floor":10,"turns":4},{"damage":5,"enemies":"Exordium Wildlife","floor":12,"turns":3},{"damage":18,"enemies":"3 Sentries","floor":14,"turns":5},{"damage":3,"enemies":"Blue Slaver","floor":15,"turns":2},{"damage":33,"enemies":"DF_ARCHETYPE_STREAMLINE","floor":16,"turns":5}],"seed_played":"8947605693432988126","potions_obtained":[{"floor":3,"key":"AttackPotion"},{"floor":12,"key":"Block Potion"},{"floor":14,"key":"Regen Potion"}],"is_trial":false,"path_per_floor":["R","M","M","?","M","$","T","E","?","M","?","M","R","E","M","B"],"character_chosen":"KINOMOTOSAKURA","items_purchased":["ClowCardThePower","vexMod:PaidLearning"],"campfire_rested":1,"item_purchase_floors":[6,6],"current_hp_per_floor":[70,66,64,64,62,57,57,38,38,36,36,31,67,49,48,17,17],"gold":65,"neow_bonus":"RANDOM_COMMON_RELIC","is_daily":false,"chose_seed":false,"campfire_upgraded":0,"win_rate":0.0,"timestamp":1610924653,"path_taken":["R","M","M","?","M","$","T","E","?","M","?","?","R","E","M","BOSS"],"items_purchased_type":["Card","Relic"],"build_version":"2020-12-22","purchased_purges":0,"victory":false,"max_hp_per_floor":[70,70,70,70,70,70,70,77,77,77,77,77,87,87,87,87,87],"card_choices":[{"not_picked":["ClowCardTheSand","ClowCardTheWave","ClowCardTheRain"],"picked":"SKIP","floor":2},{"not_picked":["ClowCardTheSilent","ClowCardTheCloud"],"picked":"ClowCardTheBubbles","floor":3},{"not_picked":["ClowCardTheSleep","ClowCardTheWood"],"picked":"ClowCardTheMist","floor":5},{"not_picked":["ClowCardTheLibra","ClowCardTheLittle"],"picked":"ClowCardTheLoop","floor":6},{"not_picked":["ClowCardTheLibra","ClowCardTheFlower"],"picked":"ClowCardTheWood","floor":8},{"not_picked":["ClowCardTheDream","ClowCardTheShot","ClowCardTheSleep"],"picked":"SKIP","floor":10},{"not_picked":["ClowCardTheWatery","ClowCardTheCloud"],"picked":"ClowCardTheSweet","floor":12},{"not_picked":["ClowCardTheThunder","ClowCardTheVoice"],"picked":"ClowCardTheGlow","floor":14},{"not_picked":["ClowCardTheLock","ClowCardTheFloat"],"picked":"ClowCardTheBig","floor":15}],"player_experience":125541,"relics_obtained":[{"floor":8,"key":"Strawberry"},{"floor":14,"key":"KSMOD_MoonBell"}],"event_choices":[{"cards_removed":["ClowCardTheSword"],"damage_healed":0,"gold_gain":0,"player_choice":"Card Removal","damage_taken":0,"max_hp_gain":0,"max_hp_loss":0,"event_name":"The Cleric","floor":9,"gold_loss":0}],"is_beta":false,"boss_relics":[],"items_purged_floors":[],"is_endless":false,"potions_floor_spawned":[3,12,14],"killed_by":"DF_ARCHETYPE_STREAMLINE","ascension_level":0}}