{"host":"iml8x8es9od4zowg","time":1610889189,"event":{"mods":["2.2 Compatiblity","BaseMod","Marisa£¨Ùöéë¡¡Øª×âÞÞ£©","Minty Spire (QoL Compilation)","StSLib","Td1madao Mod","The Jungle","¡¼?Úª?ø«¡½REMEMod"],"gold_per_floor":[117,117,292,292,308,340,390,418,488,514,514,219,219,236,236,333,333,353,370,185,185,40,67,77,110,110,124,29,29,29,40,40,141,141,153,153,165,39,51,85,85,113,183,257,257,269,269,4,4,4,4,4,4,31,31,31],"floor_reached":55,"language":"KOR","playtime":4043,"items_purged":["Doubt","Strike_C","Strike_C"],"score":918,"play_id":"57f3c78c-47dc-441c-bef8-0040c520c7a8","local_time":"20210117221309","is_ascension_mode":true,"campfire_choices":[{"floor":11,"key":"REST"},{"data":"Black Contract","floor":13,"key":"SMITH"},{"data":"Chip","floor":15,"key":"PURGE"},{"floor":29,"key":"REST"},{"floor":32,"key":"REST"},{"floor":41,"key":"REST"},{"floor":45,"key":"RECALL"},{"data":"Furious","floor":49,"key":"SMITH"},{"data":"Black Shadow","floor":52,"key":"SMITH"}],"circlet_count":0,"master_deck":["Defend_C+1","Defend_C","Defend_C+1","Defend_C+1","Knight Kick","Cursed Blade","Lunge","Black Contract+1","Pod Laser","Black Spear","Furious+1","Winding Magic+1","Fire Blade","E MP+1","Black Shadow+1","Reinforcement Parts+1","Break Into+1","Bugfix+1","Backup+1","Bugfix+1","Sub Weapons+1","Pod Fire+1","Fire Blade+1","Im Angry+1","New Defend Magic","Secret Weapon","Madness+1"],"relics":["Apod","REME_ComplimentaryCards","NeowsBlessing","Pear","Boot","Art of War","Ornamental Fan","Peace Pipe","Bag of Preparation","REME_DemonsWealth","theJungle:Creamberry","Membership Card","Bag of Marbles","Pantograph","Bottled Tornado","PreservedInsect","REME_LowDesire","Tiny Chest","Strawberry","War Paint","Regal Pillow","Darkstone Periapt","Mb Ring","TheAbacus","Kunai"],"acts_visited":["Exordium","Exordium","TheBeyond","TheEnding"],"potions_floor_usage":[8,8,16,23,31,55,55,55],"damage_taken":[{"damage":0,"enemies":"2 Louse","floor":1,"turns":1},{"damage":0,"enemies":"Jaw Worm","floor":5,"turns":1},{"damage":0,"enemies":"Gremlin Nob","floor":6,"turns":1},{"damage":21,"enemies":"Lagavulin","floor":8,"turns":5},{"damage":20,"enemies":"Gremlin Nob","floor":10,"turns":4},{"damage":0,"enemies":"Cultist","floor":14,"turns":2},{"damage":37,"enemies":"Hexaghost","floor":16,"turns":9},{"damage":0,"enemies":"theJungle:5_Spyders","floor":18,"turns":7},{"damage":12,"enemies":"theJungle:Flameango_and_Byrd","floor":19,"turns":7},{"damage":25,"enemies":"theJungle:Cassacara","floor":23,"turns":8},{"damage":4,"enemies":"theJungle:SlimyTreeVines","floor":24,"turns":6},{"damage":5,"enemies":"theJungle:MamaSnecko","floor":25,"turns":4},{"damage":10,"enemies":"theJungle:JungleHuntersEncounter","floor":27,"turns":5},{"damage":12,"enemies":"theJungle:Lyon","floor":31,"turns":4},{"damage":7,"enemies":"theJungle:QueenSpyder","floor":33,"turns":8},{"damage":15,"enemies":"3 Darklings","floor":35,"turns":6},{"damage":0,"enemies":"Orb Walker","floor":37,"turns":3},{"damage":23,"enemies":"3 Darklings","floor":39,"turns":14},{"damage":28,"enemies":"Giant Head","floor":40,"turns":7},{"damage":27,"enemies":"Nemesis","floor":42,"turns":7},{"damage":0,"enemies":"Sphere and 2 Shapes","floor":46,"turns":4},{"damage":60,"enemies":"Awakened One","floor":50,"turns":17},{"damage":38,"enemies":"Shield and Spear","floor":54,"turns":9},{"damage":63,"enemies":"The Heart","floor":55,"turns":5}],"seed_played":"-1706699088085312600","potions_obtained":[{"floor":1,"key":"FearPotion"},{"floor":6,"key":"Fire Potion"},{"floor":10,"key":"LiquidBronze"},{"floor":14,"key":"DuplicationPotion"},{"floor":19,"key":"Dexterity Potion"},{"floor":24,"key":"Regen Potion"},{"floor":27,"key":"EssenceOfSteel"},{"floor":35,"key":"Ancient Potion"},{"floor":37,"key":"Strength Potion"}],"is_trial":false,"path_per_floor":["M","?","?","?","M","E","T","E","T","E","R","$","R","M","R","B",null,"M","M","?","?","$","E","M","E","T","M","$","R","?","M","R","B",null,"M","?","M","$","M","E","R","E","T","T","R","M","?","$","R","B",null,"R","$","E","B"],"character_chosen":"TD1MADAO_CLASS","items_purchased":["Pod Laser","Bag of Preparation","Membership Card","PreservedInsect","Break Into","War Paint","New Defend Magic","Secret Weapon","TheAbacus"],"campfire_rested":4,"item_purchase_floors":[12,12,22,28,28,38,48,48,48],"current_hp_per_floor":[70,56,56,56,56,66,66,45,45,25,49,49,49,49,49,12,80,80,68,68,58,58,33,35,30,30,20,20,44,36,36,60,73,87,72,72,72,72,49,21,62,35,35,35,35,35,76,76,76,16,76,76,76,38,0,0],"gold":31,"neow_bonus":"THREE_ENEMY_KILL","is_daily":false,"chose_seed":false,"campfire_upgraded":3,"win_rate":0.0,"timestamp":1610889189,"path_taken":["M","?","?","?","?","E","?","E","T","E","R","$","R","M","R","BOSS","M","M","?","?","$","E","M","E","T","?","$","R","?","?","R","BOSS","M","?","M","?","?","E","R","E","T","?","R","M","?","$","R","BOSS","R","$","E","BOSS"],"items_purchased_type":["Card","Relic","Relic","Relic","Card","Relic","Card","Card","Relic"],"build_version":"2020-12-22","purchased_purges":3,"victory":false,"max_hp_per_floor":[70,70,70,70,70,80,80,80,80,80,80,80,80,80,80,80,80,80,80,80,80,80,80,80,80,80,80,80,80,80,80,80,80,87,87,87,87,87,87,87,87,87,87,87,87,87,76,76,76,76,76,76,76,76,76,76],"card_choices":[{"not_picked":["Afterwards","Provocative","Transfer Energy"],"picked":"SKIP","floor":1},{"not_picked":["Twin Teeth","Floating Swing Kick","Resistance"],"picked":"SKIP","floor":5},{"not_picked":["White Contract","Fire Blade"],"picked":"Lunge","floor":6},{"not_picked":["Lunge","Trader"],"picked":"Black Contract","floor":8},{"not_picked":["Afterwards","Three Hit","Black Execution"],"picked":"SKIP","floor":10},{"not_picked":["White Contract","Awareness"],"picked":"Black Spear","floor":14},{"not_picked":["Im Angry","Moon Tear"],"picked":"Furious","floor":16},{"not_picked":["Trader","Oblique Hack","Doubt"],"picked":"Winding Magic+1","floor":18},{"not_picked":["Lunge+1","Light Attack","Pain"],"picked":"Fire Blade","floor":19},{"not_picked":["Black Shadow","Judgment+1","Decay"],"picked":"E MP+1","floor":23},{"not_picked":["Weapon Shift+1","Afterwards+1","Doubt"],"picked":"Black Shadow","floor":24},{"not_picked":["White Contract+1","Black Warm Hole+1","De Ware Chip+1","Shame"],"picked":"SKIP","floor":25},{"not_picked":["Black Shadow","Floating Swing Kick","Normality"],"picked":"Reinforcement Parts+1","floor":27},{"not_picked":["Rupture","Black Shadow","Regret"],"picked":"Bugfix+1","floor":31},{"not_picked":["Moon Tear+1","Chip Synthesis+1","Clumsy"],"picked":"Backup+1","floor":33},{"not_picked":["Black Execution","Sudden Beat","Afterwards","Normality","PanicButton+1"],"picked":"SKIP","floor":35},{"not_picked":["Perfect Defend+1","Energy Supply+1","Writhe","Bandage Up+1"],"picked":"Bugfix+1","floor":37},{"not_picked":["Light Attack","Perfect Defend+1","Pain","Thinking Ahead+1"],"picked":"Sub Weapons+1","floor":39},{"not_picked":["Floating Swing Kick+1","Afterwards+1","Regret","Flash of Steel+1"],"picked":"Pod Fire+1","floor":40},{"not_picked":["Rupture+1","Paralysis+1","Injury","Metamorphosis+1"],"picked":"Fire Blade+1","floor":42},{"not_picked":["Afterwards","Light Attack","Doubt","Mind Blast+1"],"picked":"Im Angry+1","floor":46},{"not_picked":["Resistance+1","Sudden Beat","Defend System+1","Regret"],"picked":"Madness+1","floor":54}],"player_experience":546711,"relics_obtained":[{"floor":6,"key":"Pear"},{"floor":7,"key":"Boot"},{"floor":8,"key":"Art of War"},{"floor":9,"key":"Ornamental Fan"},{"floor":10,"key":"Peace Pipe"},{"floor":23,"key":"Bag of Marbles"},{"floor":25,"key":"Pantograph"},{"floor":26,"key":"Bottled Tornado"},{"floor":34,"key":"Tiny Chest"},{"floor":34,"key":"Strawberry"},{"floor":40,"key":"Regal Pillow"},{"floor":42,"key":"Darkstone Periapt"},{"floor":43,"key":"Mb Ring"},{"floor":54,"key":"Kunai"}],"event_choices":[{"damage_healed":0,"gold_gain":0,"player_choice":"Entered Light","damage_taken":14,"max_hp_gain":0,"max_hp_loss":0,"event_name":"Shining Light","floor":2,"gold_loss":0,"cards_upgraded":["Defend_C","Defend_C"]},{"damage_healed":0,"gold_gain":175,"player_choice":"AGREE","damage_taken":0,"max_hp_gain":0,"max_hp_loss":0,"event_name":"Liars Game","floor":3,"gold_loss":0,"cards_obtained":["Doubt"]},{"damage_healed":0,"gold_gain":0,"cards_transformed":["Swivel"],"player_choice":"Transformed","damage_taken":0,"max_hp_gain":0,"max_hp_loss":0,"event_name":"Transmorgrifier","floor":4,"gold_loss":0,"cards_obtained":["Cursed Blade"]},{"damage_healed":0,"gold_gain":0,"player_choice":"Damaged","damage_taken":8,"max_hp_gain":0,"max_hp_loss":0,"event_name":"Wheel of Change","floor":30,"gold_loss":0},{"cards_removed":["Strike_C"],"damage_healed":0,"gold_gain":0,"player_choice":"Offered Basic","damage_taken":0,"max_hp_gain":0,"max_hp_loss":0,"event_name":"Bonfire Elementals","floor":36,"gold_loss":0},{"damage_healed":76,"gold_gain":0,"player_choice":"Heal","damage_taken":0,"max_hp_gain":0,"max_hp_loss":11,"event_name":"The Moai Head","floor":47,"gold_loss":0}],"is_beta":false,"boss_relics":[{"not_picked":["Snecko Eye","Runic Dome"],"picked":"REME_DemonsWealth"},{"not_picked":["Sozu","SlaversCollar"],"picked":"REME_LowDesire"}],"items_purged_floors":[12,38,48],"is_endless":false,"potions_floor_spawned":[1,6,10,14,19,24,27,35,37,54],"killed_by":"The Heart","ascension_level":1}}