{"host":"0fmi5fguj5lvt8pf","time":1610853118,"event":{"mods":["BaseMod","Colored Map","Curses Come First","Downfall","Minty Spire (QoL Compilation)","Permanent Neow","StSLib"],"gold_per_floor":[99,113,125,125,137,150,232,232,532,382,395,164,182,197,209,313,313,313,313,313,313,313,332,332,332,332],"floor_reached":25,"language":"ENG","playtime":1028,"items_purged":["downfall:Icky"],"score":193,"play_id":"a9255019-7072-4c9c-a6d9-c9953af534f2","local_time":"20210116191158","is_ascension_mode":false,"campfire_choices":[{"data":"bronze:RecursiveStrike","floor":1.0,"key":"SMITH"},{"data":"bronze:FineTuning","floor":18.0,"key":"SMITH"}],"circlet_count":0,"master_deck":["bronze:Strike","bronze:Strike","bronze:Strike","bronze:Strike","bronze:Defend","bronze:Defend","bronze:Defend","bronze:Defend","bronze:Replicate","bronze:Goto","bronze:RecursiveStrike+1","bronze:ClassDefault","bronze:Optimize","bronze:RecursiveStrike+1","bronze:FineTuning+1","downfall:Icky","bronze:FindAndReplace","bronze:InfiniteBeams","bronze:Overload","bronze:InfiniteLoop","bronze:InfiniteBeams"],"relics":["bronze:BronzeCore","downfall:BrokenWingStatue","SacredBark","Enchiridion","Boot","Frozen Egg 2"],"acts_visited":["Exordium","TheCity"],"potions_floor_usage":[23,25],"damage_taken":[{"damage":3.0,"enemies":"2 Louse","floor":2.0,"turns":2.0},{"damage":1.0,"enemies":"Cultist","floor":3.0,"turns":3.0},{"damage":0.0,"enemies":"Small Slimes","floor":5.0,"turns":2.0},{"damage":13.0,"enemies":"2 Fungi Beasts","floor":6.0,"turns":3.0},{"damage":17.0,"enemies":"Large Slime","floor":11.0,"turns":3.0},{"damage":0.0,"enemies":"downfall:FleeingMerchant","floor":12.0,"turns":4.0},{"damage":8.0,"enemies":"Gremlin Gang","floor":13.0,"turns":5.0},{"damage":2.0,"enemies":"2 Fungi Beasts","floor":14.0,"turns":3.0},{"damage":5.0,"enemies":"3 Louse","floor":15.0,"turns":3.0},{"damage":44.0,"enemies":"SI_SHIV_ARCHETYPE","floor":16.0,"turns":6.0},{"damage":0,"enemies":"3 Byrds","floor":23,"turns":3},{"damage":47,"enemies":"Book of Stabbing","floor":25,"turns":4}],"seed_played":"-8942574344939671314","potions_obtained":[{"floor":5.0,"key":"Fire Potion"},{"floor":6.0,"key":"Weak Potion"},{"floor":11.0,"key":"Weak Potion"},{"floor":14.0,"key":"ColorlessPotion"},{"floor":16.0,"key":"LiquidMemories"},{"floor":23,"key":"AttackPotion"}],"is_trial":false,"path_per_floor":["R","M","M","?","M","M","T","?","?","?","M","$","M","M","M","B",null,"R","?","?","?","T","M","T","E"],"character_chosen":"THE_AUTOMATON","items_purchased":["bronze:InfiniteBeams","Regen Potion"],"campfire_rested":0,"item_purchase_floors":[12,12],"current_hp_per_floor":[63,60,59,59,59,46,46,46,46,73,56,56,48,46,41,12,73,73,57,44,44,44,44,44,0,0],"gold":332,"neow_bonus":"THREE_RARE_CARDS","is_daily":false,"chose_seed":false,"campfire_upgraded":2,"win_rate":0.0,"timestamp":1610853118,"path_taken":["R","M","M","?","?","M","T","?","?","?","M","$","M","?","M","BOSS","R","?","?","?","?","M","T","E"],"items_purchased_type":["Card","Potion"],"build_version":"2020-12-22","purchased_purges":1,"victory":false,"max_hp_per_floor":[63,63,63,63,63,63,63,63,63,73,73,73,73,73,73,73,73,73,73,78,78,78,78,78,78,78],"card_choices":[{"not_picked":["bronze:HyperBeam","bronze:Virus"],"picked":"bronze:RecursiveStrike","floor":0.0},{"not_picked":["bronze:Invalidate","bronze:BugBarrage"],"picked":"bronze:ClassDefault","floor":2.0},{"not_picked":["bronze:Turbo","bronze:ChosenStrike"],"picked":"bronze:Optimize","floor":3.0},{"not_picked":["bronze:CutThrough","bronze:Refactor","bronze:DarkDash"],"picked":"SKIP","floor":5.0},{"not_picked":["bronze:DelayedGuard","bronze:Iterate"],"picked":"bronze:FineTuning","floor":6.0},{"not_picked":["bronze:WildBeam","bronze:Frontload","bronze:Turbo"],"picked":"SKIP","floor":11.0},{"not_picked":["bronze:Separator","bronze:Overheat"],"picked":"bronze:FindAndReplace","floor":12.0},{"not_picked":["bronze:Frontload","bronze:Repair"],"picked":"bronze:Overload","floor":13.0},{"not_picked":["bronze:BugBarrage","bronze:BronzeArmor","bronze:BuggyMess"],"picked":"SKIP","floor":14.0},{"not_picked":["bronze:ChosenStrike","bronze:Branch","bronze:Overheat"],"picked":"SKIP","floor":15.0},{"not_picked":["bronze:SpaghettiCode","bronze:Mutator"],"picked":"bronze:InfiniteLoop","floor":16.0},{"not_picked":["bronze:BugBarrage","bronze:OilSpill+1"],"picked":"bronze:InfiniteBeams","floor":23}],"player_experience":1363490,"relics_obtained":[{"floor":19.0,"key":"Enchiridion"},{"floor":22.0,"key":"Boot"},{"floor":24,"key":"Frozen Egg 2"}],"event_choices":[{"damage_healed":0.0,"max_hp_gain":0.0,"max_hp_loss":0.0,"gold_gain":0.0,"event_name":"Vampires","player_choice":"Ignored","floor":21.0,"gold_loss":0.0,"damage_taken":0.0}],"is_beta":false,"boss_relics":[{"not_picked":["Runic Pyramid","Coffee Dripper"],"picked":"SacredBark"}],"items_purged_floors":[12],"is_endless":false,"potions_floor_spawned":[5,6,11,14,15,16,23],"killed_by":"Book of Stabbing","ascension_level":0}}