{"host":"bycas0s5rx7l5h3x","time":1610850290,"event":{"mods":["AchievementEnabler","Act Like it!","Arknights The Spire","BaseMod","Minty Spire (QoL Compilation)","Pale of the Ancients","StSLib"],"gold_per_floor":[112,131,144,157,173,189,208,228,255,272,282,296,296,306,306,403,403,420,420,420,438,452,480,178,178,178,194,212,225,225,225,225],"floor_reached":31,"language":"ZHS","playtime":3961,"items_purged":["ats:Strike V"],"score":266,"play_id":"3138f7e2-d2aa-4a0c-85ff-6f96d91d6e77","local_time":"20210117102450","is_ascension_mode":false,"campfire_choices":[{"data":"ats:Composite Medical Shells","floor":13,"key":"SMITH"},{"data":"ats:Part Time Job","floor":15,"key":"SMITH"},{"floor":25,"key":"REST"},{"floor":30,"key":"REST"}],"circlet_count":0,"master_deck":["ats:Strike C","ats:Strike G","ats:Strike S","ats:Armor Crushing Shot","ats:Defend","ats:Defend","ats:Defend","ats:Defend","ats:Emotion Absorption","ats:Consecutive Shot Auto","ats:Part Time Job+1","ats:Revitalization","ats:Revitalization","ats:Shell Defense","ats:Encircling Forest","ats:Poison Spread","ats:Revitalization","ats:Childhood Dance","ats:Cat Scratch","ats:Composite Medical Shells+1","ats:Powerful Strike","ats:Ambush","ats:Apocalypse","ats:Thermite Blade+1","ats:Directed Diagnosis","ats:Childhood Dance+1","ats:Flexible Camouflage","ats:Chain Hook","ats:Support Order","ats:Assault Order"],"relics":["ats:Sanity","Boot","Red Mask","ats:Industrial Water Cannon"],"acts_visited":["Exordium","TheCity"],"potions_floor_usage":[8,24],"damage_taken":[{"damage":2.0,"enemies":"Cultist","floor":1.0,"turns":5.0},{"damage":5.0,"enemies":"Small Slimes","floor":2.0,"turns":3.0},{"damage":0.0,"enemies":"2 Louse","floor":3.0,"turns":4.0},{"damage":15.0,"enemies":"2 Fungi Beasts","floor":4.0,"turns":6.0},{"damage":34.0,"enemies":"Blue Slaver","floor":5.0,"turns":10.0},{"damage":20.0,"enemies":"3 Louse","floor":6.0,"turns":6.0},{"damage":48,"enemies":"2 Fungi Beasts","floor":7,"turns":9},{"damage":32,"enemies":"Red Slaver","floor":8,"turns":7},{"damage":41,"enemies":"Gremlin Gang","floor":10,"turns":11},{"damage":5,"enemies":"Looter","floor":11,"turns":4},{"damage":30,"enemies":"Red Slaver","floor":12,"turns":7},{"damage":13,"enemies":"Exordium Wildlife","floor":14,"turns":3},{"damage":73,"enemies":"Hexaghost","floor":16,"turns":13},{"damage":75,"enemies":"Shell Parasite","floor":18,"turns":14},{"damage":34,"enemies":"3 Byrds","floor":21,"turns":6},{"damage":62,"enemies":"Shelled Parasite and Fungi","floor":22,"turns":10},{"damage":87,"enemies":"Masked Bandits","floor":23,"turns":7},{"damage":68,"enemies":"Centurion and Healer","floor":27,"turns":8},{"damage":32,"enemies":"Snake Plant","floor":28,"turns":8},{"damage":37,"enemies":"Snecko","floor":29,"turns":7},{"damage":74,"enemies":"Cultist and Chosen","floor":31,"turns":6}],"seed_played":"-1632545893993795706","potions_obtained":[{"floor":2.0,"key":"SkillPotion"},{"floor":5.0,"key":"ColorlessPotion"},{"floor":6,"key":"DuplicationPotion"},{"floor":7,"key":"FairyPotion"},{"floor":8,"key":"Fruit Juice"},{"floor":12,"key":"Regen Potion"}],"is_trial":false,"path_per_floor":["M","M","M","M","M","M","M","M","T","M","M","M","R","M","R","B",null,"M","?","$","M","M","?","$","R","T","M","M","M","R","M"],"character_chosen":"DOCTOR_CLASS","items_purchased":["ats:Flexible Camouflage","ats:Chain Hook","Fruit Juice"],"campfire_rested":2,"item_purchase_floors":[24,24,24],"current_hp_per_floor":[77,72,77,67,72,79,70,84,84,84,82,75,75,71,71,78,84,81,81,81,67,62,26,31,57,57,28,23,22,48,0,0],"gold":225,"neow_bonus":"TEN_PERCENT_HP_BONUS","is_daily":false,"chose_seed":false,"campfire_upgraded":2,"win_rate":0.0,"timestamp":1610850290,"path_taken":["M","M","?","M","M","M","M","M","T","M","M","M","R","M","R","BOSS","M","?","$","M","M","?","$","R","T","M","M","M","R","M"],"items_purchased_type":["Card","Card","Potion"],"build_version":"2020-12-22","purchased_purges":1,"victory":false,"max_hp_per_floor":[79,79,79,79,79,79,79,84,84,84,84,84,84,84,84,84,84,84,84,84,84,84,84,89,89,89,89,89,89,89,89,89],"card_choices":[{"not_picked":["ats:Spore Proliferation","ats:Explosion Area Strengthen"],"picked":"ats:Consecutive Shot Auto","floor":1.0},{"not_picked":["ats:Song Of Battle","ats:Consecutive Shot Auto"],"picked":"ats:Part Time Job","floor":2.0},{"not_picked":["ats:Apocalypse","ats:Magnetic Hammer"],"picked":"ats:Revitalization","floor":3.0},{"not_picked":["ats:Explosion Area Strengthen","ats:Red Shift"],"picked":"ats:Revitalization","floor":4.0},{"not_picked":["ats:Ignite","ats:Neurotoxin"],"picked":"ats:Shell Defense","floor":5.0},{"not_picked":["ats:Assault Order","ats:Powerful Strike"],"picked":"ats:Encircling Forest","floor":6},{"not_picked":["ats:True Silver Slash","ats:Leaping Hammer"],"picked":"ats:Poison Spread","floor":7},{"not_picked":["ats:Consecutive Shot Auto","ats:Assault Order"],"picked":"ats:Revitalization","floor":8},{"not_picked":["ats:Guardian Obelisk","ats:Spore Proliferation"],"picked":"ats:Childhood Dance","floor":10},{"not_picked":["ats:Explosion Area Strengthen","ats:Apocalypse"],"picked":"ats:Cat Scratch","floor":11},{"not_picked":["ats:Cat Scratch","ats:Ignite"],"picked":"ats:Composite Medical Shells","floor":12},{"not_picked":["ats:Ignite","ats:Consecutive Shot Auto"],"picked":"ats:Powerful Strike","floor":14},{"not_picked":["ats:Calcification","ats:Roar Of Ursus"],"picked":"ats:Ambush","floor":16},{"not_picked":["ats:Explosion Area Strengthen","ats:Encircling Forest+1"],"picked":"ats:Apocalypse","floor":18},{"not_picked":["ats:Flame Of Heaven","ats:Revitalization"],"picked":"ats:Thermite Blade+1","floor":21},{"not_picked":["ats:Childhood Dance","ats:Guardian Obelisk+1"],"picked":"ats:Directed Diagnosis","floor":22},{"not_picked":["ats:Ignite","ats:Directed Diagnosis+1"],"picked":"ats:Childhood Dance+1","floor":23},{"not_picked":["ats:Apocalypse","ats:Shadow Assault"],"picked":"ats:Support Order","floor":27},{"not_picked":["ats:Childhood Dance","ats:Curse Doll"],"picked":"ats:Assault Order","floor":28},{"not_picked":["ats:Childhood Dance","ats:Ignite","ats:Apocalypse"],"picked":"SKIP","floor":29}],"player_experience":27685,"relics_obtained":[{"floor":9,"key":"Boot"},{"floor":23,"key":"Red Mask"},{"floor":26,"key":"ats:Industrial Water Cannon"}],"event_choices":[{"damage_healed":0,"gold_gain":0,"player_choice":"Ignored","damage_taken":0,"max_hp_gain":0,"max_hp_loss":0,"event_name":"Beggar","floor":19,"gold_loss":0},{"damage_healed":0,"gold_gain":0,"player_choice":"Fought Bandits","damage_taken":0,"max_hp_gain":0,"max_hp_loss":0,"event_name":"Masked Bandits","floor":23,"gold_loss":0}],"is_beta":false,"boss_relics":[{"not_picked":["Snecko Eye","Fusion Hammer","Busted Crown"]}],"items_purged_floors":[24],"is_endless":false,"potions_floor_spawned":[2,5,6,7,8,12,14,18,28,29],"killed_by":"Cultist and Chosen","ascension_level":0}}