{"host":"fxjo6tp1j0b638k6","time":1610900901,"event":{"mods":["BaseMod","Downfall","Minty Spire (QoL Compilation)","Permanent Neow","Quick Restart","Relic Stats","StSLib"],"gold_per_floor":[199,216,216,231,52,52,103,103,122,146,175,210,237,237,262,369,369,369,390,413,613,640,380,380,380,403,3,28,28,39,50,68,175,175,175,200,200,51,70,70,93,113,113,113,128,147,163,22,42,42],"floor_reached":51,"language":"ENG","playtime":4846,"items_purged":["Slimebound:Defend_Slimebound","Slimebound:Defend_Slimebound","Slimebound:Nibble"],"score":705,"play_id":"d1c04295-df88-44bb-9e75-b68438adadfb","local_time":"20210117172821","is_ascension_mode":false,"campfire_choices":[{"data":"Slimebound:CorrosiveSpit","floor":1.0,"key":"SMITH"},{"data":"expansioncontent:DashGenerateEvil","floor":6.0,"key":"SMITH"},{"data":"Slimebound:LevelUp","floor":8.0,"key":"SMITH"},{"data":"Slimebound:MassRepurpose","floor":18.0,"key":"SMITH"},{"data":"Slimebound:LevelUp","floor":29,"key":"SMITH"},{"data":"Slimebound:Split","floor":35,"key":"SMITH"},{"data":"Slimebound:LevelUp","floor":40,"key":"SMITH"}],"circlet_count":0,"master_deck":["Slimebound:Tackle+1","Slimebound:Split+1","Slimebound:CorrosiveSpit+1","Slimebound:SplitLeeching+1","Slimebound:LevelUp+1","Slimebound:Equalize+1","expansioncontent:DashGenerateEvil+1","Slimebound:HauntingLick","Slimebound:LevelUp+1","Slimebound:GrowthPunch","Slimebound:OozeBath","Slimebound:Schlurp","Slimebound:MassRepurpose+1","Slimebound:RollThrough+1","Slimebound:GoopSpray+1","Slimebound:Tackle+1","Slimebound:Tackle+1","Slimebound:Tackle+1","Slimebound:FinishingTackle+1","Slimebound:Schlurp","Slimebound:LevelUp+1","Slimebound:Schlurp+1","Slimebound:MassFeed+1","Slimebound:MassFeed+1","Slimebound:FormOfPuddle+1","Slimebound:RallyTheTroops+1","Slimebound:SlimeBarrage+1","Slimebound:LevelUp+1"],"relics":["Slimebound:AbsorbEndCombat","MealTicket","CeramicFish","Whetstone","Coffee Dripper","Molten Egg 2","Tiny Chest","Toy Ornithopter","Mercury Hourglass","Snecko Eye","Membership Card","HornCleat","Nunchaku","Ancient Tea Set","Strawberry","Orichalcum"],"acts_visited":["Exordium","TheCity","TheBeyond"],"potions_floor_usage":[19,31,32,33,33,45,49],"damage_taken":[{"damage":4.0,"enemies":"Cultist","floor":2.0,"turns":4.0},{"damage":3.0,"enemies":"2 Louse","floor":4.0,"turns":1.0},{"damage":0.0,"enemies":"downfall:FleeingMerchant","floor":5.0,"turns":4.0},{"damage":3.0,"enemies":"Small Slimes","floor":9.0,"turns":3.0},{"damage":5.0,"enemies":"3 Louse","floor":10.0,"turns":4.0},{"damage":7.0,"enemies":"Large Slime","floor":11.0,"turns":5.0},{"damage":36.0,"enemies":"Gremlin Nob","floor":12.0,"turns":4.0},{"damage":1.0,"enemies":"Blue Slaver","floor":13.0,"turns":4.0},{"damage":0.0,"enemies":"Lots of Slimes","floor":15.0,"turns":3.0},{"damage":21.0,"enemies":"WA_ARCHETYPE_RETAIN","floor":16.0,"turns":7.0},{"damage":21,"enemies":"3 Byrds","floor":19,"turns":5},{"damage":13,"enemies":"Centurion and Healer","floor":20,"turns":5},{"damage":14,"enemies":"Centurion and Healer","floor":21,"turns":6},{"damage":15,"enemies":"downfall:FleeingMerchant","floor":23,"turns":4},{"damage":14,"enemies":"downfall:FleeingMerchant","floor":27,"turns":4},{"damage":0,"enemies":"3 Cultists","floor":28,"turns":4},{"damage":21,"enemies":"Snake Plant","floor":30,"turns":3},{"damage":25,"enemies":"Centurion and Healer","floor":31,"turns":3},{"damage":19,"enemies":"Shelled Parasite and Fungi","floor":32,"turns":4},{"damage":53,"enemies":"IC_MUSHROOM_ARCHETYPE","floor":33,"turns":7},{"damage":7,"enemies":"3 Shapes","floor":36,"turns":2},{"damage":0,"enemies":"downfall:FleeingMerchant","floor":38,"turns":2},{"damage":0,"enemies":"Orb Walker","floor":39,"turns":3},{"damage":22,"enemies":"3 Darklings","floor":42,"turns":4},{"damage":32,"enemies":"4 Shapes","floor":45,"turns":3},{"damage":0,"enemies":"Maw","floor":46,"turns":6},{"damage":9,"enemies":"3 Darklings","floor":47,"turns":4},{"damage":13,"enemies":"4 Shapes","floor":49,"turns":3},{"damage":41,"enemies":"DF_ARCHETYPE_ORBS","floor":50,"turns":8}],"seed_played":"-340519174651384065","potions_obtained":[{"floor":4.0,"key":"Slimebound:SlimyTonguePotion"},{"floor":9.0,"key":"Slimebound:SlimedPotion"},{"floor":11.0,"key":"champ:CounterPotion"},{"floor":31,"key":"Slimebound:ThreeZeroPotion"},{"floor":42,"key":"Energy Potion"},{"floor":46,"key":"Energy Potion"},{"floor":49,"key":"Fruit Juice"}],"is_trial":false,"path_per_floor":["R","M","T","M","$","R","T","R","M","M","M","E","M","?","M","B",null,"R","M","M","?","?","$","T","?","T","$","M","R","M","M","M","B",null,"R","M","?","$","M","R","T","M","T","?","M","M","M","$","M","B",null],"character_chosen":"SLIMEBOUND","items_purchased":["expansioncontent:DashGenerateEvil","Slimebound:Schlurp","Slimebound:LevelUp","Regen Potion","Toy Ornithopter","Mercury Hourglass","Membership Card","HornCleat","Strength Potion","Weak Potion","FearPotion","Slimebound:SlimeBarrage+1","Nunchaku","Orichalcum"],"campfire_rested":0,"item_purchase_floors":[5,23,23,23,27,27,38,38,38,38,38,38,38,48],"current_hp_per_floor":[65,63,63,61,65,65,65,65,62,62,59,30,34,34,40,36,65,65,45,45,44,44,57,57,57,57,52,65,65,45,38,35,18,65,65,66,66,77,81,81,81,72,79,71,50,61,57,72,82,53],"gold":42,"neow_bonus":"HUNDRED_GOLD","is_daily":false,"chose_seed":false,"campfire_upgraded":7,"win_rate":0.0,"timestamp":1610900901,"path_taken":["R","M","?","M","$","R","T","R","M","M","?","E","M","?","M","BOSS","R","M","M","?","?","$","T","?","?","$","M","R","M","?","M","BOSS","R","M","?","$","?","R","T","M","?","?","M","M","?","?","M","BOSS"],"items_purchased_type":["Card","Card","Card","Potion","Relic","Relic","Relic","Relic","Potion","Potion","Potion","Card","Relic","Relic"],"build_version":"2020-12-22","purchased_purges":3,"victory":true,"max_hp_per_floor":[65,65,65,65,65,65,65,65,65,65,65,65,65,65,65,65,65,65,65,65,65,65,65,65,65,65,65,65,65,65,65,65,65,65,65,73,73,77,81,81,81,81,88,88,92,92,92,92,109,109],"relic_stats":{"Nunchaku":[4],"counters":[29,115],"CeramicFish":198,"Snecko Eye":[57,59,59,54],"MealTicket":49,"Tiny Chest":1,"Whetstone":["Slimebound:Tackle","Slimebound:Equalize"],"Orichalcum":[18],"obtain_stats":[{"CeramicFish":7,"Whetstone":12,"Orichalcum":48,"Ancient Tea Set":41,"Mercury Hourglass":27,"Nunchaku":38,"HornCleat":38,"Strawberry":43,"Snecko Eye":34,"MealTicket":3,"Molten Egg 2":24,"Tiny Chest":26,"Slimebound:AbsorbEndCombat":0,"Coffee Dripper":17,"Membership Card":38,"Toy Ornithopter":27},{"CeramicFish":3,"Whetstone":7,"Orichalcum":27,"Ancient Tea Set":23,"Mercury Hourglass":15,"Nunchaku":22,"HornCleat":22,"Strawberry":24,"Snecko Eye":20,"MealTicket":1,"Molten Egg 2":14,"Tiny Chest":14,"Slimebound:AbsorbEndCombat":0,"Coffee Dripper":10,"Membership Card":22,"Toy Ornithopter":15},{"CeramicFish":9,"Whetstone":24,"Orichalcum":104,"Ancient Tea Set":89,"Mercury Hourglass":61,"Nunchaku":86,"HornCleat":86,"Strawberry":93,"Snecko Eye":82,"MealTicket":4,"Molten Egg 2":57,"Tiny Chest":57,"Slimebound:AbsorbEndCombat":0,"Coffee Dripper":38,"Membership Card":86,"Toy Ornithopter":61}],"Toy Ornithopter":30,"Mercury Hourglass":[237]},"card_choices":[{"not_picked":["Slimebound:RollThrough","Slimebound:Prepare"],"picked":"Slimebound:SplitLeeching","floor":2.0},{"not_picked":["Slimebound:ComboTackle","Slimebound:ItLooksTasty"],"picked":"Slimebound:LevelUp","floor":4.0},{"not_picked":["Slimebound:FinishingTackle","Slimebound:LeechEnergy"],"picked":"Slimebound:Equalize","floor":5.0},{"not_picked":["Slimebound:GoopTackle","Slimebound:LeechEnergy"],"picked":"Slimebound:HauntingLick","floor":9.0},{"not_picked":["Slimebound:Schlurp","Slimebound:Dissolve"],"picked":"Slimebound:LevelUp","floor":10.0},{"not_picked":["Slimebound:GoopSpray","Slimebound:TongueLash"],"picked":"Slimebound:Nibble","floor":11.0},{"not_picked":["Slimebound:FinishingTackle","Slimebound:BestDefense"],"picked":"Slimebound:GrowthPunch","floor":12.0},{"not_picked":["Slimebound:Equalize","Slimebound:Grow"],"picked":"Slimebound:OozeBath","floor":13.0},{"not_picked":["Slimebound:SplitMire","Slimebound:ViciousTackle"],"picked":"Slimebound:Schlurp","floor":15.0},{"not_picked":["Slimebound:DouseInSlime","Slimebound:FirmFortitude"],"picked":"Slimebound:MassRepurpose","floor":16.0},{"not_picked":["Slimebound:Grow","Slimebound:TongueLash"],"picked":"Slimebound:RollThrough+1","floor":19},{"not_picked":["Slimebound:ComboTackle","Slimebound:AcidTongue"],"picked":"Slimebound:GoopSpray+1","floor":20},{"not_picked":["Slimebound:SamplingLick","Slimebound:RollThrough"],"picked":"Slimebound:FinishingTackle+1","floor":23},{"not_picked":["Slimebound:SplitAcid","Slimebound:FormOfPuddle"],"picked":"Slimebound:Schlurp+1","floor":27},{"not_picked":["Slimebound:SplitAcid","Slimebound:SpikyOuterGoop"],"picked":"Slimebound:MassFeed+1","floor":28},{"not_picked":["Slimebound:BestDefense","Slimebound:SplitBruiser","Slimebound:ItLooksTasty+1"],"picked":"SKIP","floor":30},{"not_picked":["Slimebound:Gluttony","Slimebound:Prepare","Slimebound:SlimeBarrage+1"],"picked":"SKIP","floor":31},{"not_picked":["Slimebound:SplitLeeching","Slimebound:GoopSpray","Slimebound:LeechingTouch+1"],"picked":"SKIP","floor":32},{"not_picked":["Slimebound:Overexert","Slimebound:MassRepurpose"],"picked":"Slimebound:MassFeed+1","floor":33},{"not_picked":["Slimebound:PressTheAttack+1","Slimebound:GrowthPunch+1"],"picked":"Slimebound:FormOfPuddle+1","floor":36},{"not_picked":["Slimebound:DisruptingSlam+1","Slimebound:SplitLeeching+1"],"picked":"Slimebound:RallyTheTroops+1","floor":38},{"not_picked":["Slimebound:BestDefense","Slimebound:Gluttony+1","Slimebound:PressTheAttack+1"],"picked":"SKIP","floor":39},{"not_picked":["Slimebound:Gluttony","Slimebound:DisruptingSlam+1","Slimebound:SlimeTap"],"picked":"SKIP","floor":42},{"not_picked":["Slimebound:LeechingTouch+1","Slimebound:ViciousTackle+1","Slimebound:PressTheAttack+1"],"picked":"SKIP","floor":45},{"not_picked":["Slimebound:PressTheAttack+1","Slimebound:SamplingLick+1","Slimebound:SlimeSpikes"],"picked":"SKIP","floor":46},{"not_picked":["Slimebound:SlimeSpikes+1","Slimebound:SplitMire+1","Slimebound:HauntingLick+1"],"picked":"SKIP","floor":47},{"not_picked":["Slimebound:SplitLeeching","Slimebound:SamplingLick+1"],"picked":"Slimebound:LevelUp+1","floor":49}],"player_experience":167092,"relics_obtained":[{"floor":3.0,"key":"MealTicket"},{"floor":7.0,"key":"CeramicFish"},{"floor":12.0,"key":"Whetstone"},{"floor":24,"key":"Molten Egg 2"},{"floor":26,"key":"Tiny Chest"},{"floor":41,"key":"Ancient Tea Set"},{"floor":43,"key":"Strawberry"}],"event_choices":[{"cards_removed":["Slimebound:Strike_Slimebound"],"damage_healed":0.0,"max_hp_gain":0.0,"max_hp_loss":0.0,"gold_gain":0.0,"event_name":"The Cleric","player_choice":"Card Removal","floor":14.0,"gold_loss":0.0,"damage_taken":0.0},{"damage_healed":0,"gold_gain":0,"player_choice":"Ignored","damage_taken":0,"max_hp_gain":0,"max_hp_loss":0,"event_name":"Ghosts","floor":25,"gold_loss":0}],"is_beta":false,"boss_relics":[{"not_picked":["Slimebound:TarBlob","Runic Dome"],"picked":"Coffee Dripper"},{"not_picked":["bronze:MakeshiftBattery","Black Star"],"picked":"Snecko Eye"}],"items_purged_floors":[23,38,48],"is_endless":false,"potions_floor_spawned":[4,9,11,13,21,28,30,31,39,42,46,49],"ascension_level":0}}