{"host":"d73an99q9oevilk5","time":1610850743,"event":{"mods":["2.2 Compatiblity","AchievementEnabler","Act Like it!","Aspiration","BaseMod","Beaked The Cultist","Better Third Choice","BetterRewards","Colored Map","Colored Powertips","Conspire","GifTheSpireLib","Halation","Hubris","Infinite Spire","Mimic Mod","Minty Spire (QoL Compilation)","Quick Restart","Relic Sorter","Replay The Spire","Shop Mod","Spikes Relics","StSLib","Stuff the Spire","The Cursed","The Necromancer","The Saiyan","The Senshi","Waifu the Spire","egg","slay the spire mod where everything is the same but ironclad has a cowboy hat","vexMod"],"gold_per_floor":[118,118,137,147,157,191,211,211,241,256,290,260,285,298,298,401,401,411,411,411,100,113,113,146,162,187,187,30,130,130,141,141,245,245,263,352,352,371,371,396,396,412,412,428,438,438,238,264,264,264],"floor_reached":51,"language":"ENG","playtime":2289,"items_purged":["hubris:Disease"],"score":1047,"play_id":"26cf181d-55e3-4777-b246-374fcd48c099","local_time":"20210116193223","is_ascension_mode":false,"campfire_choices":[{"data":"beaked:Ceremony","floor":8.0,"key":"SMITH"},{"data":"conspire:Banana","floor":15,"key":"SMITH"},{"data":"1","floor":23,"key":"LIFT"},{"data":"beaked:Brace","floor":27,"key":"SMITH"},{"data":"beaked:Ceremony","floor":32,"key":"SMITH"},{"data":"beaked:KnowThyFoe","floor":41,"key":"SMITH"},{"data":"beaked:CrazyRituals","floor":46,"key":"SMITH"}],"circlet_count":0,"master_deck":["beaked:Strike_Y","beaked:Strike_Y","beaked:Strike_Y","beaked:Strike_Y","beaked:Strike_Y","beaked:Strike_Y","beaked:Defend_Y","beaked:Defend_Y","beaked:Defend_Y","beaked:Defend_Y","beaked:Ceremony","beaked:Ceremony+1","beaked:Ceremony+1","conspire:Banana+1","beaked:Hexing","beaked:HuntressSpirit","beaked:WarriorSpirit","beaked:Foresight+1","beaked:Foresight","beaked:CrazyRituals+1","beaked:Brace+1","beaked:WarriorEssence+1","beaked:WarriorEssence+1","beaked:KnowThyFoe+1","beaked:Evade+1","beaked:CrazyRituals","beaked:StunningBlow+1","beaked:WarriorEssence+1","beaked:CursingBlood","beaked:Foresight","Pain","beaked:ScreechingChant+1","beaked:MaddeningMurmurs+1","beaked:CrazyRituals","beaked:Caw+1"],"relics":["beaked:MendingPlumage","Molten Egg 2","Dead Branch","FaceOfCleric","CultistMask","StuffTheSpire:HeavyRock","Girya","ReplayTheSpireMod:Lightbulb","halation:SmartPhone","aspiration:RitualStick","Incense Burner","Golden Egg","Orichalcum","hubris:EmptyBottle","infinitespire:Lychee Nut","HornCleat","Nloth\u0027s Gift","Cursed Key","Blue Doll","WarpedTongs","conspire:GiftBox","infinitespire:CheckeredPen","ReplayTheSpireMod:ShopPack","ReplayTheSpireMod:TigerMarble"],"acts_visited":["Exordium","TheCity","TheBeyond"],"potions_floor_usage":[16,16,22,29,44,44,50,50],"damage_taken":[{"damage":0.0,"enemies":"2 Louse","floor":1.0,"turns":3.0},{"damage":3.0,"enemies":"conspire:RoseBush","floor":3.0,"turns":4.0},{"damage":8.0,"enemies":"Small Slimes","floor":4.0,"turns":4.0},{"damage":22.0,"enemies":"Blue Slaver","floor":5.0,"turns":5.0},{"damage":46.0,"enemies":"3 Sentries","floor":6.0,"turns":8.0},{"damage":7.0,"enemies":"2 Fungi Beasts","floor":7.0,"turns":4.0},{"damage":26.0,"enemies":"Gremlin Gang","floor":9.0,"turns":13.0},{"damage":14.0,"enemies":"Gremlin Gang","floor":10.0,"turns":2.0},{"damage":9.0,"enemies":"Lagavulin","floor":11.0,"turns":6.0},{"damage":4.0,"enemies":"Looter","floor":12.0,"turns":4.0},{"damage":75.0,"enemies":"Gremlin Nob","floor":13.0,"turns":6.0},{"damage":11.0,"enemies":"Blue Slaver","floor":14.0,"turns":5.0},{"damage":62,"enemies":"The Guardian","floor":16,"turns":7},{"damage":26,"enemies":"Spheric Guardian","floor":18,"turns":4},{"damage":17,"enemies":"3 Byrds","floor":22,"turns":6},{"damage":38,"enemies":"conspire:Head Lice","floor":24,"turns":5},{"damage":54,"enemies":"3 Cultists","floor":25,"turns":5},{"damage":13,"enemies":"Colosseum Slavers","floor":29,"turns":7},{"damage":34,"enemies":"Colosseum Nobs","floor":29,"turns":5},{"damage":13,"enemies":"Snake Plant","floor":31,"turns":4},{"damage":1,"enemies":"conspire:MysteriousRune","floor":33,"turns":5},{"damage":19,"enemies":"3 Shapes","floor":35,"turns":4},{"damage":0,"enemies":"Orb Walker","floor":38,"turns":3},{"damage":9,"enemies":"Nemesis","floor":40,"turns":7},{"damage":12,"enemies":"Writhing Mass","floor":42,"turns":5},{"damage":32,"enemies":"Jaw Worm Horde","floor":44,"turns":4},{"damage":35,"enemies":"4 Shapes","floor":45,"turns":4},{"damage":61,"enemies":"R_Hoarder","floor":48,"turns":7},{"damage":32,"enemies":"conspire:OrnateMirror","floor":50,"turns":5}],"seed_played":"1850624630223500737","potions_obtained":[{"floor":3.0,"key":"Toxic Potion"},{"floor":5.0,"key":"DuplicationPotion"},{"floor":10.0,"key":"Strength Potion"},{"floor":13.0,"key":"FearPotion"},{"floor":14.0,"key":"beaked:MendingBrew"},{"floor":16,"key":"AttackPotion"},{"floor":24,"key":"SpeedPotion"},{"floor":31,"key":"Explosive Potion"},{"floor":38,"key":"Weak Potion"},{"floor":44,"key":"PowerPotion"},{"floor":45,"key":"SteroidPotion"}],"is_trial":false,"path_per_floor":["M","?","M","M","M","E","M","R","MIM","M","E","M","E","M","R","B",null,"M","?","?","$","M","R","E","M","T","R","$","?","?","M","R","B",null,"M","?","?","M","?","E","R","M","T","M","M","R","$","E","R_BF","B",null],"character_chosen":"BEAKED_THE_CULTIST","items_purchased":["Molten Egg 2","conspire:Banana","Incense Burner","hubris:EmptyBottle","ReplayTheSpireMod:ShopPack"],"campfire_rested":0,"item_purchase_floors":[0,0,21,28,47],"current_hp_per_floor":[42,42,52,57,46,33,41,41,48,40,53,62,14,21,21,20,78,57,57,57,57,67,67,50,33,33,33,33,48,48,59,59,76,76,61,47,47,68,60,75,75,85,76,77,60,60,60,43,72,102],"gold":264,"neow_bonus":"","is_daily":false,"chose_seed":false,"campfire_upgraded":6,"win_rate":0.0,"timestamp":1610850743,"path_taken":["M","?","M","M","?","E","M","R","MIM","M","E","M","E","M","R","BOSS","M","?","?","$","M","R","E","M","T","R","$","?","?","?","R","BOSS","M","?","?","?","?","E","R","M","T","?","M","R","$","E","R_BF","BOSS"],"items_purchased_type":["Relic","Card","Relic","Relic","Relic"],"build_version":"2020-12-22","purchased_purges":1,"victory":true,"max_hp_per_floor":[53,53,55,57,59,62,64,64,66,67,69,71,73,75,75,78,78,81,81,81,81,84,84,87,88,88,88,88,70,70,73,73,76,76,79,79,79,80,80,83,83,90,90,93,96,96,96,99,99,102],"card_choices":[{"not_picked":["beaked:WarriorSpirit","beaked:SacrificialAttack+1"],"picked":"beaked:Hexing","floor":1.0},{"not_picked":["beaked:Redirect","beaked:Daydream"],"picked":"beaked:HuntressSpirit","floor":3.0},{"not_picked":["beaked:Redirect","beaked:Struggle+1"],"picked":"beaked:WarriorSpirit","floor":4.0},{"not_picked":["beaked:Resilience","beaked:Insight"],"picked":"beaked:Foresight","floor":5.0},{"not_picked":["beaked:FeelMyPain","beaked:Negation","beaked:RuinSticks+1"],"picked":"SKIP","floor":6.0},{"not_picked":["beaked:DigDeep","beaked:Windmill+1","beaked:Hexing"],"picked":"SKIP","floor":7.0},{"not_picked":["ReplayTheSpireMod:Prepare the Ceremony","beaked:Poke+1"],"picked":"beaked:Foresight","floor":9.0},{"not_picked":["beaked:BraceForImpact","beaked:Poke+1"],"picked":"beaked:CrazyRituals","floor":10.0},{"not_picked":["beaked:RuinSticks+1","beaked:Flinch"],"picked":"beaked:Brace","floor":11.0},{"not_picked":["beaked:Tradeoff","beaked:Foresight"],"picked":"beaked:WarriorEssence+1","floor":12.0},{"not_picked":["beaked:Tweet","beaked:MaddeningMurmurs"],"picked":"beaked:WarriorEssence+1","floor":13.0},{"not_picked":["beaked:BloodForTheGods","beaked:Mantra+1","beaked:FeelMyPain"],"picked":"SKIP","floor":14.0},{"not_picked":["beaked:FakeOut+1","beaked:DarkPact"],"picked":"beaked:KnowThyFoe","floor":16},{"not_picked":["beaked:SurvivalInstinct+1","beaked:RuinSticks+1"],"picked":"beaked:Evade","floor":18},{"not_picked":["beaked:Insight","beaked:SurvivalInstinct+1"],"picked":"beaked:CrazyRituals","floor":22},{"not_picked":["beaked:BraceForImpact","beaked:WarriorSpirit","beaked:BounceBack"],"picked":"SKIP","floor":24},{"not_picked":["beaked:Hexing","beaked:MimicMachine+1"],"picked":"beaked:StunningBlow+1","floor":25},{"not_picked":["beaked:Windmill+1","beaked:MaddeningMurmurs+1"],"picked":"beaked:WarriorEssence+1","floor":31},{"not_picked":["beaked:Insight","beaked:Mantra+1"],"picked":"beaked:CursingBlood","floor":35},{"not_picked":["beaked:Windmill+1","beaked:FeelMyPain"],"picked":"beaked:Foresight","floor":36},{"not_picked":["beaked:WarriorEssence+1","beaked:SacrificialAttack+1","beaked:DigDeep"],"picked":"SKIP","floor":38},{"not_picked":["beaked:ShadowFade","beaked:LiftOff"],"picked":"beaked:ScreechingChant","floor":40},{"not_picked":["beaked:FullHouse","beaked:DigDeep+1","beaked:Recite"],"picked":"SKIP","floor":40},{"not_picked":["beaked:Brainwash","beaked:HuntressSpirit+1","beaked:Daydream"],"picked":"SKIP","floor":42},{"not_picked":["beaked:BraceForImpact","beaked:Flinch"],"picked":"beaked:MaddeningMurmurs+1","floor":44},{"not_picked":["beaked:Overexert+1","beaked:Windmill+1"],"picked":"beaked:CrazyRituals","floor":45},{"not_picked":["beaked:Hexing+1","beaked:SacrificialAttack+1"],"picked":"beaked:Caw+1","floor":48}],"player_experience":1763846,"relics_obtained":[{"floor":6.0,"key":"StuffTheSpire:HeavyRock"},{"floor":9.0,"key":"aspiration:StickyExplosives_weak"},{"floor":11.0,"key":"Girya"},{"floor":13.0,"key":"ReplayTheSpireMod:Lightbulb"},{"floor":24,"key":"Golden Egg"},{"floor":26,"key":"Orichalcum"},{"floor":29,"key":"infinitespire:Lychee Nut"},{"floor":29,"key":"HornCleat"},{"floor":36,"key":"Blue Doll"},{"floor":40,"key":"conspire:GiftBox"},{"floor":43,"key":"infinitespire:CheckeredPen"},{"floor":48,"key":"ReplayTheSpireMod:TigerMarble"}],"event_choices":[{"damage_healed":0.0,"max_hp_gain":0.0,"max_hp_loss":0.0,"gold_gain":0.0,"event_name":"FaceTrader","player_choice":"Trade","floor":2.0,"gold_loss":0.0,"damage_taken":0.0,"relics_obtained":["FaceOfCleric"]},{"damage_healed":0,"gold_gain":0,"player_choice":"Fight","damage_taken":0,"max_hp_gain":0,"max_hp_loss":0,"event_name":"Colosseum","floor":29,"gold_loss":0},{"damage_healed":0,"gold_gain":0,"player_choice":"Fought Nobs","damage_taken":0,"max_hp_gain":0,"max_hp_loss":0,"event_name":"Colosseum","floor":29,"gold_loss":0},{"damage_healed":0,"gold_gain":0,"player_choice":"Traded Relic","damage_taken":0,"relics_obtained":["Nloth\u0027s Gift"],"max_hp_gain":0,"max_hp_loss":0,"event_name":"N\u0027loth","floor":30,"relics_lost":["aspiration:StickyExplosives_weak"],"gold_loss":0},{"cards_removed":["Intolerance"],"damage_healed":0,"gold_gain":0,"player_choice":"Removed Curses","damage_taken":0,"max_hp_gain":0,"max_hp_loss":0,"event_name":"Fountain of Cleansing","floor":37,"gold_loss":0},{"damage_healed":0,"gold_gain":0,"player_choice":"Rummage","damage_taken":0,"relics_obtained":["WarpedTongs"],"max_hp_gain":0,"max_hp_loss":0,"event_name":"Accursed Blacksmith","floor":39,"gold_loss":0,"cards_obtained":["Pain"]}],"is_beta":false,"boss_relics":[{"not_picked":["conspire:RoyalGoblet","hubris:GrandSneckoEye"],"picked":"halation:SmartPhone"},{"not_picked":["Runic Pyramid","Snecko Eye"],"picked":"Cursed Key"}],"items_purged_floors":[47],"is_endless":false,"potions_floor_spawned":[3,5,10,13,14,16,24,29,31,38,42,44,45],"ascension_level":0}}