{"host":"m6aaltr68g9tvoay","time":1610855218,"event":{"mods":["AchievementEnabler","BaseMod","Colored Map","Downfall","Minty Spire (QoL Compilation)","StSLib"],"gold_per_floor":[99,118,131,131,33,63,63,76,93,93,78,96,119,219,236,236,236,236],"floor_reached":16,"language":"ENG","playtime":1755,"items_purged":[],"score":204,"play_id":"37564d67-6265-430c-9e74-6342466a7aea","local_time":"20210116194658","is_ascension_mode":true,"campfire_choices":[{"floor":1,"key":"RECALL"},{"floor":10,"key":"REST"}],"circlet_count":0,"master_deck":["AscendersBane","Guardian:Strike_Guardian","Guardian:Strike_Guardian","Guardian:Strike_Guardian","Guardian:Strike_Guardian","Guardian:Defend_Guardian","Guardian:Defend_Guardian","Guardian:Defend_Guardian","Guardian:CurlUp","Guardian:TwinSlam","Guardian:SpikerProtocol","Guardian:MultiBeam","Guardian:ChargeCore","Guardian:StasisStrike","Guardian:DonusPower","Guardian:Planning","Guardian:Gem_Cyan","downfall:Icky","Guardian:TemporalShield"],"relics":["Guardian:ModeShifter","Torii","Eternal Feather","Pen Nib"],"acts_visited":["Exordium"],"potions_floor_usage":[9],"damage_taken":[{"damage":7,"enemies":"2 Louse","floor":2,"turns":3},{"damage":2,"enemies":"Cultist","floor":3,"turns":4},{"damage":0,"enemies":"downfall:FleeingMerchant","floor":5,"turns":4},{"damage":30,"enemies":"Gremlin Nob","floor":6,"turns":5},{"damage":7,"enemies":"Jaw Worm","floor":8,"turns":4},{"damage":1,"enemies":"2 Fungi Beasts","floor":9,"turns":3},{"damage":2,"enemies":"downfall:FleeingMerchant","floor":11,"turns":4},{"damage":16,"enemies":"Large Slime","floor":12,"turns":7},{"damage":11,"enemies":"Exordium Wildlife","floor":15,"turns":5},{"damage":38,"enemies":"DF_ARCHETYPE_STREAMLINE","floor":16,"turns":8}],"seed_played":"198931126438004983","potions_obtained":[{"floor":3,"key":"Guardian:DefensiveModePotion"},{"floor":8,"key":"sneckomod:MuddlingPotion"}],"is_trial":false,"path_per_floor":["R","M","M","?","$","E","T","M","M","R","$","M","T","?","M","B"],"character_chosen":"GUARDIAN","items_purchased":["Guardian:StasisStrike"],"campfire_rested":1,"item_purchase_floors":[5],"current_hp_per_floor":[72,65,63,63,63,33,33,26,25,57,55,39,39,39,28,0,0,0],"gold":236,"neow_bonus":"TEN_PERCENT_HP_BONUS","is_daily":false,"chose_seed":false,"campfire_upgraded":0,"win_rate":0.0,"timestamp":1610855218,"path_taken":["R","M","M","?","$","E","T","M","M","R","?","M","?","?","M","BOSS"],"items_purchased_type":["Card"],"build_version":"2020-12-22","purchased_purges":0,"victory":false,"max_hp_per_floor":[79,79,79,79,79,79,79,79,79,79,79,79,79,79,79,79,79,79],"card_choices":[{"not_picked":["Guardian:WalkerClaw","Guardian:PiercingHide"],"picked":"Guardian:SpikerProtocol","floor":2},{"not_picked":["Guardian:PiercingHide","Guardian:TemporalStrike"],"picked":"Guardian:MultiBeam","floor":3},{"not_picked":["Guardian:SpikerProtocol","Guardian:Gem_Lightblue"],"picked":"Guardian:ChargeCore","floor":5},{"not_picked":["Guardian:Gem_Yellow","Guardian:ChargeCore","Guardian:BodySlam"],"picked":"SKIP","floor":6},{"not_picked":["Guardian:Planning","Guardian:CrystalBeam"],"picked":"Guardian:DonusPower","floor":8},{"not_picked":["Guardian:BaubleBeam","Guardian:Incinerate","Guardian:Recover"],"picked":"SKIP","floor":9},{"not_picked":["Guardian:PrismaticBeam","Guardian:Incinerate"],"picked":"Guardian:Planning","floor":11},{"not_picked":["Guardian:Clone","Guardian:Reroute"],"picked":"Guardian:Gem_Cyan","floor":12},{"not_picked":["Guardian:BodySlam","Guardian:Gem_Purple"],"picked":"Guardian:TemporalShield","floor":15}],"player_experience":1810941,"relics_obtained":[{"floor":6,"key":"Torii"},{"floor":7,"key":"Eternal Feather"},{"floor":13,"key":"Pen Nib"}],"event_choices":[{"cards_removed":["Guardian:Defend_Guardian"],"damage_healed":0,"gold_gain":0,"player_choice":"Offered Basic","damage_taken":0,"max_hp_gain":0,"max_hp_loss":0,"event_name":"Bonfire Elementals","floor":4,"gold_loss":0}],"is_beta":false,"boss_relics":[],"items_purged_floors":[],"is_endless":false,"potions_floor_spawned":[3,8],"killed_by":"DF_ARCHETYPE_STREAMLINE","ascension_level":20}}