{"host":"o7j6aatxjwpw1421","time":1610884696,"event":{"mods":["2.2 Compatiblity","AchievementEnabler","BaseMod","Colored Map","DeckTracker","Highlight Path","Keyboard Shortcuts","Minty Spire (QoL Compilation)","Permanent Neow","Quick Restart","StSLib","SuperFastMode","everything is the same but u backflip on backflip"],"gold_per_floor":[113,133,133,133,58,58,78,92,139,172,172,188,204,104,104,232,232,250,250,200,200,216,256,256,272,272,272,182,197,231,244,244,364,364,385,399,415,433,288,288,288,311,389,389,432,447,447,447,447],"floor_reached":48,"language":"KOR","playtime":2621,"items_purged":["Strike_P","Defend_P","Strike_P"],"score":966,"play_id":"8c85bb6a-0716-4735-bab0-1262838dd749","local_time":"20210117205816","is_ascension_mode":true,"campfire_choices":[{"data":"Vigilance","floor":6.0,"key":"SMITH"},{"data":"Prostrate","floor":15.0,"key":"SMITH"},{"data":"MasterReality","floor":24.0,"key":"SMITH"},{"data":"Worship","floor":27.0,"key":"SMITH"},{"data":"MentalFortress","floor":32.0,"key":"SMITH"},{"data":"Adaptation","floor":40.0,"key":"SMITH"},{"floor":47.0,"key":"RECALL"}],"circlet_count":0,"master_deck":["AscendersBane","Eruption+1","Vigilance+1","Worship+1","BattleHymn+1","Prostrate+1","InnerPeace+1","MasterReality+1","MentalFortress+1","Adaptation+1"],"relics":["PureWater","Golden Idol","Orichalcum","Damaru","VioletLotus","Smiling Mask","Meat on the Bone","Bronze Scales","Pen Nib","Pantograph","Empty Cage","Centennial Puzzle","Regal Pillow","TeardropLocket"],"acts_visited":["Exordium","TheCity","TheBeyond"],"potions_floor_usage":[],"damage_taken":[{"damage":0.0,"enemies":"2 Louse","floor":1.0,"turns":3.0},{"damage":0.0,"enemies":"Small Slimes","floor":2.0,"turns":3.0},{"damage":1.0,"enemies":"Cultist","floor":7.0,"turns":4.0},{"damage":1.0,"enemies":"3 Louse","floor":8.0,"turns":3.0},{"damage":0.0,"enemies":"3 Sentries","floor":10.0,"turns":8.0},{"damage":0.0,"enemies":"2 Fungi Beasts","floor":12.0,"turns":4.0},{"damage":2.0,"enemies":"Red Slaver","floor":13.0,"turns":3.0},{"damage":3.0,"enemies":"The Guardian","floor":16.0,"turns":8.0},{"damage":0.0,"enemies":"Shell Parasite","floor":18.0,"turns":4.0},{"damage":10.0,"enemies":"2 Thieves","floor":22.0,"turns":3.0},{"damage":23.0,"enemies":"Slavers","floor":23.0,"turns":4.0},{"damage":0.0,"enemies":"Snecko","floor":25.0,"turns":3.0},{"damage":4.0,"enemies":"Centurion and Healer","floor":29.0,"turns":4.0},{"damage":1.0,"enemies":"Gremlin Leader","floor":30.0,"turns":3.0},{"damage":20.0,"enemies":"Snake Plant","floor":31.0,"turns":3.0},{"damage":10.0,"enemies":"Champ","floor":33.0,"turns":6.0},{"damage":10.0,"enemies":"Orb Walker","floor":35.0,"turns":3.0},{"damage":0.0,"enemies":"3 Darklings","floor":36.0,"turns":4.0},{"damage":6.0,"enemies":"Maw","floor":37.0,"turns":6.0},{"damage":6.0,"enemies":"Spire Growth","floor":38.0,"turns":3.0},{"damage":0.0,"enemies":"3 Darklings","floor":42.0,"turns":2.0},{"damage":0.0,"enemies":"Giant Head","floor":45.0,"turns":2.0},{"damage":6.0,"enemies":"Maw","floor":46.0,"turns":3.0},{"damage":34,"enemies":"Transient","floor":48,"turns":1}],"seed_played":"3465800279313117596","potions_obtained":[{"floor":1.0,"key":"EssenceOfSteel"},{"floor":12.0,"key":"ColorlessPotion"},{"floor":25.0,"key":"FearPotion"},{"floor":29.0,"key":"DistilledChaos"},{"floor":33.0,"key":"Fire Potion"},{"floor":36.0,"key":"GamblersBrew"}],"is_trial":false,"path_per_floor":["M","M","?","?","$","R","M","M","T","E","?","M","M","$","R","B",null,"M","?","$","?","M","E","R","M","T","R","?","M","E","M","R","B",null,"M","M","M","M","$","R","?","M","T","?","E","M","R","M"],"character_chosen":"WATCHER","items_purchased":["Centennial Puzzle"],"campfire_rested":0,"item_purchase_floors":[39],"current_hp_per_floor":[65,65,49,36,36,36,35,34,34,34,34,34,32,32,32,29,56,56,56,56,56,46,35,35,35,35,35,35,43,42,34,34,49,61,51,51,45,39,39,39,39,39,39,39,39,33,33,0,0],"gold":447,"neow_bonus":"TRANSFORM_TWO_CARDS","is_daily":false,"chose_seed":false,"campfire_upgraded":6,"win_rate":0.0,"timestamp":1610884696,"path_taken":["M","M","?","?","$","R","M","M","T","E","?","M","?","$","R","BOSS","M","?","$","?","?","E","R","M","T","R","?","M","E","M","R","BOSS","M","?","M","M","$","R","?","M","T","?","E","?","R","M"],"items_purchased_type":["Relic"],"build_version":"2020-12-22","purchased_purges":3,"victory":false,"max_hp_per_floor":[65,65,65,65,65,65,65,65,65,65,65,65,65,65,65,65,65,65,65,65,65,65,65,65,65,65,65,65,65,65,65,65,65,65,65,65,65,65,65,65,65,65,65,65,65,65,65,65,65],"card_choices":[{"not_picked":["EmptyMind","SignatureMove","CrushJoints"],"picked":"SKIP","floor":1.0},{"not_picked":["EmptyFist","BowlingBash","SashWhip"],"picked":"SKIP","floor":2.0},{"not_picked":["BowlingBash","JustLucky","FlurryOfBlows"],"picked":"SKIP","floor":7.0},{"not_picked":["WheelKick","SashWhip","SignatureMove"],"picked":"SKIP","floor":8.0},{"not_picked":["Meditate","Tantrum","EmptyFist"],"picked":"SKIP","floor":10.0},{"not_picked":["FlurryOfBlows","Conclude"],"picked":"Prostrate","floor":12.0},{"not_picked":["Halt","EmptyBody"],"picked":"InnerPeace","floor":13.0},{"not_picked":["Establishment","ConjureBlade"],"picked":"MasterReality","floor":16.0},{"not_picked":["Perseverance","FlyingSleeves","Prostrate"],"picked":"SKIP","floor":18.0},{"not_picked":["InnerPeace","FollowUp","Worship"],"picked":"SKIP","floor":22.0},{"not_picked":["Wish","FlyingSleeves","JustLucky"],"picked":"SKIP","floor":23.0},{"not_picked":["PathToVictory","WheelKick+1","FlyingSleeves"],"picked":"SKIP","floor":25.0},{"not_picked":["Swivel","CutThroughFate","FollowUp"],"picked":"SKIP","floor":29.0},{"not_picked":["Tantrum","Sanctity"],"picked":"MentalFortress","floor":30.0},{"not_picked":["CutThroughFate","EmptyFist","PathToVictory"],"picked":"SKIP","floor":31.0},{"not_picked":["WindmillStrike+1","ClearTheMind","Collect"],"picked":"SKIP","floor":35.0},{"not_picked":["Meditate","Evaluate","Swivel"],"picked":"SKIP","floor":36.0},{"not_picked":["CutThroughFate","EmptyFist+1"],"picked":"Adaptation","floor":37.0},{"not_picked":["Indignation","WaveOfTheHand+1","BowlingBash"],"picked":"SKIP","floor":38.0},{"not_picked":["Indignation","WaveOfTheHand+1","BowlingBash"],"picked":"SKIP","floor":38.0},{"not_picked":["ThirdEye","SashWhip","Prostrate"],"picked":"SKIP","floor":42.0},{"not_picked":["Indignation","SignatureMove","Prostrate"],"picked":"SKIP","floor":45.0},{"not_picked":["SashWhip","EmptyFist","TalkToTheHand"],"picked":"SKIP","floor":46.0}],"player_experience":563057,"relics_obtained":[{"floor":9.0,"key":"Orichalcum"},{"floor":10.0,"key":"Damaru"},{"floor":21.0,"key":"Meat on the Bone"},{"floor":23.0,"key":"Bronze Scales"},{"floor":26.0,"key":"Pen Nib"},{"floor":30.0,"key":"Pantograph"},{"floor":45.0,"key":"TeardropLocket"}],"event_choices":[{"damage_healed":0.0,"max_hp_gain":0.0,"max_hp_loss":0.0,"gold_gain":0.0,"event_name":"Golden Idol","player_choice":"Take Damage","floor":3.0,"gold_loss":0.0,"damage_taken":16.0,"relics_obtained":["Golden Idol"]},{"damage_healed":0.0,"max_hp_gain":0.0,"max_hp_loss":0.0,"gold_gain":0.0,"event_name":"Shining Light","player_choice":"Entered Light","floor":4.0,"gold_loss":0.0,"damage_taken":13.0,"cards_upgraded":["Eruption","Defend_P"]},{"damage_healed":0.0,"max_hp_gain":0.0,"max_hp_loss":0.0,"gold_gain":0.0,"event_name":"Accursed Blacksmith","player_choice":"Forge","floor":11.0,"gold_loss":0.0,"damage_taken":0.0,"cards_upgraded":["BattleHymn"]},{"damage_healed":0.0,"max_hp_gain":0.0,"max_hp_loss":0.0,"gold_gain":0.0,"event_name":"The Mausoleum","player_choice":"Opened","floor":19.0,"gold_loss":0.0,"damage_taken":0.0,"relics_obtained":["Smiling Mask"]},{"damage_healed":0.0,"max_hp_gain":0.0,"max_hp_loss":0.0,"gold_gain":0.0,"event_name":"Wheel of Change","player_choice":"Relic","floor":21.0,"gold_loss":0.0,"damage_taken":0.0},{"cards_removed":["Defend_P"],"damage_healed":0.0,"max_hp_gain":0.0,"max_hp_loss":0.0,"gold_gain":0.0,"event_name":"Designer","player_choice":"Upgrade and Remove","floor":28.0,"gold_loss":90.0,"damage_taken":0.0,"cards_upgraded":["InnerPeace"]},{"damage_healed":0.0,"max_hp_gain":0.0,"max_hp_loss":0.0,"gold_gain":0.0,"event_name":"Tomb of Lord Red Mask","player_choice":"Ignored","floor":41.0,"gold_loss":0.0,"damage_taken":0.0},{"damage_healed":0.0,"max_hp_gain":0.0,"max_hp_loss":0.0,"gold_gain":0.0,"event_name":"WeMeetAgain","player_choice":"Gave Potion","floor":44.0,"gold_loss":0.0,"damage_taken":0.0,"relics_obtained":["Regal Pillow"]}],"is_beta":false,"boss_relics":[{"not_picked":["Philosopher\u0027s Stone","Busted Crown"],"picked":"VioletLotus"},{"not_picked":["Cursed Key","Velvet Choker"],"picked":"Empty Cage"}],"items_purged_floors":[5,14,20],"is_endless":false,"potions_floor_spawned":[1,12,25,29,33,36,38],"killed_by":"Transient","ascension_level":12}}