{"host":"1hzg86ju9fvxh562","time":1610917764,"event":{"mods":["AchievementEnabler","Act Like it!","AlwaysNeverKeys","BaseMod","Bestiary","Better Altar","Better Match","Better Note","Better Sensory Stone","Better Skull","Better Third Choice","Colored Map","Colored Powertips","Curses Come First","Displayed Cursed Tome","Filter the Spire","Highlight Path","Keyboard Shortcuts","Minty Spire (QoL Compilation)","Rare Cards Sparkle","Relic Sorter","Relic Stats","ShortenTheSpire","Spicy Shops","StSLib","everything is the same but u backflip on backflip","slay the spire mod where everything is the same but ironclad has a cowboy hat"],"gold_per_floor":[117,117,131,31,45,55,155,181,207,207,207],"floor_reached":10,"language":"ENG","playtime":471,"items_purged":[],"score":112,"play_id":"773b5455-958c-47a7-ae13-30f7ab2ed415","local_time":"20210117190924","is_ascension_mode":true,"campfire_choices":[],"circlet_count":0,"master_deck":["AscendersBane","Strike_B","Strike_B","Strike_B","Strike_B","Defend_B","Defend_B","Defend_B","Defend_B","Zap","Dualcast","Rebound","Ball Lightning","Cold Snap","Defragment","Fission","Loop"],"relics":["Black Star","Art of War","Blood Vial","Singing Bowl","Vajra"],"acts_visited":["Exordium"],"potions_floor_usage":[10],"damage_taken":[{"damage":5,"enemies":"Small Slimes","floor":1,"turns":4},{"damage":7,"enemies":"2 Louse","floor":3,"turns":3},{"damage":1,"enemies":"Cultist","floor":5,"turns":3},{"damage":12,"enemies":"Looter","floor":6,"turns":3},{"damage":23,"enemies":"3 Sentries","floor":8,"turns":7},{"damage":12,"enemies":"Lagavulin","floor":10,"turns":7}],"seed_played":"-5750385097583188296","potions_obtained":[{"floor":3,"key":"LiquidMemories"},{"floor":8,"key":"SteroidPotion"}],"is_trial":false,"path_per_floor":["M","?","M","$","M","M","?","E","T","E"],"character_chosen":"DEFECT","items_purchased":["Cold Snap"],"campfire_rested":0,"item_purchase_floors":[4],"current_hp_per_floor":[63,51,44,44,43,31,31,8,8,0,0],"gold":207,"neow_bonus":"BOSS_RELIC","is_daily":false,"chose_seed":false,"campfire_upgraded":0,"win_rate":0.0,"timestamp":1610917764,"path_taken":["M","?","M","$","M","M","?","E","T","E"],"items_purchased_type":["Card"],"build_version":"2020-12-22","purchased_purges":0,"victory":false,"max_hp_per_floor":[75,75,75,75,75,75,75,75,75,75,75],"relic_stats":{"Blood Vial":2,"Singing Bowl":0,"counters":[6,27],"Black Star":1,"Art of War":[3],"obtain_stats":[{"Blood Vial":8,"Singing Bowl":8,"Vajra":9,"Black Star":0,"Art of War":2,"Cracked Core":0},{"Blood Vial":5,"Singing Bowl":5,"Vajra":5,"Black Star":0,"Art of War":1,"Cracked Core":0},{"Blood Vial":20,"Singing Bowl":20,"Vajra":20,"Black Star":0,"Art of War":4,"Cracked Core":0}]},"card_choices":[{"not_picked":["Gash","Go for the Eyes"],"picked":"Rebound","floor":1},{"not_picked":["Double Energy","Aggregate"],"picked":"Ball Lightning","floor":3},{"not_picked":["Beam Cell","Streamline"],"picked":"Defragment","floor":5},{"not_picked":["Barrage","Coolheaded"],"picked":"Fission","floor":6},{"not_picked":["Beam Cell","Skim"],"picked":"Loop","floor":8}],"player_experience":473146,"relics_obtained":[{"floor":8,"key":"Blood Vial"},{"floor":8,"key":"Singing Bowl"},{"floor":9,"key":"Vajra"}],"event_choices":[{"damage_healed":0,"gold_gain":0,"player_choice":"Relic ","damage_taken":12,"max_hp_gain":0,"max_hp_loss":0,"event_name":"betterThird:BetterScrap","floor":2,"gold_loss":0,"cards_obtained":["Corpse Explosion"]},{"damage_healed":0,"gold_gain":100,"player_choice":"Pray","damage_taken":0,"max_hp_gain":0,"max_hp_loss":0,"event_name":"Golden Shrine","floor":7,"gold_loss":0}],"is_beta":false,"boss_relics":[],"items_purged_floors":[],"is_endless":false,"potions_floor_spawned":[3,8],"killed_by":"Lagavulin","ascension_level":13}}