{"host":"me6mz5vfpl3z3a3z","time":1610872819,"event":{"mods":["ATMod(°¢èªMod)","Act Like it!","Aspiration","BaseMod","CapriCore","Downfall","Energized Spire","Friendly Minions","Gensokyo","Hallownest","Koishi","Luminous","Marisa£¨ìFÓê¡¡Ä§ÀíÉ³£©","Minty Spire (QoL Compilation)","Reimu£¨²©ÀöÁéÃÎ£©","RumiaBox-Â¶Ã×æ«µÄÉñÃØºÐ×Ó","Spicy Shops","StSLib","The Alterego","The Blackbeard","The Bug Knight","The Cursed","The Gatherer","The Runesmith","The Showman","Yakumo Yukari mod","Yuyuko","[IsaacMod]ÒÔÈö¼âËþ","¡¾¹¦ÄÜMod¡¿»ìãçÖ®»·ÐÞ¸´²¹¶¡"],"gold_per_floor":[99,113,126,167,177,193,193,128,145,245,245,261,280,297,316,419,419,319,337,347,31,31,31,31,31,0,20,36,36,21,21,33,135,135,135,152,20,33,47,60,60,94,112,112,132,55,55,68,88,88],"floor_reached":51,"language":"ZHS","playtime":2653,"items_purged":["Luminous:Light_Flash_Shower","Luminous:Dark_Abyssal_Drop"],"score":804,"play_id":"9ee0bc23-cb45-4fcf-8a05-584bea4beb90","local_time":"20210117164019","is_ascension_mode":false,"campfire_choices":[{"floor":1,"key":"RECALL"},{"data":"Luminous:Lania_Blessing_Luminous","floor":18,"key":"SMITH"},{"data":"Luminous:Mirror_Force_Luminous","floor":25,"key":"SMITH"},{"data":"expansioncontent:QuickStudy","floor":29,"key":"SMITH"},{"data":"Luminous:Dark_Crescendo_Luminous","floor":35,"key":"SMITH"},{"data":"Luminous:Equalize_Luminous","floor":47,"key":"SMITH"}],"circlet_count":0,"master_deck":["Luminous:Light_Flash_Shower","Luminous:Light_Flash_Shower","Luminous:Dark_Abyssal_Drop","Luminous:Dark_Abyssal_Drop","Luminous:Defend_Luminous","Luminous:Defend_Luminous","Luminous:Defend_Luminous","Luminous:Defend_Luminous","Luminous:Switch_Luminous","AT_ThistleTea","Luminous:Balance_Aether_Conduit","Luminous:Light_Gather","Luminous:Light_Spectral_Light","Luminous:Light_Gather","Luminous:Balance_Ender","Luminous:Magic_Boost_Luminous","Luminous:Lania_Blessing_Luminous+1","Luminous:Mirror_Force_Luminous+1","Luminous:Concentrate_Luminous","expansioncontent:QuickStudy+1","AT_TearsDenial","Luminous:Dusk_Guard_Luminous","Luminous:Armageddon_Luminous","Luminous:Dark_Crescendo_Luminous+1","AT_FamilyPortrait","Luminous:Equalize_Luminous+1","Luminous:Darkness_Mastery_Luminous","Luminous:Concentrate_Luminous+1"],"relics":["Luminous:MirrorRelic","HushsDoor","AT_ATBox","MaYiHuaBei","SacredBark","GuppysCollar","downfall:HeartBlessingRed","alterego_mod:SomeoneToFightFor","Matryoshka","SoulBox","Turnip","AT_EbonyIvory","PreservedInsect","Red Mask","downfall:RedIOUUpgrade"],"acts_visited":["Exordium","TheCity","TheBeyond"],"potions_floor_usage":[15,16,16,16,16,16,16,20,27,37],"damage_taken":[{"damage":4,"enemies":"2 Louse","floor":2,"turns":3},{"damage":7,"enemies":"Cultist","floor":3,"turns":5},{"damage":3,"enemies":"Jaw Worm","floor":5,"turns":3},{"damage":7,"enemies":"Blue Slaver","floor":6,"turns":4},{"damage":1,"enemies":"downfall:FleeingMerchant","floor":8,"turns":4},{"damage":0,"enemies":"Lots of Slimes","floor":9,"turns":1},{"damage":10,"enemies":"Gremlin Gang","floor":12,"turns":5},{"damage":7,"enemies":"Blue Slaver","floor":13,"turns":5},{"damage":2,"enemies":"Large Slime","floor":14,"turns":4},{"damage":8,"enemies":"Lots of Slimes","floor":15,"turns":3},{"damage":4,"enemies":"SI_SHIV_ARCHETYPE","floor":16,"turns":5},{"damage":36,"enemies":"Centurion and Healer","floor":19,"turns":9},{"damage":9,"enemies":"Shelled Parasite and Fungi","floor":20,"turns":6},{"damage":9,"enemies":"downfall:FleeingMerchant","floor":21,"turns":4},{"damage":20,"enemies":"downfall:FleeingMerchant","floor":26,"turns":4},{"damage":0,"enemies":"Snecko","floor":27,"turns":5},{"damage":7,"enemies":"Centurion and Healer","floor":28,"turns":7},{"damage":22,"enemies":"downfall:FleeingMerchant","floor":30,"turns":4},{"damage":73,"enemies":"Snake Plant","floor":32,"turns":8},{"damage":52,"enemies":"DF_ARCHETYPE_CLAW","floor":33,"turns":9},{"damage":7,"enemies":"3 Shapes","floor":36,"turns":3},{"damage":0,"enemies":"downfall:FleeingMerchant","floor":37,"turns":6},{"damage":4,"enemies":"3 Darklings","floor":38,"turns":6},{"damage":37,"enemies":"Spire Growth","floor":39,"turns":5},{"damage":20,"enemies":"Jaw Worm Horde","floor":40,"turns":4},{"damage":0,"enemies":"Giant Head","floor":42,"turns":3},{"damage":39,"enemies":"4 Shapes","floor":43,"turns":4},{"damage":5,"enemies":"Transient","floor":45,"turns":4},{"damage":15,"enemies":"Sphere and 2 Shapes","floor":48,"turns":3},{"damage":0,"enemies":"3 Darklings","floor":49,"turns":3},{"damage":0,"enemies":"WA_ARCHETYPE_DIVINITY","floor":50,"turns":2}],"seed_played":"267953428513386660","potions_obtained":[{"floor":2,"key":"Ancient Potion"},{"floor":9,"key":"Swift Potion"},{"floor":13,"key":"Fire Potion"},{"floor":14,"key":"EntropicBrew"},{"floor":15,"key":"Explosive Potion"},{"floor":16,"key":"EssenceOfSteel"},{"floor":19,"key":"SpeedPotion"},{"floor":20,"key":"Swift Potion"},{"floor":32,"key":"ZuzhouPotion:ReiMu"},{"floor":33,"key":"Explosive Potion"},{"floor":39,"key":"SpeedPotion"},{"floor":43,"key":"FairyPotion"},{"floor":48,"key":"SneckoOil"}],"is_trial":false,"path_per_floor":["R","M","M","?","M","M","T","$","M","?","?","M","M","M","M","B",null,"R","M","M","$","?","?","T","R","$","M","M","R","$","?","M","B",null,"R","M","$","M","M","M","T","E","M","?","M","$","R","M","M","B",null],"character_chosen":"LuminousClass","items_purchased":["Luminous:Mirror_Force_Luminous","GuppysCollar","expansioncontent:QuickStudy","AT_TearsDenial","Turnip","AT_FamilyPortrait","Luminous:Darkness_Mastery_Luminous"],"campfire_rested":0,"item_purchase_floors":[17,17,21,26,37,37,46],"current_hp_per_floor":[75,71,64,49,46,39,39,38,38,38,38,28,21,19,11,7,58,58,37,28,24,24,24,24,24,14,19,12,12,1,1,22,1,58,58,58,58,54,33,13,13,25,22,22,29,29,29,14,14,21],"gold":88,"neow_bonus":"ONE_RANDOM_RARE_CARD","is_daily":false,"chose_seed":false,"campfire_upgraded":5,"win_rate":0.0,"timestamp":1610872819,"path_taken":["R","M","M","?","M","?","T","?","?","?","?","M","?","M","M","BOSS","R","M","M","$","?","?","T","R","$","M","M","R","$","?","M","BOSS","R","M","$","M","M","M","T","E","M","?","?","$","R","M","M","BOSS"],"items_purchased_type":["Card","Relic","Card","Card","Relic","Card","Card"],"build_version":"2020-12-22","purchased_purges":2,"victory":true,"max_hp_per_floor":[75,75,75,75,75,75,75,75,75,75,75,75,75,75,75,75,58,58,58,58,58,58,58,58,58,58,58,58,58,58,58,58,58,58,58,58,58,58,58,58,58,58,58,58,58,58,58,58,58,58],"card_choices":[{"not_picked":["Luminous:Light_Disperse","Luminous:Accumulation_Luminous"],"picked":"Luminous:Light_Gather","floor":2},{"not_picked":["Luminous:Dark_Pressure_Void","Luminous:Dark_Raid"],"picked":"Luminous:Light_Spectral_Light","floor":3},{"not_picked":["Luminous:Blinding_Pillar_Luminous","Luminous:Light_Wash_Luminous"],"picked":"Bomb","floor":5},{"not_picked":["Luminous:Light_Wash_Luminous","Luminous:Dark_Morning_Star"],"picked":"Bomb","floor":6},{"not_picked":["Luminous:Blinding_Pillar_Luminous","Luminous:Light_Disperse"],"picked":"Luminous:Light_Gather","floor":8},{"not_picked":["Luminous:Dark_Raid","Luminous:Blinding_Pillar_Luminous","Luminous:Concentrate_Luminous"],"picked":"SKIP","floor":9},{"not_picked":["Luminous:Light_Disperse","Luminous:Light_Wash_Luminous"],"picked":"Luminous:Balance_Ender","floor":12},{"not_picked":["Luminous:Arcane_Rage_Luminous","Luminous:Light_Gather"],"picked":"Luminous:Balance_Ender","floor":13},{"not_picked":["Luminous:Light_Gather","Luminous:Concentrate_Luminous","Luminous:Light_Sylvan_Lance"],"picked":"SKIP","floor":14},{"not_picked":["Luminous:Dark_Dim_Erosion","Luminous:Light_Disperse"],"picked":"Luminous:Magic_Boost_Luminous","floor":15},{"not_picked":["Luminous:Freud_Wisdom1_Luminous","Luminous:Arcane_Rage_Luminous"],"picked":"Luminous:Lania_Blessing_Luminous","floor":16},{"not_picked":["Luminous:Magic_Guard_Luminous","Luminous:Light_Wash_Luminous+1","Luminous:Dark_Morning_Star+1"],"picked":"SKIP","floor":19},{"not_picked":["Luminous:Light_Sylvan_Lance","Luminous:Darks_Surge_Luminous+1"],"picked":"Luminous:Concentrate_Luminous","floor":20},{"not_picked":["Luminous:Dark_Raid+1","Luminous:Dark_Pressure_Void+1","Luminous:Magic_Accelerate_Luminous"],"picked":"SKIP","floor":21},{"not_picked":["Luminous:Blinding_Pillar_Luminous","Luminous:Light_Gather","Luminous:Dark_Morning_Star"],"picked":"SKIP","floor":26},{"not_picked":["Luminous:Dark_Extract","Luminous:Dark_Pressure_Void","Luminous:Dark_Dim_Erosion+1"],"picked":"SKIP","floor":27},{"not_picked":["Luminous:Light_Gather","Luminous:Dark_Raid+1"],"picked":"Luminous:Dusk_Guard_Luminous","floor":28},{"not_picked":["Luminous:Blinding_Pillar_Luminous+1","Luminous:Light_Sylvan_Lance"],"picked":"Luminous:Armageddon_Luminous","floor":30},{"not_picked":["Luminous:Light_Wash_Luminous","Luminous:Dark_Dim_Erosion","Luminous:Blinding_Pillar_Luminous"],"picked":"SKIP","floor":32},{"not_picked":["Luminous:Date_of_Light_Luminous","Luminous:Balance_Baptism"],"picked":"Luminous:Dark_Crescendo_Luminous","floor":33},{"not_picked":["Luminous:Concentrate_Luminous+1","Luminous:Dusk_Guard_Luminous","Luminous:Light_Gather+1"],"picked":"SKIP","floor":36},{"not_picked":["Luminous:Light_Wash_Luminous","Luminous:Darks_Surge_Luminous","Luminous:Magic_Accelerate_Luminous+1"],"picked":"SKIP","floor":37},{"not_picked":["Luminous:Light_Glare","Luminous:Concentrate_Luminous","Luminous:Light_Wash_Luminous"],"picked":"SKIP","floor":38},{"not_picked":["Luminous:Lights_Protection_Luminous","Luminous:Light_Sylvan_Lance+1","Luminous:Light_Ray_of_Redemption+1"],"picked":"SKIP","floor":39},{"not_picked":["Luminous:Concentrate_Luminous","Luminous:Dark_Dim_Erosion+1","Luminous:Blinding_Pillar_Luminous"],"picked":"SKIP","floor":40},{"not_picked":["Luminous:Light_Disperse+1","Luminous:Lights_Protection_Luminous","Luminous:Dark_Dim_Erosion"],"picked":"SKIP","floor":42},{"not_picked":["Luminous:Balance_Ender+1","Luminous:Dark_Raid","Luminous:Lights_Protection_Luminous"],"picked":"SKIP","floor":43},{"not_picked":["Luminous:Concentrate_Luminous","Luminous:Dark_Raid+1"],"picked":"Luminous:Equalize_Luminous","floor":45},{"not_picked":["Luminous:Dark_Dim_Erosion","Luminous:Light_Wash_Luminous","Luminous:Light_Sylvan_Lance"],"picked":"SKIP","floor":48},{"not_picked":["Luminous:Dark_Dim_Erosion","Luminous:Blinding_Pillar_Luminous+1"],"picked":"Luminous:Concentrate_Luminous+1","floor":49}],"player_experience":444529,"relics_obtained":[{"floor":7,"key":"Smiling Mask"},{"floor":24,"key":"Matryoshka"},{"floor":41,"key":"AT_EbonyIvory"},{"floor":42,"key":"PreservedInsect"}],"event_choices":[{"damage_healed":0,"gold_gain":0,"player_choice":"Choice 2","damage_taken":0,"relics_obtained":["alterego_mod:SomeoneToFightFor"],"max_hp_gain":0,"max_hp_loss":0,"event_name":"°®µÄÉñÊ¥»¨Ô°","floor":23,"gold_loss":0}],"is_beta":false,"boss_relics":[{"not_picked":["Velvet Choker","Runic Pyramid"],"picked":"SacredBark"},{"not_picked":[]},{"not_picked":["energizedSpire:EnergizedDie","aspiration:RunicSpoon"],"picked":"SoulBox"},{"not_picked":[]}],"items_purged_floors":[8,21],"is_endless":false,"potions_floor_spawned":[2,9,13,14,15,16,19,20,32,33,39,40,43,48,49],"ascension_level":0}}