{"host":"f9ztaq6figs4snwj","time":1610904480,"event":{"mods":["BaseMod","Bestiary","Colored Map","Curses Come First","Hubris","Minty Spire (QoL Compilation)","Replay The Spire","StSLib"],"gold_per_floor":[118,134,134,54,54,88,100,100,100,100,20,20,20,30,30,129,129,139,63,63,114,76,76,76,76],"floor_reached":24,"language":"ENG","playtime":1159,"items_purged":[],"score":271,"play_id":"80115f45-5ee6-4fdb-b77f-d511b94c21e1","local_time":"20210117182800","is_ascension_mode":true,"campfire_choices":[{"data":"Lockon","floor":8,"key":"SMITH"},{"data":"hubris:PowerSurge","floor":10,"key":"SMITH"},{"floor":13,"key":"RECALL"},{"floor":15,"key":"REST"},{"data":"FIFO Queue","floor":23,"key":"SMITH"}],"circlet_count":0,"master_deck":["Strike_B","Strike_B","Strike_B","Strike_B","Defend_B","Defend_B","Defend_B","Zap","Dualcast","hubris:PowerSurge+1","ReplayRNGCard+1","Lockon+1","Steam","hubris:PowerSurge","Self Repair","ReplayTheSpireMod:Omega Cannon","Cold Snap+1","FIFO Queue+1","White Noise+1"],"relics":["Cracked Core","NeowsBlessing","NlothsMask","Replay:Rubber Ducky","Painkiller Herb","hubris:Icosahedron","Gremlin Food"],"acts_visited":["Exordium","TheCity"],"potions_floor_usage":[16,16,24],"damage_taken":[{"damage":0,"enemies":"Cultist","floor":1,"turns":1},{"damage":0,"enemies":"Small Slimes","floor":2,"turns":1},{"damage":0,"enemies":"Gremlin Nob","floor":6,"turns":1},{"damage":12,"enemies":"Jaw Worm","floor":7,"turns":2},{"damage":25,"enemies":"Exordium Thugs","floor":14,"turns":5},{"damage":18,"enemies":"The Guardian","floor":16,"turns":8},{"damage":6,"enemies":"2 Thieves","floor":18,"turns":2},{"damage":3,"enemies":"3 Byrds","floor":22,"turns":3},{"damage":70,"enemies":"Slavers","floor":24,"turns":4}],"seed_played":"-266138924677765341","potions_obtained":[{"floor":6,"key":"AttackPotion"},{"floor":14,"key":"Weak Potion"},{"floor":16,"key":"LiquidMemories"}],"is_trial":false,"path_per_floor":["M","M","?","$","?","E","M","R","T","R","$","?","R","M","R","B",null,"?","T","?","T","?","T","E"],"character_chosen":"DEFECT","items_purchased":["ReplayRNGCard","hubris:PowerSurge","FIFO Queue"],"campfire_rested":1,"item_purchase_floors":[4,11,19],"current_hp_per_floor":[75,75,75,75,75,75,63,63,63,63,63,63,63,38,60,49,69,63,63,63,63,67,67,0,0],"gold":76,"neow_bonus":"THREE_ENEMY_KILL","is_daily":false,"chose_seed":false,"campfire_upgraded":3,"win_rate":0.0,"timestamp":1610904480,"path_taken":["M","M","?","?","?","E","?","R","T","R","$","?","R","M","R","BOSS","?","T","?","?","?","T","E"],"items_purchased_type":["Card","Card","Card"],"build_version":"2020-12-22","purchased_purges":0,"victory":false,"max_hp_per_floor":[75,75,75,75,75,75,75,75,75,75,75,75,75,75,75,75,75,75,75,75,75,75,75,75,75],"card_choices":[{"not_picked":["Hologram","Sweeping Beam"],"picked":"hubris:PowerSurge","floor":1},{"not_picked":["Scrape","Hologram","Sweeping Beam"],"picked":"SKIP","floor":2},{"not_picked":["Panic Button","Compile Driver"],"picked":"Lockon","floor":6},{"not_picked":["Recycle","FTL"],"picked":"Steam","floor":7},{"not_picked":["Barrage","ReplayTheSpireMod:Reroute Power"],"picked":"Self Repair","floor":14},{"not_picked":["hubris:DoWhile","Machine Learning"],"picked":"ReplayTheSpireMod:Omega Cannon","floor":16},{"not_picked":["Streamline","Coolheaded"],"picked":"Cold Snap+1","floor":18},{"not_picked":["Redo","Ball Lightning"],"picked":"White Noise+1","floor":22}],"player_experience":378972,"relics_obtained":[{"floor":6,"key":"Replay:Rubber Ducky"},{"floor":21,"key":"Gremlin Food"}],"event_choices":[{"damage_healed":0,"gold_gain":0,"player_choice":"Trade","damage_taken":0,"relics_obtained":["NlothsMask"],"max_hp_gain":0,"max_hp_loss":0,"event_name":"FaceTrader","floor":3,"gold_loss":0},{"damage_healed":0,"gold_gain":0,"player_choice":"Forge","damage_taken":0,"max_hp_gain":0,"max_hp_loss":0,"event_name":"Accursed Blacksmith","floor":5,"gold_loss":0,"cards_upgraded":["ReplayRNGCard"]}],"is_beta":false,"boss_relics":[{"not_picked":["hubris:VirtuousBlindfold","Empty Cage"],"picked":"Painkiller Herb"}],"items_purged_floors":[],"is_endless":false,"potions_floor_spawned":[6,14,16],"killed_by":"Slavers","ascension_level":5}}