{"host":"l4kdldlios54gl54","time":1610925442,"event":{"mods":["AchievementEnabler","BaseMod","Colored Map","Colored Powertips","Minty Spire (QoL Compilation)","Random Character Button"],"gold_per_floor":[119,138,149,12,12,40,60,60,60],"floor_reached":8,"language":"ENG","playtime":322,"items_purged":[],"score":116,"play_id":"616968c3-8a97-4916-bc38-e44bf88769f7","local_time":"20210118001722","is_ascension_mode":true,"campfire_choices":[],"circlet_count":0,"master_deck":["AscendersBane","Strike_R","Strike_R","Strike_R","Strike_R","Strike_R","Defend_R","Defend_R","Defend_R+1","Defend_R","Bash+1","True Grit","Iron Wave","Hemokinesis","Thunderclap","Rampage","Shrug It Off","True Grit"],"relics":["Burning Blood","Prayer Wheel"],"acts_visited":["Exordium"],"potions_floor_usage":[3,6,8],"damage_taken":[{"damage":14,"enemies":"2 Louse","floor":1,"turns":4},{"damage":14,"enemies":"Jaw Worm","floor":2,"turns":4},{"damage":0,"enemies":"Cultist","floor":3,"turns":5},{"damage":18,"enemies":"3 Sentries","floor":6,"turns":8},{"damage":11,"enemies":"2 Fungi Beasts","floor":7,"turns":4},{"damage":40,"enemies":"Lagavulin","floor":8,"turns":7}],"seed_played":"-6080056537961709181","potions_obtained":[{"floor":1,"key":"Block Potion"},{"floor":2,"key":"DuplicationPotion"},{"floor":3,"key":"EssenceOfSteel"}],"is_trial":false,"path_per_floor":["M","M","M","$","?","E","M","E"],"character_chosen":"IRONCLAD","items_purchased":["Hemokinesis","Thunderclap"],"campfire_rested":0,"item_purchase_floors":[4,4],"current_hp_per_floor":[67,59,65,65,40,28,23,0,0],"gold":60,"neow_bonus":"TEN_PERCENT_HP_BONUS","is_daily":false,"chose_seed":false,"campfire_upgraded":0,"win_rate":0.0,"timestamp":1610925442,"path_taken":["M","M","M","$","?","E","M","E"],"items_purchased_type":["Card","Card"],"build_version":"2020-12-22","purchased_purges":0,"victory":false,"max_hp_per_floor":[82,82,82,82,82,82,82,82,82],"card_choices":[{"not_picked":["Warcry","Havoc","Blood for Blood"],"picked":"SKIP","floor":1},{"not_picked":["Armaments","Brutality"],"picked":"True Grit","floor":2},{"not_picked":["Clash","Warcry"],"picked":"Iron Wave","floor":3},{"not_picked":["Warcry","Double Tap"],"picked":"Rampage","floor":6},{"not_picked":["Twin Strike","Pommel Strike"],"picked":"Shrug It Off","floor":7},{"not_picked":["Pommel Strike","Feel No Pain"],"picked":"True Grit","floor":7}],"player_experience":872872,"relics_obtained":[{"floor":6,"key":"Prayer Wheel"}],"event_choices":[{"damage_healed":0,"gold_gain":0,"player_choice":"Entered Light","damage_taken":25,"max_hp_gain":0,"max_hp_loss":0,"event_name":"Shining Light","floor":5,"gold_loss":0,"cards_upgraded":["Bash","Defend_R"]}],"is_beta":false,"boss_relics":[],"items_purged_floors":[],"is_endless":false,"potions_floor_spawned":[1,2,3],"killed_by":"Lagavulin","ascension_level":20}}