{"host":"qxeepl7ydvsgmfdb","time":1610890877,"event":{"mods":["AchievementEnabler","BaseMod","Colored Powertips","Minty Spire (QoL Compilation)","Quick Restart","slay the spire mod where everything is the same but ironclad has a cowboy hat"],"gold_per_floor":[116,130,9,9,184,213,228,257,257,257,281,281,293,42,42,146,146,158,433,449,460,355,389,389,400,427,277,277,277,277,293,293,293,293],"floor_reached":33,"language":"ENG","playtime":1376,"items_purged":[],"score":442,"play_id":"589a8412-e454-497a-aab5-220ba90cb02d","local_time":"20210117084117","is_ascension_mode":true,"campfire_choices":[{"floor":12.0,"key":"REST"},{"floor":15.0,"key":"REST"},{"floor":24.0,"key":"REST"},{"floor":29.0,"key":"REST"},{"floor":32.0,"key":"REST"}],"circlet_count":0,"master_deck":["Strike_G","Strike_G","Strike_G","Strike_G+1","Strike_G","Defend_G","Defend_G","Defend_G","Defend_G+1","Defend_G","Survivor","Neutralize","Blade Dance","Backstab","Blade Dance","Doubt","Cloak And Dagger","Footwork","Poisoned Stab","Corpse Explosion","Slice","Regret","Poisoned Stab+1","Deadly Poison","Cloak And Dagger"],"relics":["Ring of the Snake","NeowsBlessing","Blue Candle","Pear","HornCleat","Lantern","Centennial Puzzle","Ninja Scroll","Philosopher\u0027s Stone","Regal Pillow","Blood Vial","Tiny Chest"],"acts_visited":["Exordium","TheCity"],"potions_floor_usage":[33,33,33,33],"damage_taken":[{"damage":0.0,"enemies":"Jaw Worm","floor":1.0,"turns":1.0},{"damage":0.0,"enemies":"Small Slimes","floor":2.0,"turns":1.0},{"damage":0.0,"enemies":"3 Sentries","floor":6.0,"turns":1.0},{"damage":1.0,"enemies":"2 Louse","floor":7.0,"turns":2.0},{"damage":17.0,"enemies":"Gremlin Nob","floor":8.0,"turns":4.0},{"damage":0.0,"enemies":"Exordium Thugs","floor":13.0,"turns":4.0},{"damage":19.0,"enemies":"The Guardian","floor":16.0,"turns":12.0},{"damage":0.0,"enemies":"3 Byrds","floor":18.0,"turns":2.0},{"damage":0.0,"enemies":"Spheric Guardian","floor":20.0,"turns":3.0},{"damage":10.0,"enemies":"Centurion and Healer","floor":21.0,"turns":2.0},{"damage":35.0,"enemies":"Book of Stabbing","floor":23.0,"turns":7.0},{"damage":42.0,"enemies":"Sentry and Sphere","floor":25.0,"turns":6.0},{"damage":36.0,"enemies":"Snake Plant","floor":31.0,"turns":4.0},{"damage":119,"enemies":"Champ","floor":33,"turns":12}],"seed_played":"5658309847617121587","potions_obtained":[{"floor":1.0,"key":"EntropicBrew"},{"floor":6.0,"key":"ColorlessPotion"},{"floor":8.0,"key":"Strength Potion"},{"floor":20.0,"key":"Strength Potion"},{"floor":25.0,"key":"EntropicBrew"}],"is_trial":false,"path_per_floor":["M","M","$","?","?","E","M","E","T","?","T","R","M","$","R","B",null,"M","?","M","M","$","E","R","M","T","$","?","R","?","M","R","B"],"character_chosen":"THE_SILENT","items_purchased":["Backstab","Blade Dance","Ninja Scroll","FairyPotion","Tiny Chest"],"campfire_rested":5,"item_purchase_floors":[3,3,14,22,27],"current_hp_per_floor":[63,63,63,49,49,49,48,41,41,23,23,47,47,47,71,52,73,73,73,73,63,63,28,67,25,25,25,51,80,65,31,71,0,0],"gold":293,"neow_bonus":"THREE_ENEMY_KILL","is_daily":false,"chose_seed":false,"campfire_upgraded":0,"win_rate":0.0,"timestamp":1610890877,"path_taken":["M","M","$","?","?","E","M","E","T","?","?","R","M","$","R","BOSS","M","?","?","M","?","E","R","M","T","$","?","R","?","?","R","BOSS"],"items_purchased_type":["Card","Card","Relic","Potion","Relic"],"build_version":"2020-12-22","purchased_purges":0,"victory":false,"max_hp_per_floor":[70,70,70,70,70,70,70,80,80,80,80,80,80,80,80,80,80,80,80,80,80,80,80,80,80,80,80,80,80,85,85,85,85,85],"card_choices":[{"not_picked":["Flechettes","Deflect","Caltrops"],"picked":"SKIP","floor":1.0},{"not_picked":["Quick Slash","Reflex"],"picked":"Blade Dance","floor":2.0},{"not_picked":["Outmaneuver","Backflip"],"picked":"Cloak And Dagger","floor":6.0},{"not_picked":["Deflect","Setup","Endless Agony"],"picked":"SKIP","floor":7.0},{"not_picked":["Sucker Punch","Accuracy"],"picked":"Footwork","floor":8.0},{"not_picked":["Dodge and Roll","Reflex"],"picked":"Poisoned Stab","floor":13.0},{"not_picked":["Tools of the Trade","Doppelganger"],"picked":"Corpse Explosion","floor":16.0},{"not_picked":["Choke","Calculated Gamble+1"],"picked":"Slice","floor":18.0},{"not_picked":["Crippling Poison","Deflect","Skewer"],"picked":"SKIP","floor":20.0},{"not_picked":["Dagger Throw+1","Well Laid Plans","Dodge and Roll"],"picked":"SKIP","floor":21.0},{"not_picked":["Cloak And Dagger+1","Endless Agony+1"],"picked":"Poisoned Stab+1","floor":23.0},{"not_picked":["Underhanded Strike","Deflect"],"picked":"Deadly Poison","floor":25.0},{"not_picked":["Prepared","Blade Dance"],"picked":"Cloak And Dagger","floor":31.0}],"player_experience":164028,"relics_obtained":[{"floor":6.0,"key":"Blue Candle"},{"floor":8.0,"key":"Pear"},{"floor":9.0,"key":"HornCleat"},{"floor":11.0,"key":"Centennial Puzzle"},{"floor":23.0,"key":"Regal Pillow"},{"floor":26.0,"key":"Blood Vial"}],"event_choices":[{"damage_healed":0.0,"max_hp_gain":0.0,"max_hp_loss":0.0,"gold_gain":0.0,"event_name":"Shining Light","player_choice":"Entered Light","floor":4.0,"gold_loss":0.0,"damage_taken":14.0,"cards_upgraded":["Strike_G","Defend_G"]},{"damage_healed":0.0,"max_hp_gain":0.0,"max_hp_loss":0.0,"gold_gain":175.0,"event_name":"Liars Game","player_choice":"AGREE","floor":5.0,"gold_loss":0.0,"damage_taken":0.0,"cards_obtained":["Doubt"]},{"damage_healed":0.0,"max_hp_gain":0.0,"max_hp_loss":0.0,"gold_gain":0.0,"event_name":"Scrap Ooze","player_choice":"Success","floor":10.0,"gold_loss":0.0,"damage_taken":18.0,"relics_obtained":["Lantern"]},{"damage_healed":0.0,"max_hp_gain":0.0,"max_hp_loss":0.0,"gold_gain":275.0,"event_name":"Golden Shrine","player_choice":"Desecrate","floor":19.0,"gold_loss":0.0,"damage_taken":0.0,"cards_obtained":["Regret"]},{"damage_healed":26.0,"max_hp_gain":0.0,"max_hp_loss":0.0,"gold_gain":0.0,"event_name":"The Library","player_choice":"Heal","floor":28.0,"gold_loss":0.0,"damage_taken":0.0},{"damage_healed":0.0,"max_hp_gain":5.0,"max_hp_loss":0.0,"gold_gain":0.0,"event_name":"Forgotten Altar","player_choice":"Shed Blood","floor":30.0,"gold_loss":0.0,"damage_taken":20.0}],"is_beta":false,"boss_relics":[{"not_picked":["Fusion Hammer","Snecko Eye"],"picked":"Philosopher\u0027s Stone"}],"items_purged_floors":[],"is_endless":false,"potions_floor_spawned":[1,6,8,20,25,31],"killed_by":"Champ","ascension_level":8}}