{"host":"o54aw4mfims5m8ve","time":1610902639,"event":{"mods":["BaseMod","Downfall","Minty Spire (QoL Compilation)","StSLib","The Cursed","The Saiyan","The Senshi"],"gold_per_floor":[117,129,129,148,162,162,162],"floor_reached":6,"language":"ENG","playtime":449,"items_purged":[],"score":38,"play_id":"fb6fa7f9-dd50-4d55-8ee7-281e5e767db9","local_time":"20210117165719","is_ascension_mode":false,"campfire_choices":[],"circlet_count":0,"master_deck":["theSenshi:SailorKick","theSenshi:SailorKick","theSenshi:SailorKick","theSenshi:SailorKick","theSenshi:SailorBlock","theSenshi:SailorBlock+1","theSenshi:SailorBlock+1","theSenshi:SailorBlock","theSenshi:RoseThrow","theSenshi:MoonPrismPowerMakeUp","theSenshi:SailorJupiterAssists","theSenshi:MoonCosmicPowerMakeUp","theSenshi:Sidestep"],"relics":["theSenshi:TransformationBroochRelic"],"acts_visited":["Exordium"],"potions_floor_usage":[5],"damage_taken":[{"damage":0,"enemies":"Jaw Worm","floor":1,"turns":3},{"damage":1,"enemies":"Small Slimes","floor":2,"turns":3},{"damage":0,"enemies":"2 Louse","floor":4,"turns":2},{"damage":15,"enemies":"Exordium Thugs","floor":5,"turns":4},{"damage":57,"enemies":"Gremlin Nob","floor":6,"turns":6}],"seed_played":"1550910191481927271","potions_obtained":[{"floor":2,"key":"FearPotion"},{"floor":4,"key":"BlessingOfTheForge"}],"is_trial":false,"path_per_floor":["M","M","?","M","M","E"],"character_chosen":"THE_SENSHI","items_purchased":[],"campfire_rested":0,"item_purchase_floors":[],"current_hp_per_floor":[82,81,65,65,50,0,0],"gold":162,"neow_bonus":"TEN_PERCENT_HP_BONUS","is_daily":false,"chose_seed":false,"campfire_upgraded":0,"win_rate":0.0,"timestamp":1610902639,"path_taken":["M","M","?","M","M","E"],"items_purchased_type":[],"build_version":"2020-12-22","purchased_purges":0,"victory":false,"max_hp_per_floor":[82,82,82,82,82,82,82],"card_choices":[{"not_picked":["theSenshi:SchoolBag","theSenshi:SailorUranusAssists"],"picked":"theSenshi:SailorJupiterAssists","floor":1},{"not_picked":["theSenshi:LateForSchool","theSenshi:EncouragingSpeech","theSenshi:MoonPower"],"picked":"SKIP","floor":2},{"not_picked":["theSenshi:SupersonicWaves","theSenshi:CrisisMakeUp"],"picked":"theSenshi:MoonCosmicPowerMakeUp","floor":4},{"not_picked":["theSenshi:OdangoHead","theSenshi:SailorMercuryAssists"],"picked":"theSenshi:Sidestep","floor":5}],"player_experience":194381,"relics_obtained":[],"event_choices":[{"damage_healed":0,"gold_gain":0,"player_choice":"Entered Light","damage_taken":16,"max_hp_gain":0,"max_hp_loss":0,"event_name":"Shining Light","floor":3,"gold_loss":0,"cards_upgraded":["theSenshi:SailorBlock","theSenshi:SailorBlock"]}],"is_beta":false,"boss_relics":[],"items_purged_floors":[],"is_endless":false,"potions_floor_spawned":[2,4],"killed_by":"Gremlin Nob","ascension_level":0}}