{"host":"bf9sa99gaumonoeu","time":1610924150,"event":{"mods":["AchievementEnabler","Act Like it!","Aspiration","BaseMod","Bestiary","Better Note","Block Reminder","Colored Map","Colored Powertips","Fox Events","Friendly Minions","Gensokyo","GifTheSpireLib","Googly Eyes","Hallownest","Hermit","Highlight Path","Hubris","Jorbs\u0027s Wanderer Trilogy","KinomotoSakuraMod(????)","Koishi","Lobotomy","Marisa????????","Minty Spire (QoL Compilation)","Rare Cards Sparkle","Reimu??????","Relic Stats","Remilia??????","Replay The Spire","StS++","StSLib","The Administrix","The Animator","The Bug Knight","The Construct","The Cursed","The Disciple","The Hierophant","The Mystic","The Necromancer","The Poker Player","The Runesmith","The Senshi","The Servant 0.9.4"],"gold_per_floor":[109,126,126,141,141,141,159,179,202,231,18,51,51,51,51,148,148,163,177,194,194,206,206,234,246,246,281,281,281,312,341,353,468,480,507,347,397,417,36,36,46,46,72,92,92,119,119,138,138,138,138,138,63,88,88],"floor_reached":56,"language":"ENG","playtime":4032,"items_purged":["Strike_P","Strike_P","Defend_P"],"score":1787,"play_id":"55f4374a-89a4-455a-91a6-281dea19b8c6","local_time":"20210117205550","is_ascension_mode":true,"campfire_choices":[{"data":"Wallop","floor":6.0,"key":"SMITH"},{"data":"DevaForm","floor":13.0,"key":"SMITH"},{"data":"Spot Weakness","floor":15.0,"key":"SMITH"},{"data":"Vault","floor":23.0,"key":"SMITH"},{"floor":28.0,"key":"REST"},{"floor":32.0,"key":"REST"},{"data":"Eruption","floor":40,"key":"SMITH"},{"data":"Indignation","floor":42,"key":"SMITH"},{"data":"FlyingSleeves","floor":45,"key":"SMITH"},{"floor":49,"key":"RECALL"},{"data":"Vigilance","floor":52,"key":"SMITH"}],"circlet_count":0,"master_deck":["Strike_P","Strike_P","Defend_P","Defend_P","Eruption+1","Vigilance+1","Wallop+1","Evaluate","FlyingSleeves+1","Spot Weakness+1","Consecrate","DevaForm+1","Crescendo+1","ClearTheMind","Vault+1","Evaluate","Indignation+1","EmptyMind+1","Vengeance","Evaluate+1","Gensokyo:ShootingStar","Protect+1","SashWhip+1","Study+1","Replay:Anticipation"],"relics":["PureWater","Bag of Marbles","Quantum Egg","ReplayTheSpireMod:Lightbulb","Replay:Bronze Core","Gensokyo:RedStar","Pet Ghost","aspiration:HummingbirdHeart","Singing Bowl","MawBank","SlaversCollar","PureWhite:ReiMu","aspiration:HiddenCompartment","Gambling Chip","Blue Doll"],"acts_visited":["Gensokyo:Gensokyo","Gensokyo:Gensokyoer","TheBeyond","TheEnding"],"potions_floor_usage":[55,55,55,55,55],"damage_taken":[{"damage":0.0,"enemies":"Gensokyo:3_Fairies","floor":1.0,"turns":2.0},{"damage":2.0,"enemies":"Gensokyo:Python","floor":2.0,"turns":4.0},{"damage":0.0,"enemies":"Gensokyo:2_Kodama","floor":4.0,"turns":3.0},{"damage":0.0,"enemies":"Gensokyo:VengefulSpirit","floor":7.0,"turns":5.0},{"damage":0.0,"enemies":"Gensokyo:LivingMonolith","floor":8.0,"turns":3.0},{"damage":11.0,"enemies":"Gensokyo:Aya","floor":10.0,"turns":3.0},{"damage":4.0,"enemies":"Gensokyo:Mamizou","floor":12.0,"turns":8.0},{"damage":5.0,"enemies":"Gensokyo:Yukari","floor":16.0,"turns":9.0},{"damage":1.0,"enemies":"Gensokyo:CosmicMonolith","floor":18.0,"turns":3.0},{"damage":11.0,"enemies":"Gensokyo:3_Dogs","floor":19.0,"turns":3.0},{"damage":6.0,"enemies":"Gensokyo:Wraith","floor":20.0,"turns":4.0},{"damage":2.0,"enemies":"Gensokyo:Monolith_and_Dog","floor":22.0,"turns":4.0},{"damage":28.0,"enemies":"Gensokyo:Tenshi","floor":24.0,"turns":4.0},{"damage":0.0,"enemies":"Gensokyo:Chomper_and_Gloop","floor":25.0,"turns":4.0},{"damage":0.0,"enemies":"Gensokyo:Koishi","floor":27.0,"turns":3.0},{"damage":0.0,"enemies":"Gensokyo:Reisen","floor":30.0,"turns":5.0},{"damage":20.0,"enemies":"Gensokyo:Slime_Group","floor":31.0,"turns":4.0},{"damage":0.0,"enemies":"Gensokyo:Eiki","floor":33.0,"turns":8.0},{"damage":0,"enemies":"Orb Walker","floor":35,"turns":3},{"damage":0,"enemies":"Mind Bloom Boss Battle","floor":37,"turns":4},{"damage":0,"enemies":"3 Shapes","floor":38,"turns":3},{"damage":0,"enemies":"Sphere and 2 Shapes","floor":41,"turns":3},{"damage":0,"enemies":"Maw","floor":44,"turns":5},{"damage":0,"enemies":"Reptomancer","floor":46,"turns":2},{"damage":0,"enemies":"Jaw Worm Horde","floor":48,"turns":2},{"damage":0,"enemies":"Time Eater","floor":50,"turns":5},{"damage":0,"enemies":"Shield and Spear","floor":54,"turns":4},{"damage":94,"enemies":"The Heart","floor":55,"turns":9}],"seed_played":"-6738368333012021487","potions_obtained":[{"floor":1.0,"key":"Adrenaline Potion"},{"floor":2.0,"key":"Cursed Concoction"},{"floor":4.0,"key":"Elixir"},{"floor":20.0,"key":"Ancient Potion"},{"floor":22.0,"key":"SpeedPotion"},{"floor":24.0,"key":"PowerPotion"},{"floor":30.0,"key":"Ancient Potion"},{"floor":41,"key":"EntropicBrew"}],"is_trial":false,"path_per_floor":["M","M","?","M","?","R","M","M","T","E","$","E","R","?","R","B",null,"M","M","M","?","M","R","E","M","T","E","R","?","E","M","R","B",null,"M","$","?","M","$","R","M","R","T","M","R","E","?","M","R_BF","B",null,"R","$","E","B",null],"character_chosen":"WATCHER","items_purchased":["Crescendo+1","Fruit Juice","DuplicationPotion","Study+1","PowerPotion","aspiration:HiddenCompartment","Replay:Anticipation"],"campfire_rested":2,"item_purchase_floors":[11,11,36,39,39,39,53],"current_hp_per_floor":[65,63,70,70,70,70,70,70,70,59,64,60,60,60,60,55,77,76,65,59,59,57,57,29,29,29,29,54,54,56,38,64,90,90,92,92,92,92,92,92,94,94,94,96,96,98,98,100,100,100,100,100,100,102,8],"gold":88,"neow_bonus":"REMOVE_CARD","is_daily":false,"chose_seed":false,"campfire_upgraded":8,"win_rate":0.0,"timestamp":1610924150,"path_taken":["M","M","?","M","?","R","?","M","T","E","?","E","R","?","R","BOSS","M","M","M","?","M","R","E","M","T","E","R","?","E","M","R","BOSS","M","$","?","M","$","R","M","R","T","M","R","E","?","M","R_BF","BOSS","R","$","E","BOSS"],"items_purchased_type":["Card","Potion","Potion","Card","Potion","Relic","Card"],"build_version":"2020-12-22","purchased_purges":3,"victory":true,"max_hp_per_floor":[72,72,79,79,79,79,79,79,79,79,84,84,84,84,84,84,84,84,84,84,84,84,84,84,84,84,84,84,84,86,88,88,90,90,92,92,92,92,92,92,94,94,94,96,96,98,98,100,100,100,100,100,100,102,102],"relic_stats":{"Singing Bowl":18,"counters":[28,119],"Gambling Chip":[17],"MawBank":72,"obtain_stats":[{"Singing Bowl":27,"Quantum Egg":10,"Blue Doll":54,"aspiration:HummingbirdHeart":26,"Gensokyo:RedStar":21,"MawBank":30,"aspiration:HiddenCompartment":39,"Pet Ghost":24,"Frozen Eye":27,"SlaversCollar":34,"PureWhite:ReiMu":37,"Replay:Bronze Core":17,"Gambling Chip":46,"Bag of Marbles":9,"PureWater":0,"ReplayTheSpireMod:Lightbulb":12},{"Singing Bowl":15,"Quantum Egg":6,"Blue Doll":27,"aspiration:HummingbirdHeart":14,"Gensokyo:RedStar":11,"MawBank":16,"aspiration:HiddenCompartment":21,"Pet Ghost":13,"Frozen Eye":14,"SlaversCollar":18,"PureWhite:ReiMu":20,"Replay:Bronze Core":8,"Gambling Chip":24,"Bag of Marbles":5,"PureWater":0,"ReplayTheSpireMod:Lightbulb":7},{"Singing Bowl":62,"Quantum Egg":20,"Blue Doll":110,"aspiration:HummingbirdHeart":59,"Gensokyo:RedStar":47,"MawBank":67,"aspiration:HiddenCompartment":89,"Pet Ghost":55,"Frozen Eye":59,"SlaversCollar":79,"PureWhite:ReiMu":86,"Replay:Bronze Core":37,"Gambling Chip":99,"Bag of Marbles":17,"PureWater":0,"ReplayTheSpireMod:Lightbulb":28}]},"card_choices":[{"not_picked":["FollowUp","CrushJoints"],"picked":"Wallop","floor":1.0},{"not_picked":["Perseverance","ClearTheMind"],"picked":"Evaluate","floor":2.0},{"not_picked":["Replay:AtTheReady","Halt"],"picked":"FlyingSleeves","floor":4.0},{"not_picked":["Indignation","EmptyBody"],"picked":"BowlingBash","floor":7.0},{"not_picked":["CrushJoints","ReachHeaven"],"picked":"Consecrate","floor":8.0},{"not_picked":["Fasting2","EmptyBody"],"picked":"DevaForm","floor":10.0},{"not_picked":["Replay:BluntJabs","Wallop"],"picked":"ClearTheMind","floor":12.0},{"not_picked":["Blasphemy","Establishment"],"picked":"Vault","floor":16.0},{"not_picked":["Replay:AtTheReady","ClearTheMind","SignatureMove+1"],"picked":"SKIP","floor":18.0},{"not_picked":["CrushJoints","LikeWater"],"picked":"Evaluate","floor":19.0},{"not_picked":["FollowUp","ThirdEye","Halt"],"picked":"SKIP","floor":20.0},{"not_picked":["FollowUp","Fasting2+1"],"picked":"Indignation","floor":22.0},{"not_picked":["EmptyBody","BattleHymn+1"],"picked":"EmptyMind+1","floor":24.0},{"not_picked":["Pray","Consecrate"],"picked":"Vengeance","floor":25.0},{"not_picked":["Pray","Conclude"],"picked":"Evaluate+1","floor":27.0},{"not_picked":["Wish","FlyingSleeves","PathToVictory"],"picked":"Singing Bowl","floor":30.0},{"not_picked":["ClearTheMind","Consecrate","ConjureBlade"],"picked":"Singing Bowl","floor":31.0},{"not_picked":[],"picked":"Gensokyo:ShootingStar","floor":33.0},{"not_picked":["Establishment","Replay:AllIn","MasterReality"],"picked":"Singing Bowl","floor":33.0},{"not_picked":["FlyingSleeves+1","Consecrate","StSpp:Chanting"],"picked":"Singing Bowl","floor":35},{"not_picked":["SandsOfTime+1","Replay:AtTheReady"],"picked":"Protect+1","floor":37},{"not_picked":["Replay:ManipulateFuture","BowlingBash"],"picked":"SashWhip+1","floor":38},{"not_picked":["EmptyFist+1","Tantrum+1","EmptyMind+1"],"picked":"Singing Bowl","floor":41},{"not_picked":["Prostrate","Halt","StSpp:Purify+1"],"picked":"Singing Bowl","floor":44},{"not_picked":["Replay:LoomingThreat","Replay:AtTheReady+1","ClearTheMind"],"picked":"Singing Bowl","floor":46},{"not_picked":["Consecrate","DeceiveReality+1","FlurryOfBlows+1"],"picked":"Singing Bowl","floor":48},{"not_picked":["Replay:Hum","EmptyFist+1","Pray"],"picked":"Singing Bowl","floor":54}],"player_experience":962895,"relics_obtained":[{"floor":9.0,"key":"Bag of Marbles"},{"floor":10.0,"key":"Quantum Egg"},{"floor":12.0,"key":"ReplayTheSpireMod:Lightbulb"},{"floor":24.0,"key":"Pet Ghost"},{"floor":26.0,"key":"aspiration:HummingbirdHeart"},{"floor":27.0,"key":"Singing Bowl"},{"floor":30.0,"key":"MawBank"},{"floor":37,"key":"PureWhite:ReiMu"},{"floor":46,"key":"Gambling Chip"},{"floor":54,"key":"Blue Doll"}],"event_choices":[{"damage_healed":0.0,"max_hp_gain":0.0,"max_hp_loss":0.0,"gold_gain":1.0,"event_name":"betterStone:BetterStone","player_choice":"4","floor":5.0,"gold_loss":0.0,"damage_taken":0.0,"cards_obtained":["Spot Weakness"]},{"damage_healed":0,"gold_gain":0,"player_choice":"Fight","damage_taken":0,"max_hp_gain":0,"max_hp_loss":0,"event_name":"MindBloom","floor":37,"gold_loss":0},{"cards_removed":["BowlingBash"],"damage_healed":0,"gold_gain":0,"player_choice":"Removed Attack","damage_taken":0,"max_hp_gain":0,"max_hp_loss":0,"event_name":"Falling","floor":47,"gold_loss":0}],"is_beta":false,"boss_relics":[{"not_picked":["Runesmith:UraniumAnvil","Replay:Ancient Bell"],"picked":"Replay:Bronze Core"},{"not_picked":["hubris:Backtick","SacredBark"],"picked":"SlaversCollar"}],"items_purged_floors":[11,36,39],"is_endless":false,"potions_floor_spawned":[1,2,4,8,20,22,24,30,33,37,41,46,54],"ascension_level":7}}