{"host":"627up2rvtmm0cf0r","time":1610865412,"event":{"mods":["100% Spire Juice","ATMod(°¢èªMod)","Act Like it!","BaseMod","Better Vampires","CapriCore","Card Filter","Card Forge","Colored Powertips","DeckTracker","Dota2Spire","Energized Spire","Friendly Minions","Highlight Path","Infinite Spire","Jedi Mod","Marked Mod","Mimic Mod","Minty Spire (QoL Compilation)","MostiFishMod","Permanent Neow","Practice Mode","Quick Restart","Relic Stats","Shop Mod","Spicy Shops","StSLib","SuperFastMode","TestMod","The Blackbeard","The Marked","¡¾ÒÅÎï¿¨ÅÆ¡¿REMEMod","²ÐÁôÖ®Îï","óô»ðÖ¸ÄÏ"],"gold_per_floor":[120,120,142,159,109,144,144,144,167,197,212,212,212,247,50,157,157,177,199,218,236,236,276,226,259,259,297,212,212,16,56,56,158,158,175,450,450,467,482,482,515,313,313,341,370,384,384,406,406,454,454,201,201,237,242],"floor_reached":56,"language":"ZHS","playtime":2382,"items_purged":["Strike_B","Strike_B","Defend_B","Dualcast","Regret","Zap"],"score":1734,"play_id":"2c7f91f5-b6fe-47d0-8ccc-741cd53e9554","local_time":"20210117143652","is_ascension_mode":true,"campfire_choices":[{"data":"jedi:harder","floor":7,"key":"SMITH"},{"data":"Recycle","floor":13,"key":"SMITH"},{"data":"MostiFishMod:StarOceanB","floor":29,"key":"SMITH"},{"data":"Turbo","floor":32,"key":"SMITH"},{"data":"MostiFishMod:ReadyAimFire","floor":40,"key":"SMITH"},{"floor":49,"key":"RECALL"}],"circlet_count":0,"master_deck":["AT_ShadowStep+1","jedi:harder+1","Turbo+1","Recycle+1","Coolheaded+1","MostiFishMod:DawningShadow+1","AT_EMC2+1","MostiFishMod:StarOceanB+1","MostiFishMod:ReadyAimFire+1"],"relics":["Cracked Core","Hammer of Thor","Seething Fire","Anvil of the Gods","DaveBox","testmod-TestBox","REME_ComplimentaryCards","AT_ATBox","Dota2Spire:UrnOfShadows","testmod-TheFather","SynthV:TestCard","Dota2Spire:PowerTreads","PlaceholderMod:DeVermisMysteriis","AT_BladeRuinedKing","Smiling Mask","Runic Pyramid","testmod-HeartOfStrike","Empty Cage","AT_SilvercatRing","Bronze Scales","infinitespire:CheckeredPen","Boot","REME_PuzzleBoxRelic","TheAbacus","Lantern","testmod-SaigiyounoYou","Strange Spoon","Mummified Hand","BrkXgEgg","infinitespire:Satchel","Dota2Spire:CrimsonGuard","REME_LimitBreaker","testmod-CyclicPeriapt"],"acts_visited":["Exordium","TheCity","TheBeyond","TheEnding"],"potions_floor_usage":[6,27],"damage_taken":[{"damage":2,"enemies":"Jaw Worm","floor":1,"turns":3},{"damage":1,"enemies":"2 Louse","floor":3,"turns":2},{"damage":0,"enemies":"Small Slimes","floor":4,"turns":3},{"damage":5,"enemies":"Gremlin Nob","floor":6,"turns":2},{"damage":15,"enemies":"Gremlin Gang","floor":10,"turns":2},{"damage":7,"enemies":"Blue Slaver","floor":11,"turns":4},{"damage":0,"enemies":"Lagavulin","floor":14,"turns":9},{"damage":23,"enemies":"The Guardian","floor":16,"turns":19},{"damage":0,"enemies":"Chosen","floor":18,"turns":4},{"damage":3,"enemies":"Shell Parasite","floor":19,"turns":4},{"damage":1,"enemies":"3 Cultists","floor":20,"turns":4},{"damage":19,"enemies":"Shelled Parasite and Fungi","floor":21,"turns":5},{"damage":38,"enemies":"Gremlin Leader","floor":23,"turns":4},{"damage":14,"enemies":"Book of Stabbing","floor":25,"turns":2},{"damage":3,"enemies":"Slavers","floor":27,"turns":2},{"damage":7,"enemies":"Gremlin Leader","floor":31,"turns":5},{"damage":4,"enemies":"Champ","floor":33,"turns":5},{"damage":0,"enemies":"3 Darklings","floor":35,"turns":2},{"damage":0,"enemies":"Orb Walker","floor":38,"turns":1},{"damage":0,"enemies":"Jaw Worm Horde","floor":39,"turns":1},{"damage":0,"enemies":"Giant Head","floor":41,"turns":1},{"damage":0,"enemies":"Transient","floor":44,"turns":2},{"damage":0,"enemies":"Nemesis","floor":45,"turns":1},{"damage":0,"enemies":"Writhing Mass","floor":46,"turns":1},{"damage":0,"enemies":"3 Darklings","floor":48,"turns":1},{"damage":23,"enemies":"infinitespire:MassOfShapes","floor":50,"turns":7},{"damage":5,"enemies":"Shield and Spear","floor":54,"turns":3},{"damage":15,"enemies":"The Heart","floor":55,"turns":4}],"seed_played":"-7069739339499448879","potions_obtained":[{"floor":1,"key":"ColorlessPotion"},{"floor":4,"key":"BlessingOfTheForge"},{"floor":14,"key":"DistilledChaos"},{"floor":27,"key":"SpeedPotion"},{"floor":48,"key":"testmod-EscapePotion"}],"is_trial":false,"path_per_floor":["M","?","M","M","?","E","R","?","T","M","M","?","R","E","R","B",null,"M","M","M","M","AVR","E","$","E","T","E","?","R","$","E","R","B",null,"M","?","AVR","M","M","R","E","R","T","M","E","M","?","M","R","B",null,"R","$","E","B",null],"character_chosen":"DEFECT","items_purchased":["Smiling Mask","TheAbacus","BrkXgEgg","REME_LimitBreaker"],"campfire_rested":0,"item_purchase_floors":[15,30,42,52],"current_hp_per_floor":[73,66,65,65,65,60,60,60,60,45,38,38,38,44,44,21,75,75,72,71,61,61,29,29,15,15,15,15,15,15,17,17,29,75,75,75,75,75,75,75,75,75,75,75,75,75,75,75,75,75,75,75,75,75,72],"gold":242,"neow_bonus":"RANDOM_COMMON_RELIC","is_daily":false,"chose_seed":false,"campfire_upgraded":5,"win_rate":0.0,"timestamp":1610865412,"path_taken":["M","?","M","M","?","E","R","?","T","M","?","?","R","E","R","BOSS","M","?","?","?","AVR","E","?","E","T","E","?","R","$","E","R","BOSS","M","?","AVR","M","M","R","E","R","T","?","E","M","?","M","R","BOSS","R","$","E","BOSS"],"items_purchased_type":["Relic","Relic","Relic","Relic"],"build_version":"2020-12-22","purchased_purges":6,"victory":true,"max_hp_per_floor":[75,75,75,75,75,75,75,75,75,75,75,75,75,75,75,75,75,75,75,75,75,75,75,75,75,75,75,75,75,75,75,75,75,75,75,75,75,75,75,75,75,75,75,75,75,75,75,75,75,75,75,75,75,75,75],"relic_stats":{"Strange Spoon":[25],"TheAbacus":[126],"counters":[28,100],"Mummified Hand":[19],"Bronze Scales":[135],"Smiling Mask":250,"Boot":[17],"obtain_stats":[{"testmod-HeartOfStrike":22,"Dota2Spire:PowerTreads":6,"Lantern":31,"AT_ATBox":0,"DaveBox":0,"Hammer of Thor":0,"PlaceholderMod:DeVermisMysteriis":9,"Smiling Mask":15,"Empty Cage":22,"Boot":27,"TheAbacus":30,"Dota2Spire:CrimsonGuard":47,"Mummified Hand":41,"testmod-TheFather":0,"Cracked Core":0,"Runic Pyramid":17,"testmod-TestBox":0,"Dota2Spire:UrnOfShadows":0,"AT_BladeRuinedKing":14,"BrkXgEgg":42,"testmod-CyclicPeriapt":54,"Seething Fire":0,"infinitespire:CheckeredPen":26,"AT_SilvercatRing":23,"REME_LimitBreaker":52,"testmod-SaigiyounoYou":34,"Strange Spoon":37,"SynthV:TestCard":1,"Anvil of the Gods":0,"Bronze Scales":25,"infinitespire:Satchel":45,"REME_PuzzleBoxRelic":28,"REME_ComplimentaryCards":0},{"testmod-HeartOfStrike":12,"Dota2Spire:PowerTreads":4,"Lantern":16,"AT_ATBox":0,"DaveBox":0,"Hammer of Thor":0,"PlaceholderMod:DeVermisMysteriis":4,"Smiling Mask":7,"Empty Cage":12,"Boot":15,"TheAbacus":15,"Dota2Spire:CrimsonGuard":24,"Mummified Hand":21,"testmod-TheFather":0,"Cracked Core":0,"Runic Pyramid":8,"testmod-TestBox":0,"Dota2Spire:UrnOfShadows":0,"AT_BladeRuinedKing":7,"BrkXgEgg":21,"testmod-CyclicPeriapt":27,"Seething Fire":0,"infinitespire:CheckeredPen":14,"AT_SilvercatRing":13,"REME_LimitBreaker":26,"testmod-SaigiyounoYou":17,"Strange Spoon":18,"SynthV:TestCard":1,"Anvil of the Gods":0,"Bronze Scales":14,"infinitespire:Satchel":23,"REME_PuzzleBoxRelic":15,"REME_ComplimentaryCards":0},{"testmod-HeartOfStrike":60,"Dota2Spire:PowerTreads":10,"Lantern":72,"AT_ATBox":0,"DaveBox":0,"Hammer of Thor":0,"PlaceholderMod:DeVermisMysteriis":10,"Smiling Mask":25,"Empty Cage":60,"Boot":68,"TheAbacus":68,"Dota2Spire:CrimsonGuard":86,"Mummified Hand":82,"testmod-TheFather":0,"Cracked Core":0,"Runic Pyramid":44,"testmod-TestBox":0,"Dota2Spire:UrnOfShadows":0,"AT_BladeRuinedKing":25,"BrkXgEgg":82,"testmod-CyclicPeriapt":96,"Seething Fire":0,"infinitespire:CheckeredPen":66,"AT_SilvercatRing":64,"REME_LimitBreaker":93,"testmod-SaigiyounoYou":77,"Strange Spoon":79,"SynthV:TestCard":3,"Anvil of the Gods":0,"Bronze Scales":66,"infinitespire:Satchel":85,"REME_PuzzleBoxRelic":68,"REME_ComplimentaryCards":0}]},"card_choices":[{"not_picked":["Darkness","MostiFishMod:FluxCapactior"],"picked":"Turbo","floor":1},{"not_picked":["Leap","Undo","Loop","MostiFishMod:PushDownKick","AT_RobotInSpace"],"picked":"SKIP","floor":3},{"not_picked":["Beam Cell","Lockon","Stack","Go for the Eyes"],"picked":"Recycle","floor":4},{"not_picked":["Streamline","Redo","Fusion","Doom and Gloom","Buffer"],"picked":"SKIP","floor":6},{"not_picked":["Turbo","Recycle","Compile Driver","Double Energy"],"picked":"Coolheaded","floor":10},{"not_picked":["REME_SelfUpgrade","Stack","Steam","Beam Cell","Melter"],"picked":"SKIP","floor":11},{"not_picked":["Cold Snap","Meteor Strike","jedi:BurstLightning","Scrape","Ball Lightning"],"picked":"SKIP","floor":14},{"not_picked":["MostiFishMod:Tomorrow","MostiFishMod:IceShield","MostiFishMod:InterfaceCompatibility","jedi:BurstDark"],"picked":"MostiFishMod:DawningShadow","floor":16},{"not_picked":["Turbo+1","Sweeping Beam+1","Doom and Gloom","Barrage+1","Go for the Eyes"],"picked":"SKIP","floor":18},{"not_picked":["Leap","Barrage+1","Redo","Coolheaded+1"],"picked":"AT_EMC2","floor":19},{"not_picked":["Streamline","jedi:BurstLightning","Steam","MostiFishMod:IceShield","Compile Driver+1"],"picked":"SKIP","floor":20},{"not_picked":["Melter","AT_ThunderBolt","AT_WarpDrive","Chaos","Rebound"],"picked":"SKIP","floor":21},{"not_picked":["Self Repair+1","jedi:BurstFrost","Sweeping Beam+1","Coolheaded","Sunder"],"picked":"SKIP","floor":23},{"not_picked":["Redo","Hologram+1","Ball Lightning+1","Storm"],"picked":"MostiFishMod:StarOceanB","floor":25},{"not_picked":["Conserve Battery","jedi:reiji","Turbo","jedi:blockon","Ball Lightning"],"picked":"SKIP","floor":27},{"not_picked":["Redo","REME_DataAnalysis","Cold Snap","Glacier","Double Energy"],"picked":"SKIP","floor":31},{"not_picked":["jedi:readyaimfire","Rainbow","Core Surge","MostiFishMod:IceShield"],"picked":"MostiFishMod:ReadyAimFire","floor":33},{"not_picked":["Sweeping Beam","Rebound","jedi:BurstLightning","MostiFishMod:PushDownKick","jedi:BurstFrost"],"picked":"SKIP","floor":35},{"not_picked":["Hello World","MostiFishMod:Impulse","Auto Shields+1","Gash+1","jedi:BurstFrost"],"picked":"SKIP","floor":38},{"not_picked":["Barrage+1","Ball Lightning+1","Chill","MostiFishMod:Impulse+1","Leap"],"picked":"SKIP","floor":39},{"not_picked":["jedi:studyfrost","Turbo","Aggregate","Leap","jedi:BurstFrost"],"picked":"SKIP","floor":41},{"not_picked":["Rebound+1","Sweeping Beam+1","AT_HeatAcrobatics","MostiFishMod:PushDownKick+1","jedi:overflow+1"],"picked":"SKIP","floor":44},{"not_picked":["Rebound","Reinforced Body+1","Redo","Scrape+1","Go for the Eyes+1"],"picked":"SKIP","floor":45},{"not_picked":["AT_DarkMatter","jedi:spotbugs+1","MostiFishMod:Impulse+1","Go for the Eyes+1","Hologram+1"],"picked":"SKIP","floor":46},{"not_picked":["Lockon","Capacitor","Reprogram","jedi:BurstFrost","Gash"],"picked":"SKIP","floor":48},{"not_picked":["Steam","jedi:BurstFrost+1","Compile Driver+1","Hello World","Force Field+1"],"picked":"SKIP","floor":54}],"player_experience":103276,"relics_obtained":[{"floor":1,"key":"SynthV:TestCard"},{"floor":6,"key":"Dota2Spire:PowerTreads"},{"floor":9,"key":"PlaceholderMod:DeVermisMysteriis"},{"floor":14,"key":"AT_BladeRuinedKing"},{"floor":23,"key":"AT_SilvercatRing"},{"floor":25,"key":"Bronze Scales"},{"floor":26,"key":"infinitespire:CheckeredPen"},{"floor":27,"key":"Boot"},{"floor":31,"key":"Lantern"},{"floor":41,"key":"Mummified Hand"},{"floor":45,"key":"infinitespire:Satchel"},{"floor":54,"key":"testmod-CyclicPeriapt"}],"event_choices":[{"cards_removed":["Strike_B"],"damage_healed":0,"gold_gain":0,"player_choice":"Card Removal","damage_taken":7,"max_hp_gain":0,"max_hp_loss":0,"event_name":"Golden Wing","floor":2,"gold_loss":0},{"cards_removed":["Strike_B"],"damage_healed":0,"gold_gain":0,"player_choice":"Card Removal","damage_taken":0,"max_hp_gain":0,"max_hp_loss":0,"event_name":"The Cleric","floor":5,"gold_loss":50},{"cards_removed":["Defend_B"],"damage_healed":0,"gold_gain":0,"player_choice":"Offered Basic","damage_taken":0,"max_hp_gain":0,"max_hp_loss":0,"event_name":"Bonfire Elementals","floor":8,"gold_loss":0},{"damage_healed":0,"gold_gain":0,"player_choice":"Upgraded","damage_taken":0,"max_hp_gain":0,"max_hp_loss":0,"event_name":"Upgrade Shrine","floor":12,"gold_loss":0,"cards_upgraded":["AT_ShadowStep"]},{"damage_healed":0,"gold_gain":0,"player_choice":"Obtained Relic","damage_taken":0,"relics_obtained":["REME_PuzzleBoxRelic"],"max_hp_gain":0,"max_hp_loss":0,"event_name":"Addict","floor":28,"gold_loss":85},{"damage_healed":0,"gold_gain":275,"player_choice":"Desecrate","damage_taken":0,"max_hp_gain":0,"max_hp_loss":0,"event_name":"Golden Shrine","floor":36,"gold_loss":0,"cards_obtained":["Regret"]},{"damage_healed":0,"gold_gain":0,"player_choice":"Gave Potion","damage_taken":0,"relics_obtained":["Dota2Spire:CrimsonGuard"],"max_hp_gain":0,"max_hp_loss":0,"event_name":"WeMeetAgain","floor":47,"gold_loss":0}],"is_beta":false,"boss_relics":[{"not_picked":["MoonlightInvasionPlan","EE1DDrone"],"picked":"Runic Pyramid"},{"not_picked":["AT_TrinityForce","TakeMeEscape"],"picked":"testmod-SaigiyounoYou"}],"items_purged_floors":[15,22,24,30,37,42],"is_endless":false,"potions_floor_spawned":[1,4,14,16,19,21,23,27,33,39,45,46,48],"ascension_level":3}}