{"host":"0lnx88jdgcrh6gmr","time":1610863698,"event":{"mods":["2.2 Compatiblity","AchievementEnabler","BaseMod","Beaked The Cultist","Better Note","Better Skull","Better Third Choice","Block Reminder","Colored Map","Displayed Cursed Tome","Glutton Mod","Googly Eyes","Hermit","Highlight Path","Minty Spire (QoL Compilation)","Rare Cards Sparkle","Relic Stats","Shade Mod","Spicy Shops","StSLib","The Construct","The Cursed","The Disciple","The Mystic","The Servant 0.9.4","Unceasing Turn Reminder","everything is the same but u backflip on backflip","slay the spire mod where everything is the same but ironclad has a cowboy hat"],"gold_per_floor":[110,130,150,225,14,14,14,14,14,38,38,38,57,72,72,169,169,186,199,199,20,38,38,38],"floor_reached":23,"language":"ENG","playtime":771,"items_purged":[],"score":181,"play_id":"43c42039-586e-4e63-8379-93863fbebc0e","local_time":"20210116230818","is_ascension_mode":false,"campfire_choices":[{"floor":6,"key":"RECALL"},{"data":"Deflect","floor":11,"key":"SMITH"},{"data":"Backstab","floor":15,"key":"SMITH"}],"circlet_count":0,"master_deck":["Strike_G","Strike_G","Strike_G","Strike_G","Defend_G","Defend_G","Defend_G","Defend_G","Defend_G","Survivor+1","Neutralize","Deadly Poison","Backstab","Dagger Throw","Deflect+1","Backstab+1","Sucker Punch","Backflip+1","Footwork","Deadly Poison","Bane","Terror+1"],"relics":["Ring of the Snake","Vajra","Dream Catcher","Toy Ornithopter"],"acts_visited":["Exordium","TheCity"],"potions_floor_usage":[19,23],"damage_taken":[{"damage":0,"enemies":"Cultist","floor":1,"turns":5},{"damage":2,"enemies":"Jaw Worm","floor":2,"turns":4},{"damage":0,"enemies":"Small Slimes","floor":3,"turns":2},{"damage":0,"enemies":"3 Louse","floor":13,"turns":2},{"damage":0,"enemies":"Looter","floor":14,"turns":2},{"damage":51,"enemies":"Hexaghost","floor":16,"turns":13},{"damage":10,"enemies":"2 Thieves","floor":18,"turns":4},{"damage":14,"enemies":"Spheric Guardian","floor":19,"turns":5},{"damage":18,"enemies":"3 Cultists","floor":22,"turns":8},{"damage":46,"enemies":"Gremlin Leader","floor":23,"turns":5}],"seed_played":"3389872813679040836","potions_obtained":[{"floor":2,"key":"Dexterity Potion"},{"floor":13,"key":"AttackPotion"},{"floor":19,"key":"Fruit Juice"}],"is_trial":false,"path_per_floor":["M","M","M","?","$","R","?","?","T","T","R","$","M","M","R","B",null,"M","M","?","$","M","E"],"character_chosen":"THE_SILENT","items_purchased":["Vajra","Deflect","Footwork","Deadly Poison","Bane"],"campfire_rested":0,"item_purchase_floors":[5,5,21,21,21],"current_hp_per_floor":[70,68,68,57,57,57,57,57,57,57,57,57,57,57,57,6,70,60,56,56,56,38,0,0],"gold":38,"neow_bonus":"UPGRADE_CARD","is_daily":false,"chose_seed":false,"campfire_upgraded":2,"win_rate":0.0,"timestamp":1610863698,"path_taken":["M","?","M","?","$","R","?","?","T","?","R","$","M","M","R","BOSS","M","M","?","?","M","E"],"items_purchased_type":["Relic","Card","Card","Card","Card"],"build_version":"2020-12-22","purchased_purges":0,"victory":false,"max_hp_per_floor":[70,70,70,70,70,70,70,70,70,70,70,70,70,70,70,70,70,70,75,75,75,75,75,75],"relic_stats":{"Dream Catcher":0,"counters":[10,50],"obtain_stats":[{"Dream Catcher":9,"Vajra":5,"Toy Ornithopter":10,"Ring of the Snake":0},{"Dream Catcher":3,"Vajra":3,"Toy Ornithopter":3,"Ring of the Snake":0},{"Dream Catcher":11,"Vajra":11,"Toy Ornithopter":11,"Ring of the Snake":0}],"Toy Ornithopter":10,"Ring of the Snake":[20]},"card_choices":[{"not_picked":["Endless Agony","Dodge and Roll"],"picked":"Deadly Poison","floor":1},{"not_picked":["Well Laid Plans","Dagger Spray"],"picked":"Backstab","floor":2},{"not_picked":["Quick Slash","Cloak And Dagger"],"picked":"Dagger Throw","floor":3},{"not_picked":["Quick Slash","Dagger Spray"],"picked":"Backstab","floor":13},{"not_picked":["Predator","Expertise"],"picked":"Sucker Punch","floor":14},{"not_picked":["All Out Attack","Riddle With Holes","Flying Knee"],"picked":"SKIP","floor":18},{"not_picked":["Underhanded Strike","Bane"],"picked":"Backflip+1","floor":19},{"not_picked":["Acrobatics+1","Cloak And Dagger"],"picked":"Terror+1","floor":22}],"player_experience":246282,"relics_obtained":[{"floor":9,"key":"Dream Catcher"},{"floor":10,"key":"Toy Ornithopter"}],"event_choices":[{"damage_healed":0,"gold_gain":75,"player_choice":"Gold","damage_taken":11,"max_hp_gain":0,"max_hp_loss":0,"event_name":"betterThird:BetterGoop","floor":4,"gold_loss":0},{"damage_healed":0,"gold_gain":0,"player_choice":"Ignored","damage_taken":0,"max_hp_gain":0,"max_hp_loss":0,"event_name":"Golden Idol","floor":7,"gold_loss":0},{"damage_healed":0,"gold_gain":0,"player_choice":"Ignored","damage_taken":14,"max_hp_gain":0,"max_hp_loss":0,"event_name":"betterThird:BetterSerpent","floor":8,"gold_loss":0},{"cards_removed":["Strike_G"],"damage_healed":0,"gold_gain":0,"player_choice":"Purged","damage_taken":0,"max_hp_gain":0,"max_hp_loss":0,"event_name":"Purifier","floor":20,"gold_loss":0}],"is_beta":false,"boss_relics":[{"not_picked":["Snecko Eye","Busted Crown","Astrolabe"]}],"items_purged_floors":[],"is_endless":false,"potions_floor_spawned":[2,13,19],"killed_by":"Gremlin Leader","ascension_level":0}}