{"host":"cdcsem0stf6rethc","time":1610887346,"event":{"mods":["AchievementEnabler","BaseMod","Colored Map","Highlight Path","Minty Spire (QoL Compilation)","StSLib","The Animator"],"gold_per_floor":[228,241,23,40,40,40,84,84,107,107,132,132,149,77,77,181,181,199,215,225,241,251,251,251,251],"floor_reached":24,"language":"ENG","playtime":1410,"items_purged":["animator:Strike"],"score":198,"play_id":"bc07c7d5-6922-4807-9b71-7d770ea06ad4","local_time":"20210117204226","is_ascension_mode":false,"campfire_choices":[{"data":"animator:LuciaKonohana","floor":6,"key":"SMITH"},{"data":"animator:Sonic","floor":8,"key":"SMITH"},{"data":"animator:GazelDwargon","floor":10,"key":"SMITH"},{"data":"animator:MetalKnight","floor":15,"key":"SMITH"},{"data":"animator:Melzalgald","floor":23,"key":"SMITH"}],"circlet_count":0,"master_deck":["animator:Strike_OnePunchMan","animator:Defend_OnePunchMan+1","animator:Strike","animator:Strike","animator:Defend+1","animator:Defend","animator:Defend","animator:Genos","animator:MumenRider","animator:GazelDwargon+1","animator:LuciaKonohana+1","animator:Sonic+1","animator:MetalKnight+1","animator:Isuzu","animator:Melzalgald+1"],"relics":["animator:LivingPicture","animator:TheMissingPiece","Toolbox","Boot","War Paint","Dream Catcher","Mark of Pain"],"acts_visited":["Exordium","TheCity"],"potions_floor_usage":[16],"damage_taken":[{"damage":1,"enemies":"Cultist","floor":1,"turns":3},{"damage":1,"enemies":"Small Slimes","floor":2,"turns":5},{"damage":12,"enemies":"Jaw Worm","floor":4,"turns":4},{"damage":41,"enemies":"3 Sentries","floor":7,"turns":9},{"damage":14,"enemies":"Exordium Wildlife","floor":13,"turns":4},{"damage":5,"enemies":"Hexaghost","floor":16,"turns":8},{"damage":12,"enemies":"3 Byrds","floor":18,"turns":4},{"damage":2,"enemies":"Chosen","floor":19,"turns":5},{"damage":23,"enemies":"Centurion and Healer","floor":20,"turns":7},{"damage":7,"enemies":"Chosen and Byrds","floor":21,"turns":5},{"damage":10,"enemies":"Cultist and Chosen","floor":22,"turns":5},{"damage":19,"enemies":"3 Cultists","floor":24,"turns":5}],"seed_played":"9109809319559214408","potions_obtained":[{"floor":1,"key":"Strength Potion"},{"floor":4,"key":"SteroidPotion"},{"floor":7,"key":"DistilledChaos"},{"floor":19,"key":"FearPotion"}],"is_trial":false,"path_per_floor":["M","M","$","M","$","R","E","R","T","R","T","?","M","$","R","B",null,"M","M","M","M","M","R","M"],"character_chosen":"THE_ANIMATOR","items_purchased":["Toolbox","animator:MetalKnight"],"campfire_rested":0,"item_purchase_floors":[3,14],"current_hp_per_floor":[65,64,64,52,52,52,11,11,11,11,11,33,19,19,19,14,66,54,52,30,23,13,13,0,0],"gold":251,"neow_bonus":"HUNDRED_GOLD","is_daily":false,"chose_seed":true,"campfire_upgraded":5,"win_rate":0.0,"timestamp":1610887346,"path_taken":["M","M","$","?","?","R","E","R","T","R","?","?","?","$","R","BOSS","M","M","M","M","M","R","M"],"items_purchased_type":["Relic","Card"],"build_version":"2020-12-22","purchased_purges":1,"victory":false,"max_hp_per_floor":[66,66,66,66,66,66,66,66,66,66,66,66,66,66,66,66,66,66,66,67,67,67,67,67,67],"card_choices":[{"not_picked":["animator:Nyanta","animator:YuzuruOtonashi"],"picked":"animator:GazelDwargon","floor":1},{"not_picked":["animator:DolaRiku","animator:MasamiIwasawa"],"picked":"animator:LuciaKonohana","floor":2},{"not_picked":["animator:SakuyaOhtori","animator:GuildGirl","animator:DolaCouronne"],"picked":"SKIP","floor":4},{"not_picked":["animator:Genos","animator:Melzalgald"],"picked":"animator:Sonic","floor":7},{"not_picked":["animator:Jibril","animator:Genos","animator:Serara"],"picked":"SKIP","floor":13},{"not_picked":["animator:Noda+1","animator:ShizuruNakatsu"],"picked":"animator:Isuzu","floor":18},{"not_picked":["animator:Nyanta+1","animator:Rayneshia","animator:CowGirl+1"],"picked":"SKIP","floor":19},{"not_picked":["animator:MumenRider","animator:Tatsumaki"],"picked":"animator:Melzalgald","floor":20},{"not_picked":["animator:CowGirl+1","animator:Akatsuki","animator:Minori+1"],"picked":"SKIP","floor":21},{"not_picked":["animator:Tohya+1","animator:Midou+1","animator:FielNirvalen"],"picked":"SKIP","floor":22}],"player_experience":207053,"relics_obtained":[{"floor":7,"key":"Boot"},{"floor":9,"key":"War Paint"},{"floor":11,"key":"Dream Catcher"}],"event_choices":[{"damage_healed":22,"gold_gain":0,"player_choice":"Banana","damage_taken":0,"max_hp_gain":0,"max_hp_loss":0,"event_name":"Big Fish","floor":12,"gold_loss":0}],"is_beta":false,"boss_relics":[{"not_picked":["Busted Crown","Sozu"],"picked":"Mark of Pain"}],"items_purged_floors":[3],"is_endless":false,"potions_floor_spawned":[1,4,7,19,20],"killed_by":"3 Cultists","ascension_level":0}}