{"host":"fubl5olmpa6illow","time":1610902636,"event":{"mods":["BaseMod","Colored Map","Colored Powertips","Highlight Path","Minty Spire (QoL Compilation)","Quick Restart","Random Character Button","Relic Sorter","Relic Stats"],"gold_per_floor":[109,128,128,148,39,65,65,99,152,74,149,433,433,454,454,454,454],"floor_reached":16,"language":"ENG","playtime":1222,"items_purged":[],"score":113,"play_id":"344a34d7-ace2-4923-9c20-349d5a0f9936","local_time":"20210117175716","is_ascension_mode":true,"campfire_choices":[{"floor":7,"key":"REST"},{"floor":13,"key":"REST"},{"data":"Genetic Algorithm","floor":15,"key":"SMITH"}],"circlet_count":0,"master_deck":["Strike_B","Strike_B","Strike_B","Strike_B","Defend_B","Defend_B","Defend_B","Defend_B","Zap","Dualcast","Beam Cell","Cold Snap","Seek","Genetic Algorithm+1","Loop","Sweeping Beam","Go for the Eyes","Leap","Defragment","Regret","Coolheaded"],"relics":["Cracked Core","Mango","GremlinMask","Letter Opener","Anchor","CeramicFish"],"acts_visited":["Exordium"],"potions_floor_usage":[6,16],"damage_taken":[{"damage":14,"enemies":"Small Slimes","floor":1,"turns":4},{"damage":1,"enemies":"Cultist","floor":2,"turns":3},{"damage":6,"enemies":"Jaw Worm","floor":4,"turns":2},{"damage":33,"enemies":"Gremlin Nob","floor":6,"turns":5},{"damage":36,"enemies":"3 Sentries","floor":8,"turns":5},{"damage":0,"enemies":"3 Louse","floor":14,"turns":3},{"damage":34,"enemies":"Slime Boss","floor":16,"turns":10}],"seed_played":"-3542514667741727229","potions_obtained":[{"floor":1,"key":"Energy Potion"},{"floor":2,"key":"SkillPotion"},{"floor":6,"key":"BlessingOfTheForge"},{"floor":8,"key":"Energy Potion"}],"is_trial":false,"path_per_floor":["M","M","?","M","$","E","R","E","T","$","?","?","R","M","R","B"],"character_chosen":"DEFECT","items_purchased":["Genetic Algorithm","Loop","Leap","Defragment"],"campfire_rested":2,"item_purchase_floors":[5,5,10,10],"current_hp_per_floor":[68,67,67,61,61,28,52,16,16,16,5,5,29,29,29,0,0],"gold":454,"neow_bonus":"ONE_RARE_RELIC","is_daily":false,"chose_seed":false,"campfire_upgraded":1,"win_rate":0.0,"timestamp":1610902636,"path_taken":["M","M","?","?","?","E","R","E","T","$","?","?","R","M","R","BOSS"],"items_purchased_type":["Card","Card","Card","Card"],"build_version":"2020-12-22","purchased_purges":0,"victory":false,"max_hp_per_floor":[82,82,82,82,82,82,82,82,82,82,82,82,82,82,82,82,82],"relic_stats":{"counters":[7,32],"CeramicFish":36,"Letter Opener":[25],"obtain_stats":[{"Anchor":8,"CeramicFish":9,"Mango":0,"GremlinMask":3,"Letter Opener":6,"Cracked Core":0},{"Anchor":5,"CeramicFish":5,"Mango":0,"GremlinMask":2,"Letter Opener":4,"Cracked Core":0},{"Anchor":19,"CeramicFish":19,"Mango":0,"GremlinMask":7,"Letter Opener":14,"Cracked Core":0}]},"card_choices":[{"not_picked":["Storm","Streamline"],"picked":"Beam Cell","floor":1},{"not_picked":["Barrage","Streamline"],"picked":"Cold Snap","floor":2},{"not_picked":["Reinforced Body","Chaos"],"picked":"Seek","floor":4},{"not_picked":["Double Energy","Leap"],"picked":"Sweeping Beam","floor":6},{"not_picked":["Rebound","Sweeping Beam"],"picked":"Go for the Eyes","floor":8},{"not_picked":["Undo","Turbo"],"picked":"Coolheaded","floor":14}],"player_experience":262111,"relics_obtained":[{"floor":6,"key":"Letter Opener"},{"floor":8,"key":"Anchor"},{"floor":9,"key":"CeramicFish"}],"event_choices":[{"damage_healed":0,"gold_gain":0,"player_choice":"Trade","damage_taken":0,"relics_obtained":["GremlinMask"],"max_hp_gain":0,"max_hp_loss":0,"event_name":"FaceTrader","floor":3,"gold_loss":0},{"damage_healed":0,"gold_gain":75,"player_choice":"Gather Gold","damage_taken":11,"max_hp_gain":0,"max_hp_loss":0,"event_name":"World of Goop","floor":11,"gold_loss":0},{"damage_healed":0,"gold_gain":275,"player_choice":"Desecrate","damage_taken":0,"max_hp_gain":0,"max_hp_loss":0,"event_name":"Golden Shrine","floor":12,"gold_loss":0,"cards_obtained":["Regret"]}],"is_beta":false,"boss_relics":[],"items_purged_floors":[],"is_endless":false,"potions_floor_spawned":[1,2,6,8],"killed_by":"Slime Boss","ascension_level":1}}