{"host":"uyrebrj0204enqpc","time":1610921931,"event":{"mods":["Act Like it!","Bard","BaseMod","Block Reminder","Challenge The Spire","Colored Map","Colored Powertips","DeckTracker","Downfall","GifTheSpireLib","HexUI Lib","Highlight Path","Hubris","Infinite Spire","Minty Spire (QoL Compilation)","Pale of the Ancients","Quick Restart","Random Character Button","Relic Sorter","Relic Stats","Shop Mod","StSLib","The Blue Laboratory","The Bug Knight","The Cursed","The Jungle","The Marked","Wandering Minibosses"],"gold_per_floor":[99,112,112,127,137,137,160,190,190,217,228,228,228,254,269,269,269],"floor_reached":16,"language":"ENG","playtime":569,"items_purged":[],"score":110,"play_id":"f01bec7c-ea9d-4a89-8a39-8cbffd3591b0","local_time":"20210117171851","is_ascension_mode":false,"campfire_choices":[{"data":"bronze:Replicate","floor":1.0,"key":"SMITH"},{"data":"bronze:Constructor","floor":6.0,"key":"SMITH"},{"data":"bronze:Invalidate","floor":9.0,"key":"SMITH"},{"data":"bronze:Constructor","floor":13,"key":"SMITH"}],"circlet_count":0,"master_deck":["bronze:Strike","bronze:Strike","bronze:Strike","bronze:Strike","bronze:Defend","bronze:Defend","bronze:Defend","bronze:Defend","bronze:Replicate+1","bronze:Goto","bronze:Iterate","bronze:Iterate","bronze:Constructor+1","bronze:Invalidate+1","bronze:MaxOutput","bronze:Constructor+1","bronze:Break"],"relics":["bronze:BronzeCore","hubris:OldNail","Odd Mushroom","Ancient Tea Set","hubris:DisguiseKit","hubris:SlimyHat"],"acts_visited":["Exordium"],"potions_floor_usage":[14],"damage_taken":[{"damage":12.0,"enemies":"Small Slimes","floor":2.0,"turns":4.0},{"damage":1.0,"enemies":"Cultist","floor":4.0,"turns":3.0},{"damage":8.0,"enemies":"Jaw Worm","floor":5.0,"turns":4.0},{"damage":3.0,"enemies":"The Mushroom Lair","floor":8.0,"turns":5.0},{"damage":8.0,"enemies":"Lagavulin","floor":10.0,"turns":5.0},{"damage":4.0,"enemies":"Blue Slaver","floor":11.0,"turns":3.0},{"damage":14,"enemies":"3 Sentries","floor":14,"turns":9},{"damage":0,"enemies":"Red Slaver","floor":15,"turns":2},{"damage":28,"enemies":"IC_STATUS_ARCHETYPE","floor":16,"turns":4}],"seed_played":"-1121020229569265433","potions_obtained":[{"floor":4.0,"key":"FearPotion"},{"floor":8.0,"key":"blueLaboratory:Moonshine"},{"floor":11.0,"key":"Swift Potion"},{"floor":14,"key":"blueLaboratory:LouseDecoction"}],"is_trial":false,"path_per_floor":["R","M","?","M","M","R","T","?","R","E","M","?","R","E","M","B"],"character_chosen":"THE_AUTOMATON","items_purchased":[],"campfire_rested":0,"item_purchase_floors":[],"current_hp_per_floor":[77,65,65,64,56,56,56,53,53,45,41,38,38,24,24,0,0],"gold":269,"neow_bonus":"TEN_PERCENT_HP_BONUS","is_daily":false,"chose_seed":false,"campfire_upgraded":4,"win_rate":0.0,"timestamp":1610921931,"path_taken":["R","M","?","?","M","R","T","?","R","E","M","?","R","E","M","BOSS"],"items_purchased_type":[],"build_version":"2020-12-22","purchased_purges":0,"victory":false,"max_hp_per_floor":[77,77,77,77,77,77,77,77,77,77,77,77,77,77,77,77,77],"relic_stats":{"counters":[9,39],"obtain_stats":[{"hubris:DisguiseKit":12,"bronze:BronzeCore":0,"hubris:SlimyHat":14,"Odd Mushroom":8,"Ancient Tea Set":10,"hubris:OldNail":7},{"hubris:DisguiseKit":6,"bronze:BronzeCore":0,"hubris:SlimyHat":7,"Odd Mushroom":4,"Ancient Tea Set":5,"hubris:OldNail":3},{"hubris:DisguiseKit":24,"bronze:BronzeCore":0,"hubris:SlimyHat":33,"Odd Mushroom":16,"Ancient Tea Set":21,"hubris:OldNail":11}]},"card_choices":[{"not_picked":["bronze:Refactor","bronze:BugBarrage"],"picked":"bronze:Iterate","floor":2.0},{"not_picked":["bronze:BitShift","bronze:DelayedSlice"],"picked":"bronze:Constructor","floor":4.0},{"not_picked":["bronze:Turbo","bronze:BugBarrage","bronze:WhirlingStrike"],"picked":"SKIP","floor":5.0},{"not_picked":["bronze:WildBeam","bronze:Backtrace"],"picked":"bronze:Invalidate","floor":8.0},{"not_picked":["bronze:Branch","bronze:Overheat"],"picked":"bronze:MaxOutput","floor":10.0},{"not_picked":["bronze:OilSpill","bronze:Boost"],"picked":"bronze:Constructor","floor":11.0},{"not_picked":["bronze:Frontload","bronze:Repair","TheCursedMod:SpreadPlague"],"picked":"bronze:Break","floor":14},{"not_picked":["bronze:Frontload","bronze:GetLatest","bronze:WildBeam","TheCursedMod:PrepareRite"],"picked":"SKIP","floor":15}],"player_experience":1062285,"relics_obtained":[{"floor":7.0,"key":"hubris:OldNail"},{"floor":8.0,"key":"Odd Mushroom"},{"floor":10.0,"key":"Ancient Tea Set"},{"floor":14,"key":"hubris:SlimyHat"}],"event_choices":[{"damage_healed":0.0,"max_hp_gain":0.0,"max_hp_loss":0.0,"gold_gain":0.0,"event_name":"Mushrooms","player_choice":"Fought Mushrooms","floor":8.0,"gold_loss":0.0,"damage_taken":0.0},{"damage_healed":0,"gold_gain":0,"player_choice":"Success","damage_taken":3,"relics_obtained":["hubris:DisguiseKit"],"max_hp_gain":0,"max_hp_loss":0,"event_name":"Scrap Ooze","floor":12,"gold_loss":0}],"is_beta":false,"boss_relics":[],"items_purged_floors":[],"is_endless":false,"potions_floor_spawned":[4,8,11,14],"killed_by":"IC_STATUS_ARCHETYPE","ascension_level":0}}