{"host":"9b7hrp48q3pna783","time":1610918275,"event":{"mods":["BaseMod","Colored Map","Colored Powertips","Highlight Path","Minty Spire (QoL Compilation)","Relic Stats"],"gold_per_floor":[119,40,40,40,58,91,111,131,431,431,450,450,462,475,475,578,578,590,689,689,704,704,732,732,751,833,851,851,886,886,0,0,103,103,114,164,214,58,58,58,83,33,33,33,64,74,74,74],"floor_reached":47,"language":"ENG","playtime":3080,"items_purged":["Defend_G+1"],"score":598,"play_id":"e426704d-71e4-46d8-b3c1-9fe5de658e06","local_time":"20210117161755","is_ascension_mode":true,"campfire_choices":[{"data":"Neutralize","floor":10,"key":"SMITH"},{"data":"Noxious Fumes","floor":12,"key":"SMITH"},{"data":"Survivor","floor":15,"key":"SMITH"},{"floor":24,"key":"REST"},{"data":"Envenom","floor":28,"key":"SMITH"},{"floor":32,"key":"REST"},{"floor":40,"key":"REST"}],"circlet_count":0,"master_deck":["Strike_G+1","Strike_G+1","Strike_G+1","Strike_G+1","Defend_G+1","Defend_G+1","Defend_G+1","Defend_G+1","Survivor+1","Neutralize+1","Slice","All Out Attack+1","Blade Dance","Noxious Fumes+1","Leg Sweep","Die Die Die","Crippling Poison","Backflip+1","Envenom+1","Prepared+1","Tactician","Bouncing Flask+1","Accuracy","Mayhem+1","After Image+1","Cloak And Dagger+1","Reflex","Madness","Madness","Choke+1","Acrobatics+1"],"relics":["Ring of the Snake","Question Card","Old Coin","Philosopher\u0027s Stone","Torii","Kunai","CaptainsWheel","Frozen Egg 2","Black Star","Incense Burner","Tough Bandages","Strange Spoon","Sundial","Smiling Mask","White Beast Statue","Meat on the Bone","Omamori"],"acts_visited":["Exordium","TheCity","TheBeyond"],"potions_floor_usage":[16,16,16,16,16,16,27,29,33,33,33,33,33,33,41,46,47],"damage_taken":[{"damage":0.0,"enemies":"2 Louse","floor":1.0,"turns":4.0},{"damage":0.0,"enemies":"Small Slimes","floor":5.0,"turns":2.0},{"damage":20.0,"enemies":"Lagavulin","floor":6.0,"turns":6.0},{"damage":8.0,"enemies":"Jaw Worm","floor":7.0,"turns":2.0},{"damage":0,"enemies":"3 Louse","floor":8,"turns":1},{"damage":6,"enemies":"2 Fungi Beasts","floor":11,"turns":2},{"damage":2,"enemies":"Looter","floor":13,"turns":3},{"damage":0,"enemies":"Blue Slaver","floor":14,"turns":3},{"damage":7,"enemies":"The Guardian","floor":16,"turns":11},{"damage":16,"enemies":"2 Thieves","floor":18,"turns":4},{"damage":2,"enemies":"Spheric Guardian","floor":21,"turns":4},{"damage":58,"enemies":"Book of Stabbing","floor":23,"turns":9},{"damage":6,"enemies":"Shelled Parasite and Fungi","floor":25,"turns":7},{"damage":0,"enemies":"Snecko","floor":27,"turns":4},{"damage":15,"enemies":"Gremlin Leader","floor":29,"turns":7},{"damage":1,"enemies":"Champ","floor":33,"turns":9},{"damage":1,"enemies":"Orb Walker","floor":35,"turns":5},{"damage":0,"enemies":"Mind Bloom Boss Battle","floor":36,"turns":8},{"damage":46,"enemies":"2 Orb Walkers","floor":37,"turns":6},{"damage":27,"enemies":"Reptomancer","floor":41,"turns":6},{"damage":0,"enemies":"Giant Head","floor":45,"turns":9},{"damage":1,"enemies":"3 Darklings","floor":46,"turns":5},{"damage":21,"enemies":"Writhing Mass","floor":47,"turns":5}],"seed_played":"3401172085135507722","potions_obtained":[{"floor":5.0,"key":"DistilledChaos"},{"floor":6.0,"key":"LiquidBronze"},{"floor":7,"key":"AttackPotion"},{"floor":14,"key":"EntropicBrew"},{"floor":23,"key":"FearPotion"},{"floor":25,"key":"Swift Potion"},{"floor":29,"key":"EntropicBrew"},{"floor":36,"key":"Ancient Potion"},{"floor":45,"key":"Poison Potion"},{"floor":46,"key":"Poison Potion"}],"is_trial":false,"path_per_floor":["M","$","?","?","M","E","M","M","T","R","M","R","M","M","R","B",null,"M","?","?","M","?","E","R","M","T","M","R","E","?","$","R","B",null,"M","?","?","$","?","R","E","$","T","$","E","M","M"],"character_chosen":"THE_SILENT","items_purchased":["All Out Attack","Accuracy","CaptainsWheel","Strength Potion","AttackPotion","Frozen Egg 2","Mayhem+1","Strange Spoon"],"campfire_rested":3,"item_purchase_floors":[2,31,31,31,31,31,31,38],"current_hp_per_floor":[70,70,70,56,56,36,28,28,28,28,22,22,20,20,20,13,70,54,54,70,68,68,10,31,25,25,25,25,10,1,1,22,21,70,69,69,23,23,14,35,8,8,8,8,8,19,0,0],"gold":74,"neow_bonus":"REMOVE_CARD","is_daily":false,"chose_seed":false,"campfire_upgraded":4,"win_rate":0.0,"timestamp":1610918275,"path_taken":["M","$","?","?","M","E","M","M","T","R","M","R","M","M","R","BOSS","M","?","?","M","?","E","R","M","T","M","R","E","?","$","R","BOSS","M","?","?","$","?","R","E","?","T","$","E","M","M"],"items_purchased_type":["Card","Card","Relic","Potion","Potion","Relic","Card","Relic"],"build_version":"2020-12-22","purchased_purges":1,"victory":false,"max_hp_per_floor":[70,70,70,70,70,70,70,70,70,70,70,70,70,70,70,70,70,70,70,70,70,70,70,70,70,70,70,70,70,70,70,70,70,70,70,70,70,70,70,70,70,70,70,70,70,70,70,70],"relic_stats":{"Strange Spoon":[18],"Tough Bandages":[57],"Torii":16,"counters":[23,122],"Sundial":[2],"Black Star":2,"Kunai":[32],"Question Card":20,"Smiling Mask":25,"obtain_stats":[{"Torii":23,"Incense Burner":36,"Omamori":45,"Frozen Egg 2":31,"Question Card":6,"Smiling Mask":41,"White Beast Statue":43,"Old Coin":9,"Strange Spoon":38,"CaptainsWheel":31,"Tough Bandages":37,"Sundial":41,"Philosopher\u0027s Stone":17,"Black Star":34,"Kunai":29,"Ring of the Snake":0,"Meat on the Bone":45},{"Torii":12,"Incense Burner":18,"Omamori":21,"Frozen Egg 2":15,"Question Card":3,"Smiling Mask":20,"White Beast Statue":20,"Old Coin":5,"Strange Spoon":19,"CaptainsWheel":15,"Tough Bandages":19,"Sundial":20,"Philosopher\u0027s Stone":9,"Black Star":16,"Kunai":15,"Ring of the Snake":0,"Meat on the Bone":21},{"Torii":51,"Incense Burner":91,"Omamori":112,"Frozen Egg 2":69,"Question Card":12,"Smiling Mask":103,"White Beast Statue":103,"Old Coin":15,"Strange Spoon":97,"CaptainsWheel":69,"Tough Bandages":97,"Sundial":103,"Philosopher\u0027s Stone":34,"Black Star":78,"Kunai":69,"Ring of the Snake":0,"Meat on the Bone":112}],"Ring of the Snake":[46],"Meat on the Bone":12},"card_choices":[{"not_picked":["Outmaneuver","Calculated Gamble"],"picked":"Slice","floor":1.0},{"not_picked":["Deflect","Caltrops","Dodge and Roll"],"picked":"SKIP","floor":5.0},{"not_picked":["Backflip","Phantasmal Killer"],"picked":"Blade Dance","floor":6.0},{"not_picked":["Backflip","Deadly Poison","Quick Slash","Infinite Blades"],"picked":"SKIP","floor":7},{"not_picked":["Poisoned Stab","Bane","Unload","Dagger Throw"],"picked":"SKIP","floor":8},{"not_picked":["Distraction","All Out Attack","Bane"],"picked":"Noxious Fumes","floor":11},{"not_picked":["Prepared","Bane","Flying Knee","Masterful Stab"],"picked":"SKIP","floor":13},{"not_picked":["Eviscerate","Skewer","Flying Knee"],"picked":"Leg Sweep","floor":14},{"not_picked":["Unload","Venomology","Burst"],"picked":"Die Die Die","floor":16},{"not_picked":["Underhanded Strike","Dodge and Roll+1","Cloak And Dagger"],"picked":"Crippling Poison","floor":18},{"not_picked":["Dagger Spray","Cloak And Dagger","Dodge and Roll"],"picked":"Backflip+1","floor":21},{"not_picked":["Leg Sweep","Heel Hook+1","Well Laid Plans"],"picked":"Envenom","floor":23},{"not_picked":["Deflect","Choke","Backstab"],"picked":"Prepared+1","floor":25},{"not_picked":["Endless Agony","Backflip","Acrobatics"],"picked":"Tactician","floor":27},{"not_picked":["Backstab","Distraction","Crippling Poison"],"picked":"Bouncing Flask+1","floor":29},{"not_picked":["Phantasmal Killer","Wraith Form v2+1","Night Terror"],"picked":"After Image+1","floor":33},{"not_picked":["Bouncing Flask","Leg Sweep","Poisoned Stab","Quick Slash+1"],"picked":"SKIP","floor":35},{"not_picked":["PiercingWail+1","Slice+1","Outmaneuver"],"picked":"Cloak And Dagger+1","floor":36},{"not_picked":["Dagger Spray+1","Slice","Deflect"],"picked":"Reflex","floor":37},{"not_picked":["Reflex","Skewer","Bane+1","Deadly Poison"],"picked":"SKIP","floor":41},{"not_picked":["Calculated Gamble","Deflect+1","Flying Knee+1"],"picked":"Choke+1","floor":45},{"not_picked":["Cloak And Dagger","Poisoned Stab+1","Sucker Punch"],"picked":"Acrobatics+1","floor":46}],"player_experience":86646,"relics_obtained":[{"floor":6.0,"key":"Question Card"},{"floor":9,"key":"Old Coin"},{"floor":23,"key":"Torii"},{"floor":29,"key":"Kunai"},{"floor":36,"key":"Incense Burner"},{"floor":37,"key":"Tough Bandages"},{"floor":41,"key":"Sundial"},{"floor":41,"key":"Smiling Mask"},{"floor":43,"key":"White Beast Statue"},{"floor":45,"key":"Meat on the Bone"},{"floor":45,"key":"Omamori"}],"event_choices":[{"damage_healed":0.0,"max_hp_gain":0.0,"max_hp_loss":0.0,"gold_gain":0.0,"event_name":"The Cleric","player_choice":"Leave","floor":3.0,"gold_loss":0.0,"damage_taken":0.0},{"damage_healed":0.0,"max_hp_gain":0.0,"max_hp_loss":0.0,"gold_gain":0.0,"event_name":"Shining Light","player_choice":"Entered Light","floor":4.0,"gold_loss":0.0,"damage_taken":14.0,"cards_upgraded":["Strike_G","All Out Attack"]},{"damage_healed":0,"gold_gain":99,"player_choice":"Stole From Cult","damage_taken":0,"max_hp_gain":0,"max_hp_loss":0,"event_name":"Nest","floor":19,"gold_loss":0},{"damage_healed":23,"gold_gain":0,"player_choice":"Heal","damage_taken":0,"max_hp_gain":0,"max_hp_loss":0,"event_name":"The Library","floor":20,"gold_loss":0},{"damage_healed":0,"gold_gain":0,"player_choice":"Simplicity","damage_taken":0,"max_hp_gain":0,"max_hp_loss":0,"event_name":"Back to Basics","floor":22,"gold_loss":0,"cards_upgraded":["Strike_G","Strike_G","Strike_G","Defend_G","Defend_G","Defend_G","Defend_G","Defend_G"]},{"damage_healed":0,"gold_gain":0,"player_choice":"Stopped","damage_taken":9,"max_hp_gain":0,"max_hp_loss":0,"event_name":"Cursed Tome","floor":30,"gold_loss":0},{"damage_healed":0,"gold_gain":0,"player_choice":"Fight","damage_taken":0,"max_hp_gain":0,"max_hp_loss":0,"event_name":"MindBloom","floor":36,"gold_loss":0},{"damage_healed":0,"gold_gain":0,"player_choice":"Fight","damage_taken":0,"max_hp_gain":0,"max_hp_loss":0,"event_name":"Mysterious Sphere","floor":37,"gold_loss":0},{"damage_healed":0,"gold_gain":0,"player_choice":"Embrace Madness","damage_taken":9,"max_hp_gain":0,"max_hp_loss":0,"event_name":"Winding Halls","floor":39,"gold_loss":0,"cards_obtained":["Madness","Madness"]}],"is_beta":false,"boss_relics":[{"not_picked":["Busted Crown","Runic Pyramid"],"picked":"Philosopher\u0027s Stone"},{"not_picked":["SacredBark","Astrolabe"],"picked":"Black Star"}],"items_purged_floors":[42],"is_endless":false,"potions_floor_spawned":[5,6,7,14,23,25,29,36,45,46],"killed_by":"Writhing Mass","ascension_level":1}}