{"host":"ibckqdmmf9y74ymf","time":1610891390,"event":{"mods":["2.2 Compatiblity","BaseMod","Colored Map","Curses Come First","Highlight Path","Minty Spire (QoL Compilation)","Quick Restart","Rare Cards Sparkle","Relic Stats","StSLib"],"gold_per_floor":[115,132,132,54,73,73,93,93,119,119,119,144,155,183,183,261,261,278,278,129,154,169,204,204,204,231,231,256,256,256],"floor_reached":29,"language":"ENG","playtime":715,"items_purged":["Strike_P+1"],"score":588,"play_id":"0c55bfaa-dc1a-4d93-89df-52dcee3d5f5f","local_time":"20210117144950","is_ascension_mode":true,"campfire_choices":[{"data":"CrushJoints","floor":6.0,"key":"SMITH"},{"floor":8.0,"key":"REST"},{"data":"Brilliance","floor":11.0,"key":"SMITH"},{"data":"CutThroughFate","floor":15.0,"key":"SMITH"},{"data":"Wish","floor":24,"key":"SMITH"}],"circlet_count":0,"master_deck":["AscendersBane","Strike_P+1","Strike_P+1","Strike_P+1","Defend_P+1","Defend_P+1","Defend_P+1","Eruption","Vigilance","FollowUp","FearNoEvil","Brilliance+1","CrushJoints+1","Tantrum","Adaptation","CutThroughFate+1","ClearTheMind","Wish+1","Wireheading+1","Wallop","EmptyBody","BowlingBash","Fasting2"],"relics":["Velvet Choker","Tiny Chest","Pen Nib","Boot","Unceasing Top","VioletLotus","Lantern","Question Card","Ornamental Fan","Toy Ornithopter","Mercury Hourglass"],"acts_visited":["Exordium","TheCity"],"potions_floor_usage":[28,29],"damage_taken":[{"damage":6.0,"enemies":"2 Louse","floor":1.0,"turns":4.0},{"damage":2.0,"enemies":"Jaw Worm","floor":2.0,"turns":2.0},{"damage":7.0,"enemies":"Small Slimes","floor":5.0,"turns":3.0},{"damage":12.0,"enemies":"Blue Slaver","floor":7.0,"turns":3.0},{"damage":9.0,"enemies":"3 Sentries","floor":12.0,"turns":7.0},{"damage":6.0,"enemies":"3 Louse","floor":13.0,"turns":2.0},{"damage":0.0,"enemies":"Lagavulin","floor":14.0,"turns":2.0},{"damage":21.0,"enemies":"Hexaghost","floor":16.0,"turns":5.0},{"damage":0.0,"enemies":"Chosen","floor":18.0,"turns":2.0},{"damage":0,"enemies":"Spheric Guardian","floor":22,"turns":2},{"damage":18,"enemies":"Book of Stabbing","floor":23,"turns":4},{"damage":14,"enemies":"Slavers","floor":28,"turns":4},{"damage":16,"enemies":"Snake Plant","floor":29,"turns":1}],"seed_played":"103386723633062620","potions_obtained":[{"floor":2.0,"key":"Weak Potion"},{"floor":5.0,"key":"Weak Potion"},{"floor":14.0,"key":"BottledMiracle"},{"floor":18.0,"key":"SteroidPotion"},{"floor":28,"key":"BottledMiracle"}],"is_trial":false,"path_per_floor":["M","M","?","$","M","R","M","R","T","?","R","E","M","E","R","B",null,"M","?","$","T","M","E","R","T","T","?","E","M"],"character_chosen":"WATCHER","items_purchased":["Brilliance","Wallop"],"campfire_rested":1,"item_purchase_floors":[4,20],"current_hp_per_floor":[55,53,48,48,41,41,29,49,49,42,42,33,27,27,27,6,53,53,53,53,53,53,35,35,35,35,16,7,0,0],"gold":256,"neow_bonus":"BOSS_RELIC","is_daily":false,"chose_seed":false,"campfire_upgraded":4,"win_rate":0.0,"timestamp":1610891390,"path_taken":["M","M","?","?","M","R","M","R","T","?","R","E","M","E","R","BOSS","M","?","$","?","M","E","R","?","T","?","E","M"],"items_purchased_type":["Card","Card"],"build_version":"2020-12-22","purchased_purges":1,"victory":false,"max_hp_per_floor":[68,68,68,68,68,68,68,68,68,68,68,68,68,68,68,68,68,68,68,68,68,68,68,68,68,68,73,73,73,73],"relic_stats":{"counters":[13,41],"Ornamental Fan":[8],"Tiny Chest":1,"Pen Nib":[7],"VioletLotus":[2],"Boot":[25],"Question Card":1,"obtain_stats":[{"Lantern":21,"Ornamental Fan":25,"Velvet Choker":0,"Tiny Chest":3,"Pen Nib":9,"VioletLotus":17,"PureWater":0,"Boot":12,"Question Card":23,"Unceasing Top":14,"Toy Ornithopter":26,"Mercury Hourglass":28},{"Lantern":9,"Ornamental Fan":11,"Velvet Choker":0,"Tiny Chest":2,"Pen Nib":4,"VioletLotus":8,"PureWater":0,"Boot":5,"Question Card":11,"Unceasing Top":7,"Toy Ornithopter":11,"Mercury Hourglass":12},{"Lantern":30,"Ornamental Fan":36,"Velvet Choker":0,"Tiny Chest":6,"Pen Nib":12,"VioletLotus":28,"PureWater":0,"Boot":19,"Question Card":36,"Unceasing Top":23,"Toy Ornithopter":36,"Mercury Hourglass":40}],"Unceasing Top":[1],"Toy Ornithopter":10,"Mercury Hourglass":[3]},"card_choices":[{"not_picked":["ThirdEye","Nirvana"],"picked":"FollowUp","floor":1.0},{"not_picked":["Evaluate","BattleHymn"],"picked":"FearNoEvil","floor":2.0},{"not_picked":["InnerPeace","WaveOfTheHand"],"picked":"CrushJoints","floor":5.0},{"not_picked":["EmptyFist","Consecrate"],"picked":"Tantrum","floor":7.0},{"not_picked":["BowlingBash","Protect"],"picked":"Adaptation","floor":12.0},{"not_picked":["SignatureMove","CarveReality"],"picked":"CutThroughFate","floor":13.0},{"not_picked":["Prostrate","BattleHymn"],"picked":"ClearTheMind","floor":14.0},{"not_picked":["Omniscience","Establishment"],"picked":"Wish","floor":16.0},{"not_picked":["Halt","EmptyFist"],"picked":"Wireheading+1","floor":18.0},{"not_picked":["CrushJoints","EmptyBody","FollowUp+1"],"picked":"SKIP","floor":22},{"not_picked":["CrushJoints","FollowUp+1"],"picked":"EmptyBody","floor":22},{"not_picked":["FollowUp","Indignation"],"picked":"BowlingBash","floor":23},{"not_picked":["CrushJoints","SashWhip+1","Halt"],"picked":"Fasting2","floor":28}],"player_experience":923173,"relics_obtained":[{"floor":9.0,"key":"Pen Nib"},{"floor":12.0,"key":"Boot"},{"floor":14.0,"key":"Unceasing Top"},{"floor":21.0,"key":"Lantern"},{"floor":23,"key":"Question Card"},{"floor":25,"key":"Ornamental Fan"},{"floor":26,"key":"Toy Ornithopter"},{"floor":28,"key":"Mercury Hourglass"}],"event_choices":[{"damage_healed":0.0,"max_hp_gain":0.0,"max_hp_loss":0.0,"gold_gain":0.0,"event_name":"Scrap Ooze","player_choice":"Success","floor":3.0,"gold_loss":0.0,"damage_taken":5.0,"relics_obtained":["Tiny Chest"]},{"cards_removed":["Defend_P"],"damage_healed":0.0,"max_hp_gain":0.0,"max_hp_loss":0.0,"gold_gain":0.0,"event_name":"Golden Wing","player_choice":"Card Removal","floor":10.0,"gold_loss":0.0,"damage_taken":7.0},{"damage_healed":0.0,"max_hp_gain":0.0,"max_hp_loss":0.0,"gold_gain":0.0,"event_name":"Back to Basics","player_choice":"Simplicity","floor":19.0,"gold_loss":0.0,"damage_taken":0.0,"cards_upgraded":["Strike_P","Strike_P","Strike_P","Strike_P","Defend_P","Defend_P","Defend_P"]},{"damage_healed":0,"gold_gain":0,"player_choice":"Shed Blood","damage_taken":24,"max_hp_gain":5,"max_hp_loss":0,"event_name":"Forgotten Altar","floor":27,"gold_loss":0}],"is_beta":false,"boss_relics":[{"not_picked":["Busted Crown","Ectoplasm"],"picked":"VioletLotus"}],"items_purged_floors":[20],"is_endless":false,"potions_floor_spawned":[2,5,14,18,28],"killed_by":"Snake Plant","ascension_level":20}}