{"host":"dm4yvegl9um2tlqd","time":1610843270,"event":{"mods":["2.2 Compatiblity","AchievementEnabler","BaseMod","Colored Map","DeckTracker","Highlight Path","KOR Keyword Fix","Keyboard Shortcuts","Minty Spire (QoL Compilation)","Permanent Neow","Quick Restart","Random Character Button","StSLib","SuperFastMode","everything is the same but u backflip on backflip"],"gold_per_floor":[117,128,53,65,65,65,81,102,127,167,187,33,33,74,74,198,198,219,219,219,318,89,89,120,120,143,170,184,202,202,214,214,317,317,332,343,343,372,384,396,441,453,534,577,600,612,210,221,221,221,221,221,19,47,47,47],"floor_reached":55,"language":"KOR","playtime":2020,"items_purged":["Strike_R","Defend_R","Defend_R","Defend_R"],"score":1098,"play_id":"ff37f050-33a6-46aa-8776-6e5b10af004c","local_time":"20210117092750","is_ascension_mode":true,"campfire_choices":[{"data":"Whirlwind","floor":6.0,"key":"SMITH"},{"data":"Corruption","floor":13.0,"key":"SMITH"},{"data":"Heavy Blade","floor":15.0,"key":"SMITH"},{"data":"Offering","floor":23.0,"key":"SMITH"},{"data":"Burning Pact","floor":25.0,"key":"SMITH"},{"data":"Sentinel","floor":30.0,"key":"SMITH"},{"data":"Immolate","floor":32.0,"key":"SMITH"},{"floor":40.0,"key":"RECALL"},{"data":"Bludgeon","floor":42.0,"key":"SMITH"},{"data":"Second Wind","floor":46.0,"key":"SMITH"},{"data":"Shrug It Off","floor":49.0,"key":"SMITH"},{"data":"Exhume","floor":52.0,"key":"SMITH"}],"circlet_count":0,"master_deck":["Bash+1","Burning Pact+1","Whirlwind+1","Sentinel+1","Corruption+1","Heavy Blade+1","Offering+1","Sentinel+1","Power Through+1","Immolate+1","Bludgeon+1","Second Wind+1","Shrug It Off+1","Exhume+1","Shrug It Off+1"],"relics":["Burning Blood","Bloody Idol","Vajra","Whetstone","Brimstone","Pen Nib","Astrolabe","Potion Belt","Centennial Puzzle","Mummified Hand","Busted Crown","MawBank","Pocketwatch","InkBottle","Ice Cream","Nunchaku"],"acts_visited":["Exordium","TheCity","TheBeyond","TheEnding"],"potions_floor_usage":[55,55,55,55,55],"damage_taken":[{"damage":1.0,"enemies":"Cultist","floor":1.0,"turns":4.0},{"damage":11.0,"enemies":"2 Louse","floor":2.0,"turns":3.0},{"damage":0.0,"enemies":"Small Slimes","floor":4.0,"turns":5.0},{"damage":0.0,"enemies":"2 Fungi Beasts","floor":7.0,"turns":1.0},{"damage":14.0,"enemies":"Blue Slaver","floor":8.0,"turns":4.0},{"damage":0.0,"enemies":"Gremlin Nob","floor":10.0,"turns":2.0},{"damage":16.0,"enemies":"Exordium Wildlife","floor":11.0,"turns":3.0},{"damage":0.0,"enemies":"Lagavulin","floor":14.0,"turns":4.0},{"damage":28.0,"enemies":"The Guardian","floor":16.0,"turns":5.0},{"damage":6.0,"enemies":"Spheric Guardian","floor":18.0,"turns":3.0},{"damage":6.0,"enemies":"Gremlin Leader","floor":24.0,"turns":2.0},{"damage":12.0,"enemies":"Book of Stabbing","floor":27.0,"turns":3.0},{"damage":0.0,"enemies":"2 Thieves","floor":28.0,"turns":2.0},{"damage":6.0,"enemies":"Snecko","floor":29.0,"turns":2.0},{"damage":6.0,"enemies":"Centurion and Healer","floor":31.0,"turns":2.0},{"damage":8.0,"enemies":"Collector","floor":33.0,"turns":4.0},{"damage":8.0,"enemies":"3 Darklings","floor":35.0,"turns":2.0},{"damage":6.0,"enemies":"3 Shapes","floor":36.0,"turns":2.0},{"damage":6.0,"enemies":"Jaw Worm Horde","floor":38.0,"turns":2.0},{"damage":15.0,"enemies":"Giant Head","floor":41.0,"turns":2.0},{"damage":36.0,"enemies":"Nemesis","floor":44.0,"turns":5.0},{"damage":6.0,"enemies":"4 Shapes","floor":45.0,"turns":1.0},{"damage":6.0,"enemies":"Maw","floor":48.0,"turns":3.0},{"damage":24.0,"enemies":"Time Eater","floor":50.0,"turns":6.0},{"damage":9.0,"enemies":"Shield and Spear","floor":54.0,"turns":2.0},{"damage":80,"enemies":"The Heart","floor":55,"turns":3}],"seed_played":"4177258339619482017","potions_obtained":[{"floor":1.0,"key":"LiquidMemories"},{"floor":2.0,"key":"Fire Potion"},{"floor":8.0,"key":"Regen Potion"},{"floor":10.0,"key":"Explosive Potion"},{"floor":11.0,"key":"DistilledChaos"},{"floor":24.0,"key":"ColorlessPotion"},{"floor":27.0,"key":"Ancient Potion"},{"floor":44.0,"key":"Ancient Potion"}],"is_trial":false,"path_per_floor":["M","M","$","M","?","R","M","M","T","E","M","$","R","E","R","B",null,"M","?","?","?","$","R","E","R","T","E","M","M","R","M","R","B",null,"M","M","?","M","?","R","E","R","T","E","M","R","$","M","R","B",null,"R","$","E","B"],"character_chosen":"IRONCLAD","items_purchased":["Brimstone","Second Wind","Shrug It Off","Ice Cream","Strength Potion"],"campfire_rested":0,"item_purchase_floors":[12,22,22,47,53],"current_hp_per_floor":[77,72,72,78,74,74,74,66,66,72,62,62,62,68,68,46,67,67,67,67,72,72,72,74,74,74,73,74,74,74,74,74,74,74,74,74,74,74,74,74,70,74,74,49,59,64,69,74,74,56,70,70,70,72,0,0],"gold":47,"neow_bonus":"UPGRADE_CARD","is_daily":false,"chose_seed":false,"campfire_upgraded":11,"win_rate":0.0,"timestamp":1610843270,"path_taken":["M","M","?","M","?","R","M","M","T","E","M","$","R","E","R","BOSS","M","?","?","?","$","R","E","R","T","E","M","M","R","M","R","BOSS","M","M","?","?","?","R","E","R","T","E","M","R","$","M","R","BOSS","R","$","E","BOSS"],"items_purchased_type":["Relic","Card","Card","Relic","Potion"],"build_version":"2020-12-22","purchased_purges":4,"victory":false,"max_hp_per_floor":[80,80,80,80,74,74,74,74,74,74,74,74,74,74,74,74,74,74,74,74,74,74,74,74,74,74,74,74,74,74,74,74,74,74,74,74,74,74,74,74,74,74,74,74,74,74,74,74,74,74,74,74,74,74,74,74],"card_choices":[{"not_picked":["Fire Breathing","Cleave"],"picked":"Burning Pact","floor":1.0},{"not_picked":["Perfected Strike","Havoc"],"picked":"Whirlwind","floor":2.0},{"not_picked":["Sword Boomerang","Rupture"],"picked":"Sentinel","floor":4.0},{"not_picked":["Thunderclap","Intimidate","Havoc"],"picked":"SKIP","floor":7.0},{"not_picked":["Ghostly Armor","Perfected Strike","Reckless Charge"],"picked":"SKIP","floor":8.0},{"not_picked":["Perfected Strike","Dark Embrace"],"picked":"Corruption","floor":10.0},{"not_picked":["Clothesline","Armaments","Pommel Strike"],"picked":"SKIP","floor":11.0},{"not_picked":["Sword Boomerang","Rampage"],"picked":"Heavy Blade","floor":14.0},{"not_picked":["Demon Form","Double Tap"],"picked":"Offering","floor":16.0},{"not_picked":["Combust","Havoc","Power Through"],"picked":"SKIP","floor":18.0},{"not_picked":["Armaments+1","Shockwave","Metallicize+1"],"picked":"SKIP","floor":24.0},{"not_picked":["Iron Wave+1","Perfected Strike","Headbutt"],"picked":"SKIP","floor":27.0},{"not_picked":["Double Tap","Armaments","Warcry"],"picked":"SKIP","floor":28.0},{"not_picked":["Clash","Clothesline","Fire Breathing+1"],"picked":"SKIP","floor":29.0},{"not_picked":["Metallicize","Inflame","Thunderclap"],"picked":"SKIP","floor":31.0},{"not_picked":["Fiend Fire","Brutality"],"picked":"Exhume","floor":33.0},{"not_picked":["Body Slam"],"picked":"SKIP","floor":35.0},{"not_picked":["Spot Weakness+1"],"picked":"SKIP","floor":36.0},{"not_picked":["Warcry"],"picked":"SKIP","floor":38.0},{"not_picked":["Cleave"],"picked":"SKIP","floor":41.0},{"not_picked":["Twin Strike+1"],"picked":"SKIP","floor":44.0},{"not_picked":[],"picked":"Shrug It Off+1","floor":45.0},{"not_picked":["Blood for Blood"],"picked":"SKIP","floor":48.0},{"not_picked":["Clash"],"picked":"SKIP","floor":54.0}],"player_experience":59715,"relics_obtained":[{"floor":9.0,"key":"Vajra"},{"floor":10.0,"key":"Whetstone"},{"floor":14.0,"key":"Pen Nib"},{"floor":24.0,"key":"Potion Belt"},{"floor":26.0,"key":"Centennial Puzzle"},{"floor":27.0,"key":"Mummified Hand"},{"floor":41.0,"key":"Pocketwatch"},{"floor":44.0,"key":"InkBottle"},{"floor":54.0,"key":"Nunchaku"}],"event_choices":[{"damage_healed":0.0,"max_hp_gain":0.0,"max_hp_loss":6.0,"gold_gain":0.0,"event_name":"Golden Idol","player_choice":"Lose Max HP","floor":5.0,"gold_loss":0.0,"damage_taken":0.0,"relics_obtained":["Golden Idol"]},{"damage_healed":0.0,"max_hp_gain":0.0,"max_hp_loss":0.0,"gold_gain":0.0,"cards_transformed":["Perfected Strike","Strike_R"],"event_name":"Drug Dealer","player_choice":"Became Test Subject","floor":19.0,"gold_loss":0.0,"damage_taken":0.0,"cards_obtained":["Immolate","Bludgeon"]},{"damage_healed":0.0,"max_hp_gain":0.0,"max_hp_loss":0.0,"gold_gain":0.0,"event_name":"Forgotten Altar","player_choice":"Gave Idol","floor":20.0,"relics_lost":["Golden Idol"],"gold_loss":0.0,"damage_taken":0.0,"relics_obtained":["Bloody Idol"]},{"damage_healed":0.0,"max_hp_gain":0.0,"max_hp_loss":0.0,"gold_gain":99.0,"event_name":"Nest","player_choice":"Stole From Cult","floor":21.0,"gold_loss":0.0,"damage_taken":0.0},{"damage_healed":0.0,"max_hp_gain":0.0,"max_hp_loss":0.0,"gold_gain":0.0,"event_name":"WeMeetAgain","player_choice":"Gave Potion","floor":37.0,"gold_loss":0.0,"damage_taken":0.0,"relics_obtained":["MawBank"]},{"cards_removed":["Defend_R"],"damage_healed":0.0,"max_hp_gain":0.0,"max_hp_loss":0.0,"gold_gain":0.0,"event_name":"Bonfire Elementals","player_choice":"Offered Basic","floor":39.0,"gold_loss":0.0,"damage_taken":0.0}],"is_beta":false,"boss_relics":[{"not_picked":["Velvet Choker","Ectoplasm"],"picked":"Astrolabe"},{"not_picked":["Tiny House","Runic Cube"],"picked":"Busted Crown"}],"items_purged_floors":[3,22,47,53],"is_endless":false,"potions_floor_spawned":[1,2,8,10,11,24,27,35,36,44],"killed_by":"The Heart","ascension_level":6}}