{"host":"mcdusr64esz012l0","time":1610915859,"event":{"mods":["BaseMod","Minty Spire (QoL Compilation)","Relic Stats"],"gold_per_floor":[118,128,42,59,59,59,79,93,93,122,122,156,156,190,190,190,190],"floor_reached":16,"language":"ENG","playtime":613,"items_purged":[],"score":240,"play_id":"335729df-3675-48e7-b3df-8bcc6721d781","local_time":"20210117153739","is_ascension_mode":true,"campfire_choices":[{"floor":6,"key":"REST"},{"floor":11,"key":"REST"},{"floor":13,"key":"REST"},{"floor":15,"key":"REST"}],"circlet_count":0,"master_deck":["AscendersBane","Strike_G","Strike_G","Strike_G","Strike_G","Strike_G","Defend_G","Defend_G","Defend_G","Defend_G","Defend_G","Survivor","Neutralize","Dagger Spray","Leg Sweep","Endless Agony","Dagger Throw","Slice","Deflect","Heel Hook","Slice","Calculated Gamble"],"relics":["Ring of the Snake","Unceasing Top","Lizard Tail","Mercury Hourglass","Prayer Wheel","Bag of Preparation"],"acts_visited":["Exordium"],"potions_floor_usage":[8,10,10],"damage_taken":[{"damage":14,"enemies":"Jaw Worm","floor":1,"turns":8},{"damage":4,"enemies":"2 Louse","floor":2,"turns":2},{"damage":0,"enemies":"Cultist","floor":4,"turns":3},{"damage":3,"enemies":"Looter","floor":7,"turns":4},{"damage":0,"enemies":"Gremlin Gang","floor":8,"turns":2},{"damage":23,"enemies":"3 Sentries","floor":10,"turns":9},{"damage":32,"enemies":"Lagavulin","floor":12,"turns":10},{"damage":8,"enemies":"3 Sentries","floor":14,"turns":6},{"damage":35,"enemies":"Slime Boss","floor":16,"turns":6}],"seed_played":"-6176751203726422015","potions_obtained":[{"floor":2,"key":"Explosive Potion"},{"floor":4,"key":"Swift Potion"},{"floor":8,"key":"BlessingOfTheForge"}],"is_trial":false,"path_per_floor":["M","M","$","M","?","R","M","M","T","E","R","E","R","E","R","B"],"character_chosen":"THE_SILENT","items_purchased":["Endless Agony"],"campfire_rested":4,"item_purchase_floors":[3],"current_hp_per_floor":[30,26,26,26,26,45,42,42,42,19,38,6,25,17,36,1,1],"gold":190,"neow_bonus":"ONE_RARE_RELIC","is_daily":false,"chose_seed":false,"campfire_upgraded":0,"win_rate":0.0,"timestamp":1610915859,"path_taken":["M","M","$","M","?","R","M","M","T","E","R","E","R","E","R","BOSS"],"items_purchased_type":["Card"],"build_version":"2020-12-22","purchased_purges":0,"victory":false,"max_hp_per_floor":[66,66,66,66,66,66,66,66,66,66,66,66,66,66,66,66,66],"relic_stats":{"Lizard Tail":0,"counters":[9,49],"Prayer Wheel":0,"Bag of Preparation":[2],"obtain_stats":[{"Lizard Tail":9,"Prayer Wheel":12,"Bag of Preparation":14,"Unceasing Top":0,"Ring of the Snake":0,"Mercury Hourglass":10},{"Lizard Tail":5,"Prayer Wheel":7,"Bag of Preparation":8,"Unceasing Top":0,"Ring of the Snake":0,"Mercury Hourglass":6},{"Lizard Tail":19,"Prayer Wheel":38,"Bag of Preparation":43,"Unceasing Top":0,"Ring of the Snake":0,"Mercury Hourglass":28}],"Unceasing Top":[7],"Ring of the Snake":[18],"Mercury Hourglass":[84]},"card_choices":[{"not_picked":["Underhanded Strike","Deadly Poison"],"picked":"Dagger Spray","floor":1},{"not_picked":["Acrobatics","Predator"],"picked":"Leg Sweep","floor":2},{"not_picked":["Acrobatics","Riddle With Holes"],"picked":"Dagger Throw","floor":4},{"not_picked":["PiercingWail","Distraction"],"picked":"Slice","floor":7},{"not_picked":["Infinite Blades","Quick Slash"],"picked":"Deflect","floor":8},{"not_picked":["Underhanded Strike","Phantasmal Killer"],"picked":"Heel Hook","floor":10},{"not_picked":["Deadly Poison","Cloak And Dagger"],"picked":"Slice","floor":12},{"not_picked":["Bane","Night Terror"],"picked":"Calculated Gamble","floor":14}],"player_experience":1046756,"relics_obtained":[{"floor":9,"key":"Lizard Tail"},{"floor":10,"key":"Mercury Hourglass"},{"floor":12,"key":"Prayer Wheel"},{"floor":14,"key":"Bag of Preparation"}],"event_choices":[{"damage_healed":0,"gold_gain":0,"player_choice":"Fled","damage_taken":0,"max_hp_gain":0,"max_hp_loss":0,"event_name":"Scrap Ooze","floor":5,"gold_loss":0}],"is_beta":false,"boss_relics":[],"items_purged_floors":[],"is_endless":false,"potions_floor_spawned":[2,4,8],"killed_by":"Slime Boss","ascension_level":20}}