{"host":"3y2rtlgteqp2nuo3","time":1610890069,"event":{"mods":["2.2 Compatiblity","AchievementEnabler","BaseMod","Colored Map","DeckTracker","Highlight Path","Keyboard Shortcuts","Minty Spire (QoL Compilation)","Permanent Neow","Quick Restart","StSLib","SuperFastMode","everything is the same but u backflip on backflip"],"gold_per_floor":[110,110,135,155,173,173,206,131,131,131,166,166,189,203,203,203,203],"floor_reached":16,"language":"KOR","playtime":306,"items_purged":["Strike_G"],"score":174,"play_id":"3f3eca9d-aa78-4ea6-8f93-8f7ac89b72e0","local_time":"20210117222749","is_ascension_mode":true,"campfire_choices":[{"floor":6.0,"key":"REST"},{"floor":12.0,"key":"REST"},{"data":"Corpse Explosion","floor":15.0,"key":"SMITH"}],"circlet_count":0,"master_deck":["AscendersBane","Strike_G","Strike_G","Strike_G","Strike_G","Defend_G","Defend_G","Defend_G","Defend_G","Defend_G","Survivor","Neutralize","Deadly Poison+1","Deadly Poison","Dagger Spray","Noxious Fumes","Corpse Explosion+1","Dodge and Roll","Escape Plan"],"relics":["Ring of the Snake","NeowsBlessing","Golden Idol","Strawberry","Gremlin Horn","Meat on the Bone"],"acts_visited":["Exordium"],"potions_floor_usage":[16],"damage_taken":[{"damage":0.0,"enemies":"Small Slimes","floor":1.0,"turns":1.0},{"damage":0.0,"enemies":"Cultist","floor":3.0,"turns":1.0},{"damage":0.0,"enemies":"Jaw Worm","floor":4.0,"turns":1.0},{"damage":25.0,"enemies":"Exordium Thugs","floor":5.0,"turns":5.0},{"damage":47.0,"enemies":"Gremlin Nob","floor":7.0,"turns":5.0},{"damage":12.0,"enemies":"3 Sentries","floor":11.0,"turns":8.0},{"damage":0.0,"enemies":"Gremlin Gang","floor":13.0,"turns":1.0},{"damage":0.0,"enemies":"Blue Slaver","floor":14.0,"turns":5.0},{"damage":40,"enemies":"Slime Boss","floor":16,"turns":6}],"seed_played":"3685342391400599141","potions_obtained":[{"floor":3.0,"key":"FairyPotion"},{"floor":7.0,"key":"SkillPotion"},{"floor":11.0,"key":"LiquidMemories"},{"floor":14.0,"key":"Poison Potion"}],"is_trial":false,"path_per_floor":["M","?","M","M","M","R","E","$","T","?","E","R","M","M","R","B"],"character_chosen":"THE_SILENT","items_purchased":[],"campfire_rested":2,"item_purchase_floors":[],"current_hp_per_floor":[63,46,46,46,21,42,28,28,28,28,16,39,39,39,39,0,0],"gold":203,"neow_bonus":"THREE_ENEMY_KILL","is_daily":false,"chose_seed":false,"campfire_upgraded":1,"win_rate":0.0,"timestamp":1610890069,"path_taken":["M","?","M","M","M","R","E","$","T","?","E","R","?","M","R","BOSS"],"items_purchased_type":[],"build_version":"2020-12-22","purchased_purges":1,"victory":false,"max_hp_per_floor":[70,70,70,70,70,70,77,77,77,77,77,77,77,77,77,77,77],"card_choices":[{"not_picked":["Acrobatics","Poisoned Stab"],"picked":"Deadly Poison","floor":1.0},{"not_picked":["Underhanded Strike","Expertise"],"picked":"Deadly Poison","floor":3.0},{"not_picked":["Acrobatics","Choke"],"picked":"Dagger Spray","floor":4.0},{"not_picked":["PiercingWail","Dagger Throw","Footwork"],"picked":"SKIP","floor":5.0},{"not_picked":["Outmaneuver","Dodge and Roll"],"picked":"Noxious Fumes","floor":7.0},{"not_picked":["Calculated Gamble","Backflip"],"picked":"Corpse Explosion","floor":11.0},{"not_picked":["Underhanded Strike","Distraction"],"picked":"Dodge and Roll","floor":13.0},{"not_picked":["Quick Slash","Footwork"],"picked":"Escape Plan","floor":14.0}],"player_experience":693973,"relics_obtained":[{"floor":7.0,"key":"Strawberry"},{"floor":9.0,"key":"Gremlin Horn"},{"floor":11.0,"key":"Meat on the Bone"}],"event_choices":[{"damage_healed":0.0,"max_hp_gain":0.0,"max_hp_loss":0.0,"gold_gain":0.0,"event_name":"Golden Idol","player_choice":"Take Damage","floor":2.0,"gold_loss":0.0,"damage_taken":17.0,"relics_obtained":["Golden Idol"]},{"damage_healed":0.0,"max_hp_gain":0.0,"max_hp_loss":0.0,"gold_gain":0.0,"event_name":"Accursed Blacksmith","player_choice":"Forge","floor":10.0,"gold_loss":0.0,"damage_taken":0.0,"cards_upgraded":["Deadly Poison"]}],"is_beta":false,"boss_relics":[],"items_purged_floors":[8],"is_endless":false,"potions_floor_spawned":[3,7,11,14],"killed_by":"Slime Boss","ascension_level":11}}