{"host":"ef3ybc9bdsabvdps","time":1610852073,"event":{"mods":["BaseMod","Minty Spire (QoL Compilation)"],"gold_per_floor":[114,114,74,54,67,99,99,115,184,214,230,264,278,294,294,391,391,391,391],"floor_reached":18,"language":"KOR","playtime":710,"items_purged":[],"score":248,"play_id":"9a44d0dd-d018-427a-bd92-d94f5f4a3a4d","local_time":"20210117115433","is_ascension_mode":true,"campfire_choices":[{"data":"Zap","floor":7.0,"key":"SMITH"},{"floor":15.0,"key":"REST"}],"circlet_count":0,"master_deck":["Strike_B","Strike_B","Strike_B","Defend_B","Defend_B","Defend_B","Defend_B","Zap+1","Dualcast","Melter","Sunder","Hologram","Gash","Force Field","Coolheaded","Ball Lightning","FTL","Core Surge","Chaos","All For One"],"relics":["Cracked Core","NeowsBlessing","Regal Pillow","HornCleat","Happy Flower","Unceasing Top","SlaversCollar"],"acts_visited":["TheCity"],"potions_floor_usage":[],"damage_taken":[{"damage":0.0,"enemies":"2 Louse","floor":1.0,"turns":1.0},{"damage":0.0,"enemies":"Small Slimes","floor":5.0,"turns":1.0},{"damage":0.0,"enemies":"Gremlin Nob","floor":6.0,"turns":1.0},{"damage":3.0,"enemies":"Cultist","floor":8.0,"turns":3.0},{"damage":7.0,"enemies":"3 Sentries","floor":10.0,"turns":5.0},{"damage":16.0,"enemies":"Exordium Wildlife","floor":11.0,"turns":4.0},{"damage":20.0,"enemies":"Gremlin Nob","floor":12.0,"turns":5.0},{"damage":0.0,"enemies":"Large Slime","floor":13.0,"turns":4.0},{"damage":0.0,"enemies":"3 Louse","floor":14.0,"turns":2.0},{"damage":32.0,"enemies":"Slime Boss","floor":16.0,"turns":10.0},{"damage":0,"enemies":"3 Byrds","floor":18,"turns":1}],"seed_played":"8922069094369832236","potions_obtained":[{"floor":1.0,"key":"BlessingOfTheForge"},{"floor":4.0,"key":"LiquidMemories"},{"floor":6.0,"key":"SteroidPotion"},{"floor":13.0,"key":"PowerPotion"},{"floor":16.0,"key":"CultistPotion"}],"is_trial":false,"path_per_floor":["M","?","$","?","M","E","R","M","T","E","M","E","M","M","R","B",null,"M"],"character_chosen":"DEFECT","items_purchased":["Sunder"],"campfire_rested":1,"item_purchase_floors":[3],"current_hp_per_floor":[75,68,68,68,68,68,68,65,65,58,42,22,22,22,59,27,75,75,75],"gold":391,"neow_bonus":"THREE_ENEMY_KILL","is_daily":false,"chose_seed":false,"campfire_upgraded":1,"win_rate":0.0,"timestamp":1610852073,"path_taken":["M","?","$","?","?","E","R","M","T","E","M","E","M","M","R","BOSS","M"],"items_purchased_type":["Card"],"build_version":"2020-12-22","purchased_purges":0,"victory":false,"max_hp_per_floor":[75,75,75,75,75,75,75,75,75,75,75,75,75,75,75,75,75,75,75],"card_choices":[{"not_picked":["BootSequence","Steam"],"picked":"Melter","floor":1.0},{"not_picked":["BootSequence","Stack"],"picked":"Hologram","floor":5.0},{"not_picked":["Barrage","Biased Cognition"],"picked":"Gash","floor":6.0},{"not_picked":["Glacier","Steam Power"],"picked":"Force Field","floor":8.0},{"not_picked":["Gash","Aggregate"],"picked":"Coolheaded","floor":10.0},{"not_picked":["Streamline","Rebound"],"picked":"Ball Lightning","floor":11.0},{"not_picked":["Doom and Gloom","Recycle"],"picked":"FTL","floor":12.0},{"not_picked":["Compile Driver","Cold Snap"],"picked":"Core Surge","floor":13.0},{"not_picked":["Rip and Tear","Aggregate"],"picked":"Chaos","floor":14.0},{"not_picked":["Core Surge","Electrodynamics"],"picked":"All For One","floor":16.0}],"player_experience":308744,"relics_obtained":[{"floor":6.0,"key":"Regal Pillow"},{"floor":9.0,"key":"HornCleat"},{"floor":10.0,"key":"Happy Flower"},{"floor":12.0,"key":"Unceasing Top"}],"event_choices":[{"cards_removed":["Strike_B"],"damage_healed":0.0,"max_hp_gain":0.0,"max_hp_loss":0.0,"gold_gain":0.0,"event_name":"Golden Wing","player_choice":"Card Removal","floor":2.0,"gold_loss":0.0,"damage_taken":7.0},{"damage_healed":0.0,"max_hp_gain":0.0,"max_hp_loss":0.0,"gold_gain":0.0,"event_name":"The Woman in Blue","player_choice":"Bought 1 Potion","floor":4.0,"gold_loss":0.0,"damage_taken":0.0}],"is_beta":false,"boss_relics":[{"not_picked":["Velvet Choker","Runic Pyramid"],"picked":"SlaversCollar"}],"items_purged_floors":[],"is_endless":false,"potions_floor_spawned":[1,6,13,16],"killed_by":"3 Byrds","ascension_level":4}}