{"host":"fdq5pmhluajjrf8d","time":1610849508,"event":{"mods":["BaseMod","Minty Spire (QoL Compilation)"],"gold_per_floor":[110,123,123,139,154,179,179,199,199,219,230,245,245,284,284,284,284],"floor_reached":16,"language":"ENG","playtime":1628,"items_purged":[],"score":216,"play_id":"a72cfba6-3c9f-48a6-b24c-71dec5e735bf","local_time":"20210116211148","is_ascension_mode":true,"campfire_choices":[{"data":"White Noise","floor":7,"key":"SMITH"},{"floor":13,"key":"REST"},{"floor":15,"key":"REST"}],"circlet_count":0,"master_deck":["AscendersBane","Strike_B","Strike_B","Strike_B","Strike_B","Defend_B","Defend_B","Defend_B","Defend_B","Zap","Dualcast+1","White Noise+1","Redo","Tempest+1","FTL","Lockon","Sweeping Beam","Conserve Battery"],"relics":["Cracked Core","FaceOfCleric","War Paint","Vajra"],"acts_visited":["Exordium"],"potions_floor_usage":[6,6,14,16],"damage_taken":[{"damage":12,"enemies":"Small Slimes","floor":1,"turns":3},{"damage":1,"enemies":"Cultist","floor":2,"turns":3},{"damage":0,"enemies":"2 Louse","floor":4,"turns":2},{"damage":7,"enemies":"2 Fungi Beasts","floor":5,"turns":4},{"damage":15,"enemies":"Lagavulin","floor":6,"turns":6},{"damage":17,"enemies":"Exordium Wildlife","floor":8,"turns":3},{"damage":0,"enemies":"Large Slime","floor":10,"turns":4},{"damage":19,"enemies":"Exordium Thugs","floor":11,"turns":5},{"damage":9,"enemies":"Red Slaver","floor":12,"turns":2},{"damage":21,"enemies":"Exordium Wildlife","floor":14,"turns":4},{"damage":48,"enemies":"Hexaghost","floor":16,"turns":9}],"seed_played":"2551737122886239705","potions_obtained":[{"floor":1,"key":"Regen Potion"},{"floor":4,"key":"Energy Potion"},{"floor":8,"key":"PowerPotion"},{"floor":11,"key":"ColorlessPotion"}],"is_trial":false,"path_per_floor":["M","M","?","M","M","E","R","M","T","M","M","M","R","M","R","B"],"character_chosen":"DEFECT","items_purchased":[],"campfire_rested":2,"item_purchase_floors":[],"current_hp_per_floor":[59,58,58,59,53,54,54,38,38,39,21,13,38,18,43,0,0],"gold":284,"neow_bonus":"TEN_PERCENT_HP_BONUS","is_daily":false,"chose_seed":false,"campfire_upgraded":1,"win_rate":0.0,"timestamp":1610849508,"path_taken":["M","M","?","M","M","E","R","M","T","M","M","M","R","?","R","BOSS"],"items_purchased_type":[],"build_version":"2020-12-22","purchased_purges":0,"victory":false,"max_hp_per_floor":[78,78,78,79,80,81,81,82,82,83,84,85,85,86,86,86,86],"card_choices":[{"not_picked":["Cold Snap","Steam Power"],"picked":"White Noise","floor":1},{"not_picked":["Auto Shields","Skim"],"picked":"Redo","floor":2},{"not_picked":["BootSequence","Rip and Tear"],"picked":"Tempest","floor":4},{"not_picked":["Conserve Battery","Sweeping Beam"],"picked":"FTL","floor":5},{"not_picked":["Redo","Sweeping Beam"],"picked":"Lockon","floor":6},{"not_picked":["Stack","Barrage","Heatsinks"],"picked":"SKIP","floor":8},{"not_picked":["Blizzard","Meteor Strike"],"picked":"Sweeping Beam","floor":10},{"not_picked":["Cold Snap","Stack"],"picked":"Conserve Battery","floor":11},{"not_picked":["Hologram","Stack","Steam"],"picked":"SKIP","floor":12},{"not_picked":["Beam Cell","Go for the Eyes","Conserve Battery"],"picked":"SKIP","floor":14}],"player_experience":1920142,"relics_obtained":[{"floor":6,"key":"War Paint"},{"floor":9,"key":"Vajra"}],"event_choices":[{"damage_healed":0,"gold_gain":0,"player_choice":"Trade","damage_taken":0,"relics_obtained":["FaceOfCleric"],"max_hp_gain":0,"max_hp_loss":0,"event_name":"FaceTrader","floor":3,"gold_loss":0}],"is_beta":false,"boss_relics":[],"items_purged_floors":[],"is_endless":false,"potions_floor_spawned":[1,4,8,11,12],"killed_by":"Hexaghost","ascension_level":20}}