{"host":"2pmmafybkq7zb6na","time":1610866319,"event":{"mods":["AchievementEnabler","BaseMod","Colored Map","Highlight Path","Keyboard Shortcuts","Minty Spire (QoL Compilation)","Quick Restart","StSLib","SuperFastMode"],"gold_per_floor":[111,10,24,199,199,233,233,233,233,233,233],"floor_reached":10,"language":"KOR","playtime":266,"items_purged":["Strike_R"],"score":89,"play_id":"989210ca-4028-461d-8335-aab8155f6d97","local_time":"20210117155159","is_ascension_mode":false,"campfire_choices":[{"data":"Warcry","floor":7,"key":"SMITH"}],"circlet_count":0,"master_deck":["Strike_R","Strike_R","Strike_R","Strike_R","Defend_R","Defend_R","Defend_R","Defend_R","Bash","Flex","Warcry+1","Doubt","Warcry"],"relics":["Burning Blood","NeowsBlessing","Golden Idol","Bottled Lightning","Girya"],"acts_visited":["Exordium"],"potions_floor_usage":[],"damage_taken":[{"damage":0,"enemies":"2 Louse","floor":1,"turns":1},{"damage":0,"enemies":"Cultist","floor":3,"turns":1},{"damage":0,"enemies":"Gremlin Nob","floor":6,"turns":1},{"damage":73,"enemies":"3 Sentries","floor":10,"turns":12}],"seed_played":"6921098143870603879","potions_obtained":[{"floor":3,"key":"FearPotion"}],"is_trial":false,"path_per_floor":["M","$","M","?","?","E","R","?","T","E"],"character_chosen":"IRONCLAD","items_purchased":["Warcry"],"campfire_rested":0,"item_purchase_floors":[2],"current_hp_per_floor":[80,80,80,80,60,66,66,71,71,0,0],"gold":233,"neow_bonus":"THREE_ENEMY_KILL","is_daily":false,"chose_seed":false,"campfire_upgraded":1,"win_rate":0.0,"timestamp":1610866319,"path_taken":["M","$","M","?","?","E","R","?","T","E"],"items_purchased_type":["Card"],"build_version":"2020-12-22","purchased_purges":1,"victory":false,"max_hp_per_floor":[80,80,80,80,80,80,80,85,85,85,85],"card_choices":[{"not_picked":["Heavy Blade","Warcry"],"picked":"Flex","floor":1},{"not_picked":["Feel No Pain","Ghostly Armor","Uppercut"],"picked":"SKIP","floor":3},{"not_picked":["Carnage","True Grit"],"picked":"Warcry","floor":6}],"player_experience":69490,"relics_obtained":[{"floor":6,"key":"Bottled Lightning"},{"floor":9,"key":"Girya"}],"event_choices":[{"damage_healed":0,"gold_gain":175,"player_choice":"AGREE","damage_taken":0,"max_hp_gain":0,"max_hp_loss":0,"event_name":"Liars Game","floor":4,"gold_loss":0,"cards_obtained":["Doubt"]},{"damage_healed":0,"gold_gain":0,"player_choice":"Take Damage","damage_taken":20,"relics_obtained":["Golden Idol"],"max_hp_gain":0,"max_hp_loss":0,"event_name":"Golden Idol","floor":5,"gold_loss":0},{"damage_healed":0,"gold_gain":0,"player_choice":"Donut","damage_taken":0,"max_hp_gain":5,"max_hp_loss":0,"event_name":"Big Fish","floor":8,"gold_loss":0}],"is_beta":false,"boss_relics":[],"items_purged_floors":[2],"is_endless":false,"potions_floor_spawned":[3],"killed_by":"3 Sentries","ascension_level":0}}