{"host":"dftyqn972q7tuon4","time":1610918116,"event":{"mods":["AchievementEnabler","BaseMod","Better Altar","Better Match","Better Note","Better Sensory Stone","Better Skull","Better Third Choice","Colored Powertips","Highlight Path","Minty Spire (QoL Compilation)","Permanent Neow","Quick Restart","StSLib"],"gold_per_floor":[144,0,45,45,90,180,180,225,225,270,315,360,360,58,58,358,358,403,403,403,403,2,92,92,182,182,182,227,272,272,317,317,617,617,662,297,297,95,140,230,230,275,275,275,275,6,51,96,96,96],"floor_reached":51,"language":"ENG","playtime":3286,"items_purged":[],"score":1217,"play_id":"8bf67ee3-2638-4fce-9854-68fa09df4c6c","local_time":"20210117221516","daily_mods":["SealedDeck","Hoarder","Midas"],"is_ascension_mode":false,"campfire_choices":[{"floor":7.0,"key":"REST"},{"floor":13.0,"key":"REST"},{"floor":15.0,"key":"REST"},{"floor":27.0,"key":"REST"},{"floor":30.0,"key":"REST"},{"floor":32.0,"key":"REST"},{"data":"Discovery+1","floor":41,"key":"PURGE"},{"data":"Discovery+1","floor":44,"key":"PURGE"},{"data":"Discovery+1","floor":49,"key":"PURGE"}],"circlet_count":0,"master_deck":["Turbo","Turbo","Turbo","Turbo","Turbo","Turbo","Stack","Stack","Stack","Barrage","Barrage","Barrage","Reprogram","Reprogram","Reprogram","Conserve Battery","Conserve Battery","Conserve Battery","Barrage","Barrage","Leap","Leap","Leap","Coolheaded","Coolheaded","Coolheaded","Barrage","Barrage","Barrage","Double Energy","Double Energy","Double Energy","Core Surge","Core Surge","Core Surge","FTL","FTL","FTL","Beam Cell","Beam Cell","Beam Cell","Reboot","Reboot","Reboot","Machine Learning","Machine Learning","Machine Learning","FTL","FTL","FTL","Coolheaded","Coolheaded","Coolheaded","Beam Cell","Beam Cell","Beam Cell","Blizzard","Blizzard","Blizzard","Machine Learning","Machine Learning","Machine Learning","Fusion","Fusion","Fusion","Panache","Panache","Panache","Coolheaded","Coolheaded","Coolheaded","Gash+1","Gash+1","Gash+1","Fusion+1","Fusion+1","Fusion+1","BootSequence+1","BootSequence+1","BootSequence+1","Cold Snap","Cold Snap","Cold Snap","Echo Form","Echo Form","Echo Form","The Bomb+1","The Bomb+1","The Bomb+1","Bandage Up+1","Bandage Up+1","Bandage Up+1","Capacitor","Capacitor","Capacitor","Bandage Up+1","Bandage Up+1","Bandage Up+1","Coolheaded+1","Coolheaded+1","Coolheaded+1","Gash","Gash","Gash","Compile Driver+1","Compile Driver+1","Compile Driver+1","All For One","All For One","All For One","Glacier+1","Glacier+1","Glacier+1","Reprogram+1","Reprogram+1","Reprogram+1","Violence+1","Violence+1","Violence+1","Buffer","Buffer","Buffer","Aggregate+1","Aggregate+1","Aggregate+1","Hologram+1","Hologram+1","Hologram+1","Glacier+1","Glacier+1","Glacier+1","Aggregate+1","Aggregate+1","Aggregate+1","Hyperbeam","Hyperbeam","Hyperbeam","All For One","All For One","All For One"],"relics":["Cracked Core","Pear","Darkstone Periapt","Membership Card","Nunchaku","Fusion Hammer","Nilry\u0027s Codex","Mango","Bottled Lightning","Potion Belt","Bottled Flame","Toxic Egg 2","Matryoshka","Astrolabe","OrangePellets","Peace Pipe","Orichalcum","FossilizedHelix","Shuriken","Vajra","PreservedInsect","Ancient Tea Set","Orrery"],"acts_visited":["Exordium","TheCity","TheBeyond"],"potions_floor_usage":[33,33,50,50],"damage_taken":[{"damage":0.0,"enemies":"2 Louse","floor":1.0,"turns":3.0},{"damage":0.0,"enemies":"Cultist","floor":3.0,"turns":3.0},{"damage":0.0,"enemies":"Small Slimes","floor":5.0,"turns":5.0},{"damage":9.0,"enemies":"3 Sentries","floor":6.0,"turns":6.0},{"damage":8.0,"enemies":"Looter","floor":8.0,"turns":3.0},{"damage":6.0,"enemies":"2 Fungi Beasts","floor":10.0,"turns":4.0},{"damage":0.0,"enemies":"Large Slime","floor":11.0,"turns":8.0},{"damage":7.0,"enemies":"Lots of Slimes","floor":12.0,"turns":5.0},{"damage":0.0,"enemies":"Slime Boss","floor":16.0,"turns":3.0},{"damage":21.0,"enemies":"Spheric Guardian","floor":18.0,"turns":4.0},{"damage":6.0,"enemies":"Slavers","floor":23.0,"turns":4.0},{"damage":21.0,"enemies":"Gremlin Leader","floor":25.0,"turns":5.0},{"damage":1.0,"enemies":"Chosen","floor":28.0,"turns":3.0},{"damage":54.0,"enemies":"3 Cultists","floor":29.0,"turns":6.0},{"damage":36.0,"enemies":"Snake Plant","floor":31.0,"turns":5.0},{"damage":1,"enemies":"Automaton","floor":33,"turns":6},{"damage":18,"enemies":"3 Darklings","floor":35,"turns":5},{"damage":35,"enemies":"3 Shapes","floor":39,"turns":5},{"damage":14,"enemies":"Reptomancer","floor":40,"turns":7},{"damage":0,"enemies":"Transient","floor":42,"turns":5},{"damage":14,"enemies":"Writhing Mass","floor":47,"turns":6},{"damage":20,"enemies":"Jaw Worm Horde","floor":48,"turns":4},{"damage":15,"enemies":"Awakened One","floor":50,"turns":7}],"seed_played":"7372172642885907109","potions_obtained":[{"floor":4.0,"key":"Block Potion"},{"floor":4.0,"key":"Fruit Juice"},{"floor":4.0,"key":"BlessingOfTheForge"},{"floor":5.0,"key":"SpeedPotion"},{"floor":8.0,"key":"EntropicBrew"},{"floor":10.0,"key":"Block Potion"},{"floor":23.0,"key":"DuplicationPotion"},{"floor":29.0,"key":"CultistPotion"},{"floor":33,"key":"DuplicationPotion"},{"floor":39,"key":"SpeedPotion"},{"floor":40,"key":"EssenceOfSteel"}],"is_trial":false,"path_per_floor":["M","?","M","?","M","E","R","M","T","M","M","M","R","$","R","B",null,"M","?","?","?","$","E","T","E","T","R","M","M","R","M","R","B",null,"M","$","?","$","M","E","R","M","T","R","?","$","M","M","R","B",null],"character_chosen":"DEFECT","items_purchased":["Membership Card","Coolheaded","Nunchaku","Beam Cell","Blizzard","Mango","Fusion","Panache","Bottled Lightning","OrangePellets","Peace Pipe","Orichalcum","Capacitor","Bandage Up+1","Coolheaded+1","Gash","FossilizedHelix","Ancient Tea Set","Violence+1","Buffer","Orrery"],"campfire_rested":6,"item_purchase_floors":[14,14,14,14,14,22,22,22,22,36,36,36,36,36,38,38,38,46,46,46,46],"current_hp_per_floor":[75,81,81,81,86,87,96,88,88,82,82,75,96,96,96,96,96,75,75,59,59,73,67,67,46,46,79,78,24,57,21,54,53,110,104,104,104,104,87,91,91,110,110,110,110,110,96,82,82,79],"gold":96,"neow_bonus":"","is_daily":true,"chose_seed":false,"campfire_upgraded":0,"win_rate":0.0,"timestamp":1610918116,"path_taken":["M","?","M","?","?","E","R","M","T","M","M","M","R","$","R","BOSS","M","?","?","?","$","E","?","E","T","R","M","M","R","M","R","BOSS","M","$","?","$","M","E","R","M","T","R","?","$","M","M","R","BOSS"],"items_purchased_type":["Relic","Card","Relic","Card","Card","Relic","Card","Card","Relic","Relic","Relic","Relic","Card","Card","Card","Card","Relic","Relic","Card","Card","Relic"],"build_version":"2020-12-22","purchased_purges":0,"victory":true,"max_hp_per_floor":[75,81,81,81,86,96,96,96,96,96,96,96,96,96,96,96,96,96,96,96,96,110,110,110,110,110,110,110,110,110,110,110,110,110,110,110,110,110,110,110,110,110,110,110,110,110,110,110,110,110],"card_choices":[{"not_picked":["Leap","Scrape","Streamline"],"picked":"SKIP","floor":1.0},{"not_picked":["Cold Snap","Streamline"],"picked":"Double Energy","floor":3.0},{"not_picked":["Steam","Turbo"],"picked":"Core Surge","floor":5.0},{"not_picked":["Gash","Stack"],"picked":"FTL","floor":6.0},{"not_picked":["Storm","Hello World"],"picked":"Beam Cell","floor":8.0},{"not_picked":["Hologram","Steam"],"picked":"Reboot","floor":10.0},{"not_picked":["Go for the Eyes","Consume"],"picked":"Machine Learning","floor":11.0},{"not_picked":["Redo","Chill"],"picked":"FTL","floor":12.0},{"not_picked":["Core Surge","All For One"],"picked":"Machine Learning","floor":16.0},{"not_picked":["Streamline","Storm","Ball Lightning"],"picked":"SKIP","floor":18.0},{"not_picked":["Streamline","Cold Snap"],"picked":"Coolheaded","floor":23.0},{"not_picked":["Doom and Gloom","Leap+1"],"picked":"Gash+1","floor":25.0},{"not_picked":["Doom and Gloom","Redo+1"],"picked":"Fusion+1","floor":28.0},{"not_picked":["Biased Cognition","Cold Snap"],"picked":"BootSequence+1","floor":29.0},{"not_picked":["Heatsinks","Rebound"],"picked":"Cold Snap","floor":31.0},{"not_picked":["Biased Cognition","Core Surge"],"picked":"Echo Form","floor":33},{"not_picked":["Redo+1","Conserve Battery+1","Barrage"],"picked":"SKIP","floor":35},{"not_picked":["Cold Snap+1","Double Energy+1"],"picked":"Compile Driver+1","floor":39},{"not_picked":["Doom and Gloom","Chaos+1"],"picked":"All For One","floor":40},{"not_picked":["Conserve Battery+1","Consume+1"],"picked":"Glacier+1","floor":42},{"not_picked":["Leap+1","Steam+1"],"picked":"Aggregate+1","floor":46},{"not_picked":["Storm+1","Rebound"],"picked":"Hologram+1","floor":46},{"not_picked":["Stack+1","Barrage"],"picked":"Glacier+1","floor":46},{"not_picked":["Turbo+1","Darkness+1"],"picked":"Aggregate+1","floor":46},{"not_picked":["Lockon+1","Stack+1"],"picked":"Hyperbeam","floor":46},{"not_picked":["Auto Shields+1","Defragment","Recycle+1"],"picked":"SKIP","floor":47},{"not_picked":["Blizzard","Ball Lightning"],"picked":"All For One","floor":48}],"player_experience":685386,"relics_obtained":[{"floor":6.0,"key":"Pear"},{"floor":9.0,"key":"Darkstone Periapt"},{"floor":20.0,"key":"Nilry\u0027s Codex"},{"floor":23.0,"key":"Potion Belt"},{"floor":24.0,"key":"Bottled Flame"},{"floor":25.0,"key":"Toxic Egg 2"},{"floor":26.0,"key":"Matryoshka"},{"floor":40,"key":"Shuriken"},{"floor":43,"key":"Vajra"},{"floor":43,"key":"PreservedInsect"}],"event_choices":[{"damage_healed":0.0,"max_hp_gain":0.0,"max_hp_loss":0.0,"gold_gain":0.0,"event_name":"betterThird:BetterSerpent","player_choice":"RENOUNCE","floor":2.0,"gold_loss":144.0,"damage_taken":144.0,"cards_obtained":["Enlightenment"]},{"damage_healed":0.0,"max_hp_gain":0.0,"max_hp_loss":0.0,"gold_gain":0.0,"event_name":"Lab","player_choice":"Got Potions","floor":4.0,"gold_loss":0.0,"damage_taken":0.0},{"damage_healed":0.0,"max_hp_gain":0.0,"max_hp_loss":0.0,"gold_gain":0.0,"event_name":"betterThird:BetterWriting","player_choice":"Adaptability","floor":19.0,"gold_loss":0.0,"damage_taken":0.0},{"damage_healed":0.0,"max_hp_gain":0.0,"max_hp_loss":0.0,"gold_gain":0.0,"event_name":"Cursed Tome","player_choice":"Obtained Book","floor":20.0,"gold_loss":0.0,"damage_taken":16.0},{"damage_healed":0.0,"max_hp_gain":0.0,"max_hp_loss":0.0,"gold_gain":0.0,"event_name":"Vampires","player_choice":"Ignored","floor":21.0,"gold_loss":0.0,"damage_taken":0.0},{"cards_removed":["Barrage"],"damage_healed":0,"gold_gain":0,"player_choice":"Removed Attack","damage_taken":0,"max_hp_gain":0,"max_hp_loss":0,"event_name":"Falling","floor":37,"gold_loss":0},{"damage_healed":0,"gold_gain":0,"player_choice":"Copied","damage_taken":0,"max_hp_gain":0,"max_hp_loss":0,"event_name":"Duplicator","floor":45,"gold_loss":0,"cards_obtained":["Reprogram"]}],"is_beta":false,"boss_relics":[{"not_picked":["SlaversCollar","Philosopher\u0027s Stone"],"picked":"Fusion Hammer"},{"not_picked":["Nuclear Battery","Black Star"],"picked":"Astrolabe"}],"items_purged_floors":[],"is_endless":false,"potions_floor_spawned":[5,8,10,23,29,33,39,40],"ascension_level":0}}