{"host":"fghh6uc8siqeqraf","time":1610889256,"event":{"mods":["AchievementEnabler","BaseMod","Colored Powertips","Googly Eyes","Hermit","Jorbs\u0027s Wanderer Trilogy","Lobotomy","Marisa£®ÏF”Í°°ƒß¿Ì…≥£©","Minty Spire (QoL Compilation)","Quick Restart","Replay The Spire","Shop Mod","StSLib","The Bug Knight","The Cursed","The Hierophant","The Servant 0.9.4"],"gold_per_floor":[12,25,25,42,60,92,109,127,151,151,167,167,210,235,235,366,366,385,409,409,409,36,36,36,36],"floor_reached":24,"language":"ZHS","playtime":2325,"items_purged":["Strike_R+1"],"score":271,"play_id":"6adac240-c443-4c5d-a2be-35c7633d3df3","local_time":"20210117211416","is_ascension_mode":true,"campfire_choices":[{"data":"Feed","floor":12.0,"key":"SMITH"},{"data":"Dual Wield","floor":15.0,"key":"SMITH"},{"data":"Barricade","floor":23.0,"key":"SMITH"}],"circlet_count":0,"master_deck":["Strike_R+1","Strike_R+1","Strike_R+1","Defend_R+1","Defend_R+1","Defend_R+1","Defend_R+1","Bash","Feed+1","Metallicize","Cleave","Run Through","Cleave","Dual Wield+1","Flex","Barricade+1","Ghostly Armor+1","Warcry"],"relics":["Burning Blood","Replay:Wax Seal","Juzu Bracelet","Golden Idol","Pear","Replay:Bronze Core","CultistMask","TheAbacus","Tiny Chest"],"acts_visited":["Exordium","TheCity"],"potions_floor_usage":[24],"damage_taken":[{"damage":5.0,"enemies":"Cultist","floor":1.0,"turns":4.0},{"damage":0.0,"enemies":"2 Louse","floor":2.0,"turns":3.0},{"damage":2.0,"enemies":"Small Slimes","floor":4.0,"turns":3.0},{"damage":9.0,"enemies":"3 Louse","floor":5.0,"turns":3.0},{"damage":22.0,"enemies":"3 Sentries","floor":6.0,"turns":10.0},{"damage":20.0,"enemies":"Exordium Thugs","floor":7.0,"turns":8.0},{"damage":8.0,"enemies":"Gremlin Gang","floor":8.0,"turns":4.0},{"damage":6.0,"enemies":"Exordium Wildlife","floor":11.0,"turns":4.0},{"damage":21.0,"enemies":"Gremlin Nob","floor":13.0,"turns":4.0},{"damage":22.0,"enemies":"Exordium Thugs","floor":14.0,"turns":4.0},{"damage":27.0,"enemies":"The Guardian","floor":16.0,"turns":14.0},{"damage":58.0,"enemies":"Chosen","floor":18.0,"turns":12.0},{"damage":19.0,"enemies":"Shell Parasite","floor":19.0,"turns":10.0},{"damage":68,"enemies":"Book of Stabbing","floor":24,"turns":8}],"seed_played":"7279188607780554765","potions_obtained":[{"floor":2.0,"key":"BlessingOfTheForge"},{"floor":5.0,"key":"PowerPotion"},{"floor":6.0,"key":"BloodPotion"},{"floor":11.0,"key":"Swift Potion"},{"floor":13.0,"key":"Weak Potion"},{"floor":18.0,"key":"Explosive Potion"}],"is_trial":false,"path_per_floor":["M","M","?","M","M","E","M","M","T","?","M","R","E","M","R","B",null,"M","M","?","?","$","R","E"],"character_chosen":"IRONCLAD","items_purchased":["TheAbacus","Tiny Chest"],"campfire_rested":0,"item_purchase_floors":[22,22],"current_hp_per_floor":[83,86,86,89,89,76,65,66,66,41,64,64,59,47,47,30,122,74,65,65,65,65,65,0,0],"gold":36,"neow_bonus":"THREE_RARE_CARDS","is_daily":false,"chose_seed":false,"campfire_upgraded":3,"win_rate":0.0,"timestamp":1610889256,"path_taken":["M","M","?","M","M","E","M","M","T","?","M","R","E","M","R","BOSS","M","M","?","?","$","R","E"],"items_purchased_type":["Relic","Relic"],"build_version":"2020-12-22","purchased_purges":1,"victory":false,"max_hp_per_floor":[83,86,86,89,92,95,98,101,101,101,104,104,114,118,118,122,122,126,130,130,130,130,130,130,130],"card_choices":[{"not_picked":["Double Tap","Bludgeon"],"picked":"Feed","floor":0.0},{"not_picked":["Cleave","Thunderclap"],"picked":"Metallicize","floor":1.0},{"not_picked":["Entrench","Armaments"],"picked":"Cleave","floor":2.0},{"not_picked":["Hemogenesis","Perfected Strike","Life Link"],"picked":"SKIP","floor":4.0},{"not_picked":["Iron Wave","Replay:Undeath\u0027s Touch"],"picked":"Run Through","floor":5.0},{"not_picked":["Sever Soul","Body Slam","Rupture"],"picked":"SKIP","floor":6.0},{"not_picked":["Body Slam","Intimidate"],"picked":"Cleave","floor":7.0},{"not_picked":["Entrench","Iron Wave","Second Wind"],"picked":"SKIP","floor":8.0},{"not_picked":["Sword Boomerang","Twin Strike","Hemokinesis"],"picked":"SKIP","floor":11.0},{"not_picked":["Clothesline","Juggernaut"],"picked":"Dual Wield","floor":13.0},{"not_picked":["Clash","Wild Strike"],"picked":"Flex","floor":14.0},{"not_picked":["Eclipse","Fiend Fire"],"picked":"Barricade","floor":16.0},{"not_picked":["ReplayTheSpireMod:Limb From Limb","Spot Weakness"],"picked":"Ghostly Armor+1","floor":18.0},{"not_picked":["Life Link","ReplayTheSpireMod:Strike From Hell"],"picked":"Warcry","floor":19.0}],"player_experience":84959,"relics_obtained":[{"floor":6.0,"key":"Replay:Wax Seal"},{"floor":9.0,"key":"Juzu Bracelet"},{"floor":13.0,"key":"Pear"}],"event_choices":[{"cards_removed":["Strike_R"],"damage_healed":0.0,"max_hp_gain":0.0,"max_hp_loss":0.0,"gold_gain":0.0,"event_name":"Living Wall","player_choice":"Forget","floor":3.0,"gold_loss":0.0,"damage_taken":0.0},{"damage_healed":0.0,"max_hp_gain":0.0,"max_hp_loss":0.0,"gold_gain":0.0,"event_name":"Golden Idol","player_choice":"Take Damage","floor":10.0,"gold_loss":0.0,"damage_taken":25.0,"relics_obtained":["Golden Idol"]},{"damage_healed":0.0,"max_hp_gain":0.0,"max_hp_loss":0.0,"gold_gain":0.0,"event_name":"FaceTrader","player_choice":"Trade","floor":20.0,"gold_loss":0.0,"damage_taken":0.0,"relics_obtained":["CultistMask"]},{"damage_healed":0.0,"max_hp_gain":0.0,"max_hp_loss":0.0,"gold_gain":0.0,"event_name":"Back to Basics","player_choice":"Simplicity","floor":21.0,"gold_loss":0.0,"damage_taken":0.0,"cards_upgraded":["Strike_R","Strike_R","Strike_R","Strike_R","Defend_R","Defend_R","Defend_R","Defend_R"]}],"is_beta":false,"boss_relics":[{"not_picked":["Runic Cube","Fusion Hammer"],"picked":"Replay:Bronze Core"}],"items_purged_floors":[22],"is_endless":false,"potions_floor_spawned":[2,5,6,11,13,18],"killed_by":"Book of Stabbing","ascension_level":1}}