{"host":"dn6kke80v5f7isus","time":1610917668,"event":{"mods":["AchievementEnabler","Act Like it!","BaseMod","Colored Powertips","Custom Start","Defuse TimeMaze Blight","Duelist Mod","Gremlin Skip","Highlight Path","Hubris","Infinite Spire","Minty Spire (QoL Compilation)","Rare Cards Sparkle","Replay The Spire","StSLib","Uncapped"],"gold_per_floor":[137,154,154,154,164,193,193,203,203,203,203],"floor_reached":10,"language":"ENG","playtime":596,"items_purged":[],"score":71,"play_id":"9378ba31-8b2b-4fa0-993f-56b4f3bca9e9","local_time":"20210117160748","is_ascension_mode":true,"campfire_choices":[{"data":"theDuelist:FluteKuriboh","floor":7,"key":"SMITH"}],"circlet_count":0,"master_deck":["theDuelist:CastleWalls","theDuelist:CastleWalls","theDuelist:Fissure","theDuelist:FluteKuriboh+1","theDuelist:FluteKuriboh","theDuelist:Relinkuriboh","theDuelist:Sparks","theDuelist:WingedKuriboh","theDuelist:WingedKuriboh","theDuelist:JunkKuriboh","theDuelist:SilverApples"],"relics":["theDuelist:MillenniumPuzzle","theDuelist:CardPoolRelic","theDuelist:CardPoolBasicRelic","theDuelist:BoosterPackPoolRelic","theDuelist:CardPoolAddRelic","theDuelist:CardPoolMinusRelic","theDuelist:CardPoolSaveRelic","theDuelist:CardPoolOptionsRelic","theDuelist:MerchantNecklace","infinitespire:CheckeredPen"],"acts_visited":["Exordium"],"potions_floor_usage":[6],"damage_taken":[{"damage":14,"enemies":"Jaw Worm","floor":1,"turns":4},{"damage":0,"enemies":"2 Louse","floor":2,"turns":2},{"damage":0,"enemies":"Cultist","floor":5,"turns":4},{"damage":16,"enemies":"Gremlin Nob","floor":6,"turns":4},{"damage":5,"enemies":"Looter","floor":8,"turns":3},{"damage":9,"enemies":"Replay:BlueRogue","floor":10,"turns":2}],"seed_played":"6952106498178067337","potions_obtained":[{"floor":2,"key":"Weak Potion"},{"floor":8,"key":"Ancient Potion"}],"is_trial":false,"path_per_floor":["M","M","?","?","M","E","R","M","T","E"],"character_chosen":"THE_DUELIST","items_purchased":[],"campfire_rested":0,"item_purchase_floors":[],"current_hp_per_floor":[66,66,66,66,66,50,50,45,45,36,36],"gold":203,"neow_bonus":"RANDOM_EVENT","is_daily":false,"chose_seed":false,"campfire_upgraded":1,"win_rate":0.0,"timestamp":1610917668,"path_taken":["M","M","?","?","M","E","R","M","T","E"],"items_purchased_type":[],"build_version":"2020-12-22","purchased_purges":0,"victory":false,"max_hp_per_floor":[80,80,80,76,76,76,76,76,76,76,76],"card_choices":[{"not_picked":["theDuelist:GeminiElf","theDuelist:CosmoBrain","theDuelist:RainbowKuriboh","theDuelist:RainbowKuriboh","theDuelist:RainbowOverdragon"],"picked":"SKIP","floor":1},{"not_picked":["theDuelist:CrossSwordBeetle","theDuelist:Relinkuriboh","theDuelist:FluteKuriboh","theDuelist:SilverApples"],"picked":"theDuelist:JunkKuriboh","floor":2},{"not_picked":["theDuelist:BlueBloodedOni","theDuelist:GreyGreedOni","theDuelist:PurplePainOni","theDuelist:RainbowOverdragon","theDuelist:RedHeadedOni"],"picked":"SKIP","floor":5},{"not_picked":["theDuelist:DestroyerGolem","theDuelist:GilfordLegend","theDuelist:MudGolem","theDuelist:WormWarlord","theDuelist:ForbiddenLance"],"picked":"SKIP","floor":6},{"not_picked":["theDuelist:Relinkuriboh","theDuelist:CrossSwordBeetle","theDuelist:DarkFusion","theDuelist:FluteKuriboh"],"picked":"theDuelist:SilverApples","floor":8}],"player_experience":559669,"relics_obtained":[{"floor":6,"key":"theDuelist:MerchantNecklace"},{"floor":9,"key":"infinitespire:CheckeredPen"}],"event_choices":[{"cards_removed":["theDuelist:Sparks"],"damage_healed":0,"gold_gain":0,"player_choice":"Forget","damage_taken":0,"max_hp_gain":0,"max_hp_loss":0,"event_name":"Living Wall","floor":0,"gold_loss":0},{"damage_healed":0,"gold_gain":0,"player_choice":"Leave","duelist":true,"damage_taken":0,"max_hp_gain":0,"max_hp_loss":0,"event_name":"Relic Duplicator","floor":3,"gold_loss":0},{"damage_healed":0,"gold_gain":0,"player_choice":"Brew - 2x Potion Slots","duelist":true,"damage_taken":0,"max_hp_gain":0,"max_hp_loss":0,"event_name":"Aknamkanon\u0027s Tomb","floor":4,"gold_loss":0}],"is_beta":false,"boss_relics":[],"items_purged_floors":[],"is_endless":false,"potions_floor_spawned":[2,8],"killed_by":"Replay:BlueRogue","ascension_level":1}}