{"host":"d5i1qeb9dejicw1z","time":1610862830,"event":{"mods":["AchievementEnabler","BaseMod","Better Note","BetterRewards","Downfall","Gold Saver","Hermit","Minty Spire (QoL Compilation)","StSLib"],"gold_per_floor":[1428,1428,1138,1138,1150,1150,1150,1150,1162,1162,751,751,771,797,811,914,914,914,927,697,697,714,714,738,738,738,738,755,755,767,298,314,314,314,314],"floor_reached":33,"language":"ENG","playtime":1971,"items_purged":["hexamod:Defend"],"score":293,"play_id":"4640a966-faea-489d-9354-2cbd10b605b1","local_time":"20210116215350","is_ascension_mode":false,"campfire_choices":[{"data":"hexamod:Float","floor":1,"key":"SMITH"},{"data":"hexamod:GhostOfSpireFuture","floor":6,"key":"SMITH"},{"data":"hexamod:Sear","floor":8,"key":"SMITH"},{"data":"hexamod:HeatCrush","floor":12,"key":"SMITH"},{"data":"hexamod:InspiringFlames","floor":18,"key":"SMITH"},{"data":"hexamod:AdvancingGuard","floor":23,"key":"SMITH"},{"data":"hexamod:InspiringFlames","floor":25,"key":"SMITH"}],"circlet_count":0,"master_deck":["hexamod:Strike+1","hexamod:Strike+1","hexamod:Strike+1","hexamod:Strike","hexamod:Defend+1","hexamod:Defend","hexamod:Defend","hexamod:Sear+1","hexamod:Float+1","hexamod:Sear+1","hexamod:VolcanoVisage+1","hexamod:GhostOfSpireFuture+1","hexamod:InspiringFlames+1","expansioncontent:QuickStudy+1","hexamod:HeatCrush+1","hexamod:InspiringFlames+1","hexamod:Incineration","hexamod:HexaLevel+1","hexamod:FifthSeal","hexamod:EtherealExpedition+1","hexamod:FastForward+1","hexamod:SixthSeal","hexamod:ExtraCrispy+1","expansioncontent:DashGenerateEvil+1","hexamod:AdvancingGuard+1","hexamod:EmpoweredFlame+1","hexamod:EmpoweredFlame+1","hexamod:NightmareGuise+1","hexamod:Hexaguard","hexamod:RadiantFlame+1","hexamod:SoulSteal"],"relics":["hexamod:SpiritBrand","Whetstone","Frozen Egg 2","Lee\u0027s Waffle","Happy Flower","Black Star","Strawberry","MutagenicStrength","War Paint","Mango"],"acts_visited":["Exordium","TheCity"],"potions_floor_usage":[11,11,14,30,31,33,33,33],"damage_taken":[{"damage":5,"enemies":"downfall:FleeingMerchant","floor":3,"turns":4},{"damage":1,"enemies":"Jaw Worm","floor":5,"turns":4},{"damage":0,"enemies":"Cultist","floor":9,"turns":3},{"damage":2,"enemies":"downfall:FleeingMerchant","floor":11,"turns":4},{"damage":3,"enemies":"2 Louse","floor":13,"turns":3},{"damage":1,"enemies":"Gremlin Nob","floor":14,"turns":3},{"damage":8,"enemies":"Red Slaver","floor":15,"turns":4},{"damage":13,"enemies":"SI_SHIV_ARCHETYPE","floor":16,"turns":6},{"damage":21,"enemies":"3 Byrds","floor":19,"turns":5},{"damage":12,"enemies":"downfall:FleeingMerchant","floor":20,"turns":4},{"damage":2,"enemies":"Cultist and Chosen","floor":22,"turns":6},{"damage":12,"enemies":"Centurion and Healer","floor":28,"turns":5},{"damage":4,"enemies":"Snecko","floor":30,"turns":7},{"damage":0,"enemies":"downfall:FleeingMerchant","floor":31,"turns":4},{"damage":0,"enemies":"3 Cultists","floor":32,"turns":3},{"damage":67,"enemies":"IC_MUSHROOM_ARCHETYPE","floor":33,"turns":8}],"seed_played":"-7479131718718981460","potions_obtained":[{"floor":5,"key":"hexamod:SoulburnPotion"},{"floor":13,"key":"FearPotion"},{"floor":16,"key":"Ancient Potion"},{"floor":22,"key":"Guardian:BlockOnCardUsePotion"},{"floor":28,"key":"SteroidPotion"},{"floor":30,"key":"LiquidBronze"},{"floor":32,"key":"Explosive Potion"}],"is_trial":false,"path_per_floor":["R","?","$","?","M","R","T","R","M","?","$","R","M","E","M","B",null,"R","M","$","?","M","R","T","R","?","?","M","?","M","$","M","B"],"character_chosen":"THE_SPIRIT","items_purchased":["Whetstone","PowerPotion","expansioncontent:QuickStudy+1","hexamod:HeatCrush","Lee\u0027s Waffle","hexamod:ExtraCrispy+1","expansioncontent:DashGenerateEvil+1","hexamod:RadiantFlame+1","Mango","hexamod:SoulSteal"],"campfire_rested":0,"item_purchase_floors":[3,3,11,11,11,20,20,31,31,31],"current_hp_per_floor":[77,77,72,72,71,71,71,71,71,71,84,84,81,80,72,59,84,84,63,51,51,49,49,56,56,56,56,44,44,40,54,54,0,0,0],"gold":314,"neow_bonus":"TEN_PERCENT_HP_BONUS","is_daily":false,"chose_seed":false,"campfire_upgraded":7,"win_rate":0.0,"timestamp":1610862830,"path_taken":["R","?","?","?","?","R","T","R","M","?","$","R","M","E","M","BOSS","R","M","$","?","M","R","T","R","?","?","M","?","?","?","M","BOSS"],"items_purchased_type":["Relic","Potion","Card","Card","Relic","Card","Card","Card","Relic","Card"],"build_version":"2020-12-22","purchased_purges":1,"victory":false,"max_hp_per_floor":[77,77,77,77,77,77,77,77,77,77,84,84,84,84,84,84,84,84,84,84,84,84,84,91,91,91,91,91,91,91,105,105,105,105,105],"card_choices":[{"not_picked":["hexamod:Rewind","hexamod:ThermalTransfer"],"picked":"hexamod:VolcanoVisage","floor":3},{"not_picked":["hexamod:ChargedBarrage","hexamod:SpectralAdrenaline"],"picked":"hexamod:GhostOfSpireFuture","floor":5},{"not_picked":["hexamod:NightmareStrike","hexamod:SwordOfDarkness"],"picked":"hexamod:InspiringFlames","floor":9},{"not_picked":["hexamod:ShieldOfDarkness","hexamod:Hexaguard","hexamod:RainOfEmbers"],"picked":"SKIP","floor":11},{"not_picked":["hexamod:SwordOfDarkness","hexamod:SecondSeal"],"picked":"hexamod:InspiringFlames","floor":13},{"not_picked":["hexamod:SecondSeal","hexamod:GhostLash"],"picked":"hexamod:Incineration","floor":14},{"not_picked":["hexamod:HeatMetal","hexamod:EtherealExpedition"],"picked":"hexamod:HexaLevel+1","floor":15},{"not_picked":["hexamod:TurnItUp","hexamod:TimeOfNeed"],"picked":"hexamod:FifthSeal","floor":16},{"not_picked":["hexamod:Haunt","hexamod:GhostShield+1"],"picked":"hexamod:EtherealExpedition+1","floor":19},{"not_picked":["hexamod:GhostShield","hexamod:HauntingEcho"],"picked":"hexamod:FastForward+1","floor":20},{"not_picked":["hexamod:FourthSeal","hexamod:ThirdSeal"],"picked":"hexamod:SixthSeal","floor":20},{"not_picked":["hexamod:NightmareStrike","hexamod:SkipABeat"],"picked":"hexamod:AdvancingGuard","floor":22},{"not_picked":["hexamod:HeatMetal","hexamod:ThirdSeal"],"picked":"hexamod:EmpoweredFlame+1","floor":28},{"not_picked":["hexamod:ThermalTransfer","hexamod:SecondSeal"],"picked":"hexamod:NightmareGuise+1","floor":30},{"not_picked":["hexamod:HeatMetal","hexamod:GhostOfSpireFuture+1"],"picked":"hexamod:Hexaguard","floor":31},{"not_picked":["hexamod:SwordOfDarkness","hexamod:BacktrackSmack","hexamod:HeatShield"],"picked":"SKIP","floor":32}],"player_experience":1209848,"relics_obtained":[{"floor":7,"key":"Frozen Egg 2"},{"floor":14,"key":"Happy Flower"},{"floor":24,"key":"Strawberry"},{"floor":29,"key":"War Paint"}],"event_choices":[{"damage_healed":0,"gold_gain":0,"player_choice":"Forge","damage_taken":0,"max_hp_gain":0,"max_hp_loss":0,"event_name":"Accursed Blacksmith","floor":4,"gold_loss":0,"cards_upgraded":["hexamod:VolcanoVisage"]},{"cards_removed":["hexamod:Incineration"],"damage_healed":0,"gold_gain":0,"player_choice":"Give","damage_taken":0,"max_hp_gain":0,"max_hp_loss":0,"event_name":"betterNote:BetterNote","floor":21,"gold_loss":0,"cards_obtained":["Guardian:Strike_Guardian"]},{"damage_healed":0,"gold_gain":0,"player_choice":"Inject Mutagens","damage_taken":0,"relics_obtained":["MutagenicStrength"],"max_hp_gain":0,"max_hp_loss":0,"event_name":"Drug Dealer","floor":26,"gold_loss":0},{"damage_healed":0,"gold_gain":0,"player_choice":"Read","damage_taken":0,"max_hp_gain":0,"max_hp_loss":0,"event_name":"The Library","floor":27,"gold_loss":0,"cards_obtained":["hexamod:EmpoweredFlame"]},{"damage_healed":0,"gold_gain":0,"player_choice":"Relic","damage_taken":0,"max_hp_gain":0,"max_hp_loss":0,"event_name":"Wheel of Change","floor":29,"gold_loss":0}],"is_beta":false,"boss_relics":[{"not_picked":["Calling Bell","Busted Crown"],"picked":"Black Star"}],"items_purged_floors":[3],"is_endless":false,"potions_floor_spawned":[5,13,16,22,28,30,32],"killed_by":"IC_MUSHROOM_ARCHETYPE","ascension_level":0}}