{"host":"emw2hz5jk2llz0ec","time":1610869478,"event":{"mods":["AchievementEnabler","BaseMod","Colored Map","Colored Powertips","Highlight Path","Minty Spire (QoL Compilation)","Quick Restart","Relic Stats","StSLib","SuperFastMode","¡¾¹¦ÄÜMod¡¿Neow½±Àø"],"gold_per_floor":[362,382,393,406,406,178,178,201,201,216,216,216,231,33,33,33,33],"floor_reached":16,"language":"ZHS","playtime":1051,"items_purged":["Strike_R","Strike_R"],"score":144,"play_id":"37fbff2c-95ea-49e3-a04c-b64274fb599f","local_time":"20210117154438","is_ascension_mode":false,"campfire_choices":[{"data":"Second Wind","floor":7.0,"key":"SMITH"},{"floor":15.0,"key":"REST"}],"circlet_count":0,"master_deck":["Strike_R","Strike_R","Strike_R","Defend_R","Defend_R","Defend_R","Defend_R","Bash","Rupture","Second Wind+1","Fire Breathing","Feel No Pain","Wild Strike"],"relics":["Burning Blood","Golden Idol","Tiny Chest","Singing Bowl","Akabeko","Pear"],"acts_visited":["Exordium"],"potions_floor_usage":[],"damage_taken":[{"damage":3.0,"enemies":"2 Louse","floor":1.0,"turns":4.0},{"damage":3.0,"enemies":"Jaw Worm","floor":2.0,"turns":4.0},{"damage":0.0,"enemies":"Small Slimes","floor":3.0,"turns":3.0},{"damage":4.0,"enemies":"2 Fungi Beasts","floor":4.0,"turns":4.0},{"damage":4.0,"enemies":"3 Louse","floor":8.0,"turns":5.0},{"damage":35.0,"enemies":"Exordium Wildlife","floor":10.0,"turns":7.0},{"damage":10.0,"enemies":"Looter","floor":13.0,"turns":3.0},{"damage":0,"enemies":"The Guardian","floor":16,"turns":1}],"seed_played":"-684142176978274395","potions_obtained":[{"floor":1.0,"key":"SkillPotion"},{"floor":2.0,"key":"LiquidBronze"},{"floor":10.0,"key":"Swift Potion"}],"is_trial":false,"path_per_floor":["M","M","M","M","?","$","R","M","T","M","?","T","M","$","R","B"],"character_chosen":"IRONCLAD","items_purchased":["Tiny Chest","Feel No Pain","Wild Strike"],"campfire_rested":1,"item_purchase_floors":[6,14,14],"current_hp_per_floor":[72,72,72,72,54,54,54,56,56,29,11,21,19,19,44,44,44],"gold":33,"neow_bonus":"TWO_FIFTY_GOLD","is_daily":false,"chose_seed":false,"campfire_upgraded":1,"win_rate":0.0,"timestamp":1610869478,"path_taken":["M","M","M","M","?","$","R","M","T","M","?","?","M","$","R","BOSS"],"items_purchased_type":["Relic","Card","Card"],"build_version":"2020-12-22","purchased_purges":2,"victory":false,"max_hp_per_floor":[72,72,72,72,72,72,72,72,72,74,74,84,86,86,86,86,86],"relic_stats":{"Singing Bowl":4,"counters":[8,31],"Golden Idol":11,"Tiny Chest":0,"obtain_stats":[{"Pear":12,"Singing Bowl":9,"Golden Idol":5,"Tiny Chest":6,"Burning Blood":0,"Akabeko":11},{"Pear":6,"Singing Bowl":5,"Golden Idol":4,"Tiny Chest":4,"Burning Blood":0,"Akabeko":6},{"Pear":27,"Singing Bowl":20,"Golden Idol":15,"Tiny Chest":15,"Burning Blood":0,"Akabeko":27}],"Burning Blood":28},"card_choices":[{"not_picked":["Blood for Blood","Clash"],"picked":"Rupture","floor":1.0},{"not_picked":["Perfected Strike","Rampage","Wild Strike"],"picked":"SKIP","floor":2.0},{"not_picked":["Thunderclap","Twin Strike"],"picked":"Second Wind","floor":3.0},{"not_picked":["Clothesline","Rupture","True Grit"],"picked":"SKIP","floor":4.0},{"not_picked":["Seeing Red","Clash"],"picked":"Fire Breathing","floor":8.0},{"not_picked":["Shrug It Off","Demon Form","Clash"],"picked":"Singing Bowl","floor":10.0},{"not_picked":["Thunderclap","Flex","Havoc"],"picked":"Singing Bowl","floor":13.0}],"player_experience":304557,"relics_obtained":[{"floor":9.0,"key":"Singing Bowl"},{"floor":12.0,"key":"Pear"}],"event_choices":[{"damage_healed":0.0,"max_hp_gain":0.0,"max_hp_loss":0.0,"gold_gain":0.0,"event_name":"Golden Idol","player_choice":"Take Damage","floor":5.0,"gold_loss":0.0,"damage_taken":18.0,"relics_obtained":["Golden Idol"]},{"damage_healed":0.0,"max_hp_gain":0.0,"max_hp_loss":0.0,"gold_gain":0.0,"event_name":"Scrap Ooze","player_choice":"Success","floor":11.0,"gold_loss":0.0,"damage_taken":18.0,"relics_obtained":["Akabeko"]}],"is_beta":false,"boss_relics":[],"items_purged_floors":[6,14],"is_endless":false,"potions_floor_spawned":[1,2,10],"killed_by":"The Guardian","ascension_level":0}}