{"host":"o8ich17pcr9p9m1c","time":1610893090,"event":{"mods":["Ascension Unlocker","BaseMod","Block Reminder","Colored Map","Colored Powertips","DeckTracker","Highlight Path","Minty Spire (QoL Compilation)","Quick Restart","Random Character Button","StSLib","SuperFastMode","UnlockEverythingMod"],"gold_per_floor":[114,10,10,10,30,30,30,30,104,104,104],"floor_reached":10,"language":"JPN","playtime":235,"items_purged":["Pain"],"score":108,"play_id":"ff729721-d365-4e50-93e6-d4d134abf420","local_time":"20210117231810","is_ascension_mode":true,"campfire_choices":[{"data":"FlyingSleeves","floor":6,"key":"SMITH"},{"data":"Meditate","floor":8,"key":"SMITH"}],"circlet_count":0,"master_deck":["AscendersBane","Strike_P","Strike_P","Strike_P","Strike_P","Defend_P","Defend_P","Defend_P","Defend_P","Eruption","Vigilance","SashWhip+1","FlyingSleeves+1","Meditate+1"],"relics":["PureWater","Gambling Chip","TeardropLocket","Letter Opener"],"acts_visited":["Exordium"],"potions_floor_usage":[],"damage_taken":[{"damage":2,"enemies":"Small Slimes","floor":1,"turns":4},{"damage":0,"enemies":"2 Louse","floor":5,"turns":2},{"damage":40,"enemies":"3 Sentries","floor":10,"turns":7}],"seed_played":"-7034513433240123014","potions_obtained":[{"floor":1,"key":"StancePotion"}],"is_trial":false,"path_per_floor":["M","$","?","?","M","R","?","R","T","E"],"character_chosen":"WATCHER","items_purchased":["FlyingSleeves"],"campfire_rested":0,"item_purchase_floors":[2],"current_hp_per_floor":[59,59,33,33,33,33,38,38,38,0,0],"gold":104,"neow_bonus":"ONE_RARE_RELIC","is_daily":false,"chose_seed":false,"campfire_upgraded":2,"win_rate":0.0,"timestamp":1610893090,"path_taken":["M","$","?","?","M","R","?","R","T","E"],"items_purchased_type":["Card"],"build_version":"2020-12-22","purchased_purges":1,"victory":false,"max_hp_per_floor":[68,68,68,68,68,68,73,73,73,73,73],"card_choices":[{"not_picked":["EmptyBody","Sanctity"],"picked":"SashWhip","floor":1},{"not_picked":["ForeignInfluence","InnerPeace"],"picked":"Meditate","floor":5}],"player_experience":6966,"relics_obtained":[{"floor":9,"key":"Letter Opener"}],"event_choices":[{"damage_healed":0,"gold_gain":0,"player_choice":"Success","damage_taken":26,"relics_obtained":["TeardropLocket"],"max_hp_gain":0,"max_hp_loss":0,"event_name":"Scrap Ooze","floor":3,"gold_loss":0},{"damage_healed":0,"gold_gain":0,"player_choice":"Grow","damage_taken":0,"max_hp_gain":0,"max_hp_loss":0,"event_name":"Living Wall","floor":4,"gold_loss":0,"cards_upgraded":["SashWhip"]},{"damage_healed":0,"gold_gain":0,"player_choice":"Donut","damage_taken":0,"max_hp_gain":5,"max_hp_loss":0,"event_name":"Big Fish","floor":7,"gold_loss":0}],"is_beta":false,"boss_relics":[],"items_purged_floors":[2],"is_endless":false,"potions_floor_spawned":[1],"killed_by":"3 Sentries","ascension_level":20}}