{"host":"Ringo","time":1610904272,"event":{"mods":["BaseMod","Colored Map","Conspire","Dota2Spire","Minty Spire (QoL Compilation)","StSLib","[IsaacMod]ÒÔÈö¼âËþ","¡¾ÒÅÎï¿¨ÅÆ¡¿REMEMod"],"gold_per_floor":[115,202,3,16,16,43,70,103,243,269,7,7,69,151,151,228,228,245,263,290,14,27,59,59,87,110,110,144,170,170,202,202,275,275,294,313,324,324,324,352,352,33,33,61,73,105,134,160,172,184,196],"floor_reached":52,"language":"ZHS","playtime":1323,"items_purged":[],"score":3271,"play_id":"d30c0fd7-0c63-477a-9000-9a2361fe14ae","local_time":"20210118012432","daily_mods":["SealedDeck","Vintage","Diverse","Heirloom","Time Dilation","Flight","DeadlyEvents","Elite Swarm","Lethality","Binary"],"is_ascension_mode":true,"campfire_choices":[{"data":"Double Energy","floor":12,"key":"SMITH"},{"data":"Dagger Spray","floor":15,"key":"SMITH"},{"data":"Immolate","floor":24,"key":"SMITH"},{"data":"Evaluate","floor":27,"key":"SMITH"},{"data":"Dagger Throw","floor":30,"key":"SMITH"},{"data":"Melter","floor":32,"key":"SMITH"},{"data":"Dropkick","floor":41,"key":"SMITH"},{"data":"Rage","floor":49,"key":"SMITH"}],"circlet_count":0,"master_deck":["AscendersBane","Rage+1","Cold Snap","Evaluate+1","Dropkick+1","FlyingSleeves","Conserve Battery","Melter+1","Anger","Double Energy+1","Dagger Throw+1","Immolate+1","Dagger Spray+1"],"relics":["Burning Blood","Busted Crown","HushsDoor","REME_ComplimentaryCards","REME_IWantAll","Anchor","Dota2Spire:PowerTreads","Oddly Smooth Stone","Dota2Spire:MonkeyKingBar","Dota2Spire:PhaseBoots","Bag of Marbles","MealTicket","Molten Egg 2","Mango","Bottled Flame","Strawberry","BloodBag","Torii","MagicMushroom","Bronze Scales","Vajra","Red Mask","Kunai","Dota2Spire:UrnOfShadows","Pocketwatch","DeathBook","conspire:TopHat","StoneCalendar","Dota2Spire:ArmletOfMordiggian","Sundial","SlaversCollar","REME_LimitBreaker","Dota2Spire:MagicBottle","Dota2Spire:LotusOrb","Blood Vial","Ice Cream","conspire:BottledYoYo","Frozen Egg 2","MawBank","Smiling Mask","Bag of Preparation","HornCleat"],"acts_visited":["Exordium","TheCity","TheBeyond"],"potions_floor_usage":[50,51],"damage_taken":[{"damage":0,"enemies":"2 Louse","floor":1,"turns":1},{"damage":0,"enemies":"Cultist","floor":2,"turns":2},{"damage":0,"enemies":"Jaw Worm","floor":4,"turns":2},{"damage":0,"enemies":"Lagavulin","floor":6,"turns":2},{"damage":0,"enemies":"Gremlin Nob","floor":7,"turns":1},{"damage":0,"enemies":"Lagavulin","floor":8,"turns":2},{"damage":0,"enemies":"3 Sentries","floor":10,"turns":1},{"damage":0,"enemies":"Lagavulin","floor":13,"turns":1},{"damage":0,"enemies":"2 Fungi Beasts","floor":14,"turns":1},{"damage":0,"enemies":"Slime Boss","floor":16,"turns":1},{"damage":0,"enemies":"Spheric Guardian","floor":18,"turns":1},{"damage":0,"enemies":"3 Byrds","floor":19,"turns":1},{"damage":0,"enemies":"Masked Bandits","floor":20,"turns":1},{"damage":0,"enemies":"Cultist and Chosen","floor":22,"turns":1},{"damage":0,"enemies":"Gremlin Leader","floor":23,"turns":2},{"damage":0,"enemies":"Book of Stabbing","floor":25,"turns":1},{"damage":0,"enemies":"Gremlin Leader","floor":28,"turns":1},{"damage":0,"enemies":"Slavers","floor":29,"turns":1},{"damage":0,"enemies":"Gremlin Leader","floor":31,"turns":1},{"damage":0,"enemies":"conspire:MysteriousRune","floor":33,"turns":3},{"damage":0,"enemies":"Orb Walker","floor":35,"turns":1},{"damage":0,"enemies":"3 Darklings","floor":36,"turns":1},{"damage":0,"enemies":"Transient","floor":37,"turns":6},{"damage":0,"enemies":"Nemesis","floor":40,"turns":1},{"damage":0,"enemies":"Giant Head","floor":44,"turns":3},{"damage":0,"enemies":"Writhing Mass","floor":45,"turns":1},{"damage":0,"enemies":"Spire Growth","floor":46,"turns":1},{"damage":0,"enemies":"Jaw Worm Horde","floor":47,"turns":1},{"damage":0,"enemies":"3 Darklings","floor":48,"turns":1},{"damage":0,"enemies":"Donu and Deca","floor":50,"turns":3},{"damage":0,"enemies":"Awakened One","floor":51,"turns":3}],"seed_played":"4851710896847187986","potions_obtained":[{"floor":2,"key":"DistilledChaos"},{"floor":10,"key":"FairyPotion"},{"floor":31,"key":"DistilledChaos"}],"is_trial":true,"path_per_floor":["M","M","$","M","?","E","E","E","T","E","$","R","E","M","R","B",null,"M","M","?","$","M","E","R","E","T","R","E","E","R","E","R","B",null,"M","M","M","$","?","E","R","$","T","E","M","M","M","M","R","B","B",null],"character_chosen":"IRONCLAD","items_purchased":["Oddly Smooth Stone","Dagger Spray","Bottled Flame","Kunai","Ice Cream"],"campfire_rested":0,"item_purchase_floors":[3,3,11,21,42],"current_hp_per_floor":[74,70,68,74,59,65,71,75,54,74,87,87,95,101,101,103,110,110,110,110,110,110,110,110,110,110,110,110,110,110,110,110,110,110,110,110,110,110,95,101,101,110,110,110,110,110,110,110,110,110,110],"gold":208,"neow_bonus":"","is_daily":false,"chose_seed":false,"campfire_upgraded":8,"win_rate":0.0,"timestamp":1610904272,"path_taken":["M","M","$","M","?","E","E","E","T","E","$","R","E","M","R","BOSS","M","M","?","$","?","E","R","E","T","R","E","E","R","E","R","BOSS","M","M","M","$","?","E","R","$","T","E","M","M","?","M","R","BOSS","BOSS"],"items_purchased_type":["Relic","Card","Relic","Relic","Relic"],"build_version":"2020-12-18","purchased_purges":0,"victory":true,"max_hp_per_floor":[75,75,75,75,75,75,75,75,75,89,89,89,96,103,103,103,110,110,110,110,110,110,110,110,110,110,110,110,110,110,110,110,110,110,110,110,110,110,110,110,110,110,110,110,110,110,110,110,110,110,110],"card_choices":[],"player_experience":524177,"relics_obtained":[{"floor":1,"key":"Anchor"},{"floor":2,"key":"Dota2Spire:PowerTreads"},{"floor":4,"key":"Dota2Spire:MonkeyKingBar"},{"floor":6,"key":"Dota2Spire:PhaseBoots"},{"floor":7,"key":"Bag of Marbles"},{"floor":8,"key":"MealTicket"},{"floor":9,"key":"Molten Egg 2"},{"floor":10,"key":"Mango"},{"floor":13,"key":"Strawberry"},{"floor":14,"key":"Torii"},{"floor":18,"key":"Bronze Scales"},{"floor":19,"key":"Vajra"},{"floor":20,"key":"Red Mask"},{"floor":22,"key":"Dota2Spire:UrnOfShadows"},{"floor":23,"key":"Pocketwatch"},{"floor":25,"key":"DeathBook"},{"floor":26,"key":"conspire:TopHat"},{"floor":28,"key":"StoneCalendar"},{"floor":29,"key":"Dota2Spire:ArmletOfMordiggian"},{"floor":31,"key":"Sundial"},{"floor":35,"key":"REME_LimitBreaker"},{"floor":36,"key":"Dota2Spire:MagicBottle"},{"floor":37,"key":"Dota2Spire:LotusOrb"},{"floor":40,"key":"Blood Vial"},{"floor":43,"key":"conspire:BottledYoYo"},{"floor":44,"key":"Frozen Egg 2"},{"floor":45,"key":"MawBank"},{"floor":46,"key":"Smiling Mask"},{"floor":47,"key":"Bag of Preparation"},{"floor":48,"key":"HornCleat"}],"event_choices":[{"damage_healed":0,"gold_gain":0,"player_choice":"Fought Bandits","damage_taken":0,"max_hp_gain":0,"max_hp_loss":0,"event_name":"Masked Bandits","floor":20,"gold_loss":0}],"is_beta":true,"boss_relics":[{"not_picked":["Snecko Eye","conspire:SpecialSausage"],"picked":"MagicMushroom"},{"not_picked":[]},{"not_picked":["Tiny House","Astrolabe"],"picked":"SlaversCollar"},{"not_picked":[]}],"items_purged_floors":[],"is_endless":false,"potions_floor_spawned":[2,10,13,14,18,20,22,31,33,35,36,47,48],"ascension_level":20}}