{"host":"67w4bo1ws77yotej","time":1610877303,"event":{"mods":["AchievementEnabler","Arknights The Spire","Aspiration","BaseMod","Beaked The Cultist","BetterRewards","Colored Map","Conspire","Downfall","Ekko","Energized Spire","Friendly Minions","Gremlin Mod","Halation","Hero for Fun","Hubris","Infinite Spire","Kiyohime????","Minty Spire (QoL Compilation)","READ ME - Guardian Mod","READ ME - Snecko Mod","Spicy Shops","StSLib","The Forsaken","The Jungle","The Wild Card","TheHero","vexMod"],"gold_per_floor":[113,88,102,121,46,115,115,127,127,154,171,206,226,240,240,342,342,359,91,106,124,134,134,150,150,150],"floor_reached":25,"language":"ENG","playtime":2025,"items_purged":["beaked:Strike_Y","Pride"],"score":244,"play_id":"2d77ca52-0949-47b6-98e2-851b70ecc4b2","local_time":"20210117105503","is_ascension_mode":false,"campfire_choices":[{"floor":15,"key":"REST"},{"data":"beaked:MachineSpirit","floor":23,"key":"SMITH"}],"circlet_count":0,"master_deck":["beaked:Strike_Y","beaked:Strike_Y","beaked:Strike_Y","beaked:Strike_Y","beaked:Strike_Y","beaked:Defend_Y","beaked:Defend_Y","beaked:Defend_Y","beaked:Defend_Y","beaked:Ceremony","beaked:Ceremony","beaked:Ceremony","beaked:WindBringer","beaked:Tradeoff","beaked:Insight","beaked:BloodRitual","beaked:DigDeep","beaked:VigorBurst","beaked:MachineEssence+1","beaked:MaddeningMurmurs+1","beaked:Foresight","beaked:FakeOut","beaked:Insight+1","beaked:MachineSpirit","beaked:MachineSpirit+1","beaked:MimicMachine+1","beaked:Overpower","hubris:Despair"],"relics":["beaked:MendingPlumage","NeowsBlessing","beaked:ShinyBauble","Frozen Egg 2","Bottled Lightning","PreservedInsect","Darkstone Periapt","energizedSpire:CursedPentagram","aspiration:Lifesprig","conspire:Flyswatter"],"acts_visited":["Exordium","TheCity"],"potions_floor_usage":[10,11,14,16,18,22,25],"damage_taken":[{"damage":0,"enemies":"Small Slimes","floor":1,"turns":1},{"damage":0,"enemies":"Jaw Worm","floor":3,"turns":1},{"damage":0,"enemies":"2 Louse","floor":4,"turns":2},{"damage":0,"enemies":"Large Slime","floor":8,"turns":5},{"damage":25,"enemies":"Lagavulin","floor":10,"turns":5},{"damage":21,"enemies":"conspire:2 RoseBushes","floor":11,"turns":4},{"damage":35,"enemies":"3 Sentries","floor":12,"turns":8},{"damage":27,"enemies":"3 Louse","floor":13,"turns":4},{"damage":7,"enemies":"Exordium Wildlife","floor":14,"turns":4},{"damage":71,"enemies":"Hexaghost","floor":16,"turns":10},{"damage":59,"enemies":"3 Byrds","floor":18,"turns":6},{"damage":56,"enemies":"Shell Parasite","floor":20,"turns":6},{"damage":77,"enemies":"conspire:HollyBat","floor":21,"turns":8},{"damage":72,"enemies":"Snake Plant","floor":22,"turns":7},{"damage":30,"enemies":"Snecko","floor":24,"turns":6},{"damage":90,"enemies":"Slavers","floor":25,"turns":3}],"seed_played":"7254639462212626182","potions_obtained":[{"floor":3,"key":"Explosive Potion"},{"floor":8,"key":"AttackPotion"},{"floor":13,"key":"Fire Potion"},{"floor":14,"key":"BlessingOfTheForge"},{"floor":16,"key":"champ:CounterPotion"},{"floor":20,"key":"Weak Potion"},{"floor":24,"key":"PowerPotion"}],"is_trial":false,"path_per_floor":["M","?","M","M","$","?","T","M","T","E","M","E","M","M","R","B",null,"M","$","M","M","M","R","M","E"],"character_chosen":"BEAKED_THE_CULTIST","items_purchased":["aspiration:Lifesprig","conspire:Flyswatter"],"campfire_rested":1,"item_purchase_floors":[19,19],"current_hp_per_floor":[50,50,50,50,50,50,50,50,50,36,30,21,5,11,27,55,55,47,53,57,61,61,61,67,0,0],"gold":150,"neow_bonus":"THREE_ENEMY_KILL","is_daily":false,"chose_seed":false,"campfire_upgraded":1,"win_rate":0.0,"timestamp":1610877303,"path_taken":["M","?","M","M","$","?","?","?","T","E","M","E","M","M","R","BOSS","M","$","M","M","M","R","M","E"],"items_purchased_type":["Relic","Relic"],"build_version":"2020-12-22","purchased_purges":2,"victory":false,"max_hp_per_floor":[50,50,50,50,50,50,50,50,50,50,55,55,55,55,55,55,55,55,61,61,61,61,61,67,67,67],"card_choices":[{"not_picked":["beaked:Brace","beaked:Flinch"],"picked":"beaked:WindBringer","floor":1},{"not_picked":["beaked:SacrificialAttack","beaked:Pecker"],"picked":"beaked:Tradeoff","floor":3},{"not_picked":["beaked:Brace","beaked:CursingBlood"],"picked":"beaked:Insight","floor":4},{"not_picked":["beaked:MimicWarrior","beaked:Redirect"],"picked":"beaked:BloodRitual","floor":8},{"not_picked":["beaked:FeelMyPain","beaked:SacrificialAttack"],"picked":"beaked:DigDeep","floor":10},{"not_picked":["beaked:Tweet","beaked:Flinch"],"picked":"beaked:VigorBurst","floor":11},{"not_picked":["beaked:Cower","beaked:Resilience"],"picked":"beaked:MachineEssence+1","floor":12},{"not_picked":["beaked:MimicHuntress","beaked:Resilience"],"picked":"beaked:MaddeningMurmurs+1","floor":13},{"not_picked":["beaked:SurvivalInstinct","beaked:Windmill"],"picked":"beaked:Foresight","floor":14},{"not_picked":["beaked:DarkTribute","beaked:SacrificialScars"],"picked":"beaked:FakeOut","floor":16},{"not_picked":["beaked:BounceBack+1","beaked:Resilience"],"picked":"beaked:Insight+1","floor":18},{"not_picked":["beaked:BounceBack+1","beaked:StunningBlow"],"picked":"beaked:MachineSpirit","floor":20},{"not_picked":["beaked:Resilience+1","beaked:SacrificialDive"],"picked":"beaked:MachineSpirit","floor":21},{"not_picked":["beaked:BloodRitual+1","beaked:CursingBlood"],"picked":"beaked:MimicMachine+1","floor":22},{"not_picked":["beaked:Mantra+1","beaked:Resilience"],"picked":"beaked:Overpower","floor":24}],"player_experience":187196,"relics_obtained":[{"floor":7,"key":"Frozen Egg 2"},{"floor":9,"key":"Bottled Lightning"},{"floor":10,"key":"PreservedInsect"},{"floor":12,"key":"Darkstone Periapt"}],"event_choices":[{"damage_healed":0,"gold_gain":69,"player_choice":"Gained Gold","damage_taken":0,"max_hp_gain":0,"max_hp_loss":0,"event_name":"Golden Wing","floor":6,"gold_loss":0}],"is_beta":false,"boss_relics":[{"not_picked":["energizedSpire:StickyHand","Tiny House"],"picked":"energizedSpire:CursedPentagram"}],"items_purged_floors":[5,19],"is_endless":false,"potions_floor_spawned":[3,8,13,14,16,20,24],"killed_by":"Slavers","ascension_level":0}}