{"host":"ilhhjx796p2x2wmd","time":1610853998,"event":{"mods":["AchievementEnabler","BaseMod","BetterRewards","Colored Map","Colored Powertips","DeckTracker","Highlight Path","Minty Spire (QoL Compilation)","Permanent Neow","Rare Cards Sparkle","Shop Mod"],"gold_per_floor":[119,130,8,23,39,71,71,82,108,108,119,119,144,154,154,257,257,267,286,303,16,16,16,16,51,51,80,90,90,107,175,175,275,275,293,304,317,328,44,44,58,58,58],"floor_reached":42,"language":"KOR","playtime":2030,"items_purged":["Strike_G","Strike_G","Strike_G"],"score":527,"play_id":"cb33a5f8-a1b5-4789-ac76-98843bf438a8","local_time":"20210117122638","is_ascension_mode":true,"campfire_choices":[{"data":"Cloak And Dagger","floor":7.0,"key":"SMITH"},{"data":"Cloak And Dagger","floor":10.0,"key":"SMITH"},{"data":"Blade Dance","floor":12.0,"key":"SMITH"},{"data":"Neutralize","floor":15.0,"key":"SMITH"},{"data":"Accuracy","floor":23.0,"key":"SMITH"},{"data":"Phantasmal Killer","floor":29.0,"key":"SMITH"},{"floor":32.0,"key":"REST"},{"floor":40.0,"key":"REST"}],"circlet_count":0,"master_deck":["Strike_G","Strike_G","Defend_G","Defend_G","Defend_G","Defend_G","Defend_G","Survivor","Neutralize+1","Blade Dance+1","Cloak And Dagger+1","Acrobatics","Blur","Backstab","Dash","Cloak And Dagger+1","Expertise","Footwork","Footwork","Phantasmal Killer+1","Backflip","Calculated Gamble","Acrobatics","Accuracy+1","Accuracy","Escape Plan+1","Infinite Blades","Parasite","Cloak And Dagger+1"],"relics":["WristBlade","Shuriken","Omamori","Lantern","Calling Bell","Smiling Mask","Gremlin Horn","Peace Pipe","Bronze Scales","Snake Skull","Paper Crane","Strawberry","Molten Egg 2","SlaversCollar","Vajra"],"acts_visited":["Exordium","TheCity","TheBeyond"],"potions_floor_usage":[],"damage_taken":[{"damage":4.0,"enemies":"Cultist","floor":1.0,"turns":3.0},{"damage":7.0,"enemies":"Small Slimes","floor":2.0,"turns":3.0},{"damage":2.0,"enemies":"Jaw Worm","floor":4.0,"turns":2.0},{"damage":5.0,"enemies":"3 Louse","floor":5.0,"turns":2.0},{"damage":9.0,"enemies":"3 Sentries","floor":6.0,"turns":8.0},{"damage":6.0,"enemies":"Blue Slaver","floor":8.0,"turns":2.0},{"damage":0.0,"enemies":"Large Slime","floor":11.0,"turns":3.0},{"damage":0.0,"enemies":"Gremlin Nob","floor":13.0,"turns":2.0},{"damage":2.0,"enemies":"Exordium Thugs","floor":14.0,"turns":2.0},{"damage":12.0,"enemies":"The Guardian","floor":16.0,"turns":7.0},{"damage":22.0,"enemies":"Spheric Guardian","floor":18.0,"turns":5.0},{"damage":4.0,"enemies":"Shell Parasite","floor":19.0,"turns":2.0},{"damage":0.0,"enemies":"3 Cultists","floor":20.0,"turns":4.0},{"damage":5.0,"enemies":"Gremlin Leader","floor":25.0,"turns":2.0},{"damage":17.0,"enemies":"Book of Stabbing","floor":27.0,"turns":3.0},{"damage":7.0,"enemies":"Snake Plant","floor":28.0,"turns":3.0},{"damage":5.0,"enemies":"Cultist and Chosen","floor":30.0,"turns":4.0},{"damage":7.0,"enemies":"Collector","floor":33.0,"turns":7.0},{"damage":4.0,"enemies":"Orb Walker","floor":35.0,"turns":4.0},{"damage":16.0,"enemies":"3 Shapes","floor":36.0,"turns":3.0},{"damage":50.0,"enemies":"Transient","floor":37.0,"turns":5.0},{"damage":6.0,"enemies":"Sphere and 2 Shapes","floor":38.0,"turns":3.0},{"damage":20.0,"enemies":"Writhing Mass","floor":41.0,"turns":4.0},{"damage":0,"enemies":"Jaw Worm Horde","floor":42,"turns":1}],"seed_played":"-4376815598887153527","potions_obtained":[{"floor":1.0,"key":"SteroidPotion"},{"floor":11.0,"key":"GamblersBrew"},{"floor":13.0,"key":"FairyPotion"},{"floor":14.0,"key":"SkillPotion"},{"floor":20.0,"key":"LiquidMemories"},{"floor":28.0,"key":"Regen Potion"},{"floor":33.0,"key":"Block Potion"},{"floor":35.0,"key":"BlessingOfTheForge"},{"floor":41.0,"key":"Block Potion"}],"is_trial":false,"path_per_floor":["M","M","$","M","M","E","R","M","T","R","M","R","E","M","R","B",null,"M","M","M","$","$","R","?","E","T","E","M","R","M","T","R","B",null,"M","M","M","M","$","R","M","M"],"character_chosen":"THE_SILENT","items_purchased":["Acrobatics","Accuracy","Bronze Scales","Infinite Blades","Vajra"],"campfire_rested":2,"item_purchase_floors":[3,21,21,39,39],"current_hp_per_floor":[66,59,59,57,52,43,43,37,37,37,37,37,37,35,35,23,70,48,44,44,44,44,44,44,39,39,29,22,22,29,29,52,45,77,73,57,7,1,1,24,4,4,4],"gold":58,"neow_bonus":"BOSS_RELIC","is_daily":false,"chose_seed":false,"campfire_upgraded":6,"win_rate":0.0,"timestamp":1610853998,"path_taken":["M","M","$","M","M","E","R","M","T","R","M","R","E","M","R","BOSS","M","M","M","?","$","R","?","E","T","E","M","R","?","?","R","BOSS","M","M","M","M","$","R","M","M"],"items_purchased_type":["Card","Card","Relic","Card","Relic"],"build_version":"2020-12-22","purchased_purges":3,"victory":false,"max_hp_per_floor":[70,70,70,70,70,70,70,70,70,70,70,70,70,70,70,70,70,70,70,70,70,70,70,70,70,70,77,77,77,77,77,77,77,77,77,77,77,77,77,77,77,77,77],"card_choices":[{"not_picked":["Calculated Gamble","Dagger Spray"],"picked":"Blade Dance","floor":1.0},{"not_picked":["Skewer","Dash"],"picked":"Cloak And Dagger","floor":2.0},{"not_picked":["Underhanded Strike","Outmaneuver"],"picked":"Blur","floor":4.0},{"not_picked":["Slice","Flying Knee"],"picked":"Backstab","floor":5.0},{"not_picked":["Setup","Acrobatics"],"picked":"Dash","floor":6.0},{"not_picked":["Dash","Reflex"],"picked":"Cloak And Dagger","floor":8.0},{"not_picked":["Acrobatics","Sucker Punch"],"picked":"Expertise","floor":11.0},{"not_picked":["Outmaneuver","Acrobatics"],"picked":"Footwork","floor":13.0},{"not_picked":["A Thousand Cuts","Skewer"],"picked":"Footwork","floor":14.0},{"not_picked":["A Thousand Cuts","Envenom"],"picked":"Phantasmal Killer","floor":16.0},{"not_picked":["PiercingWail","Quick Slash+1"],"picked":"Backflip","floor":18.0},{"not_picked":["Riddle With Holes","Dagger Throw"],"picked":"Calculated Gamble","floor":19.0},{"not_picked":["PiercingWail","Dagger Throw+1"],"picked":"Acrobatics","floor":20.0},{"not_picked":["Tools of the Trade","Riddle With Holes","Poisoned Stab"],"picked":"SKIP","floor":25.0},{"not_picked":["Predator+1","Bane","Finisher+1"],"picked":"SKIP","floor":27.0},{"not_picked":["Outmaneuver","Catalyst","Dodge and Roll"],"picked":"SKIP","floor":28.0},{"not_picked":["Skewer+1","After Image","Quick Slash"],"picked":"SKIP","floor":30.0},{"not_picked":["Terror+1","Noxious Fumes"],"picked":"Accuracy","floor":35.0},{"not_picked":["Outmaneuver+1","Dagger Spray+1"],"picked":"Escape Plan+1","floor":36.0},{"not_picked":["Bouncing Flask","PiercingWail","Dodge and Roll"],"picked":"SKIP","floor":37.0},{"not_picked":["Flechettes+1","Dagger Throw+1","PiercingWail"],"picked":"SKIP","floor":38.0},{"not_picked":["Bane+1","Underhanded Strike+1"],"picked":"Cloak And Dagger+1","floor":41.0}],"player_experience":295145,"relics_obtained":[{"floor":6.0,"key":"Shuriken"},{"floor":9.0,"key":"Omamori"},{"floor":13.0,"key":"Lantern"},{"floor":17.0,"key":"Smiling Mask"},{"floor":17.0,"key":"Gremlin Horn"},{"floor":17.0,"key":"Peace Pipe"},{"floor":25.0,"key":"Snake Skull"},{"floor":26.0,"key":"Paper Crane"},{"floor":27.0,"key":"Strawberry"},{"floor":31.0,"key":"Molten Egg 2"}],"event_choices":[{"damage_healed":0.0,"max_hp_gain":0.0,"max_hp_loss":0.0,"gold_gain":0.0,"event_name":"Wheel of Change","player_choice":"Cursed","floor":24.0,"gold_loss":0.0,"damage_taken":0.0,"cards_obtained":["Decay"]}],"is_beta":false,"boss_relics":[{"not_picked":["SacredBark","Snecko Eye"],"picked":"Calling Bell"},{"not_picked":["Black Star","Sozu"],"picked":"SlaversCollar"}],"items_purged_floors":[3,21,39],"is_endless":false,"potions_floor_spawned":[1,11,13,14,20,25,28,33,35,41],"killed_by":"Jaw Worm Horde","ascension_level":2}}