{"host":"cv77zuuuekizn3ic","time":1610862352,"event":{"mods":["AchievementEnabler","Act Like it!","BaseMod","Gensokyo","Marisa£®ÏF”Í°°ƒß¿Ì…≥£©","Minty Spire (QoL Compilation)","StSLib","Waifu the Spire","everything is the same but u backflip on backflip","slay the spire mod where everything is the same but ironclad has a cowboy hat"],"gold_per_floor":[110,122,1,1,17,17,36,36,36,36,36,36,71,71,71,176,176,191,208,208,208,224,224,51,51,51,51,51],"floor_reached":27,"language":"ZHS","playtime":813,"items_purged":["Strike_R","Strike_R"],"score":234,"play_id":"0102f65a-025e-4358-ae47-d3d1f1b8830d","local_time":"20210117134552","is_ascension_mode":false,"campfire_choices":[{"data":"Purity","floor":6.0,"key":"SMITH"},{"data":"Armaments","floor":10.0,"key":"SMITH"},{"data":"Bash","floor":12.0,"key":"SMITH"},{"data":"Clash","floor":15.0,"key":"SMITH"},{"data":"RitualDagger","floor":23.0,"key":"SMITH"},{"data":"Feed","floor":25.0,"key":"SMITH"}],"circlet_count":0,"master_deck":["Strike_R+1","Defend_R","Defend_R","Defend_R+1","Defend_R","Bash+1","Purity+1","Clash+1","Sentinel","Clash","Evolve+1","Armaments+1","Sever Soul","Feed+1","Pommel Strike","Warcry","Combust","RitualDagger+1","Rage"],"relics":["Burning Blood","Shuriken","Runic Pyramid","Pantograph"],"acts_visited":["Exordium","TheCity"],"potions_floor_usage":[27],"damage_taken":[{"damage":10.0,"enemies":"Cultist","floor":1.0,"turns":4.0},{"damage":1.0,"enemies":"2 Louse","floor":2.0,"turns":3.0},{"damage":1.0,"enemies":"Jaw Worm","floor":5.0,"turns":3.0},{"damage":9.0,"enemies":"Gremlin Gang","floor":7.0,"turns":4.0},{"damage":14.0,"enemies":"Gremlin Nob","floor":13.0,"turns":3.0},{"damage":22.0,"enemies":"Slime Boss","floor":16.0,"turns":9.0},{"damage":0.0,"enemies":"Chosen","floor":18.0,"turns":4.0},{"damage":36.0,"enemies":"3 Byrds","floor":19.0,"turns":6.0},{"damage":34.0,"enemies":"Centurion and Healer","floor":22.0,"turns":6.0},{"damage":33,"enemies":"Book of Stabbing","floor":27,"turns":4}],"seed_played":"9006378106598537138","potions_obtained":[{"floor":1.0,"key":"Explosive Potion"},{"floor":7.0,"key":"GamblersBrew"},{"floor":18.0,"key":"BlessingOfTheForge"}],"is_trial":false,"path_per_floor":["M","M","$","?","M","R","M","?","T","R","?","R","E","$","R","B",null,"M","M","?","?","M","R","$","R","T","E"],"character_chosen":"IRONCLAD","items_purchased":["Clash","Rage"],"campfire_rested":0,"item_purchase_floors":[3,24],"current_hp_per_floor":[76,80,80,64,69,69,66,71,71,71,71,71,63,63,63,47,85,88,62,62,56,31,31,31,31,31,0,0],"gold":51,"neow_bonus":"RANDOM_COLORLESS","is_daily":false,"chose_seed":false,"campfire_upgraded":6,"win_rate":0.0,"timestamp":1610862352,"path_taken":["M","?","$","?","M","R","M","?","T","R","?","R","E","$","R","BOSS","M","?","?","?","M","R","?","R","T","E"],"items_purchased_type":["Card","Card"],"build_version":"2020-12-22","purchased_purges":2,"victory":false,"max_hp_per_floor":[80,80,80,80,80,80,80,85,85,85,85,85,85,85,85,85,85,88,92,92,92,95,95,95,95,95,95,95],"card_choices":[{"not_picked":["Forethought","Dark Shackles"],"picked":"Purity","floor":0.0},{"not_picked":["Anger","Sword Boomerang"],"picked":"Clash","floor":1.0},{"not_picked":["Heavy Blade","Clothesline"],"picked":"Sentinel","floor":2.0},{"not_picked":["Thunderclap","Anger"],"picked":"Evolve","floor":5.0},{"not_picked":["Headbutt","Havoc"],"picked":"Armaments","floor":7.0},{"not_picked":["Iron Wave","Sever Soul","Sentinel"],"picked":"SKIP","floor":13.0},{"not_picked":["Iron Wave","Sentinel"],"picked":"Sever Soul","floor":13.0},{"not_picked":["Impervious","Offering"],"picked":"Feed","floor":16.0},{"not_picked":["Evolve","Combust"],"picked":"Pommel Strike","floor":18.0},{"not_picked":["True Grit","Clash","Armaments"],"picked":"SKIP","floor":19.0},{"not_picked":["Sword Boomerang","Heavy Blade+1","Warcry"],"picked":"SKIP","floor":22.0}],"player_experience":937491,"relics_obtained":[{"floor":13.0,"key":"Shuriken"},{"floor":26.0,"key":"Pantograph"}],"event_choices":[{"damage_healed":0.0,"max_hp_gain":0.0,"max_hp_loss":0.0,"gold_gain":0.0,"event_name":"Shining Light","player_choice":"Entered Light","floor":4.0,"gold_loss":0.0,"damage_taken":16.0,"cards_upgraded":["Defend_R","Strike_R"]},{"damage_healed":0.0,"max_hp_gain":5.0,"max_hp_loss":0.0,"gold_gain":0.0,"event_name":"Big Fish","player_choice":"Donut","floor":8.0,"gold_loss":0.0,"damage_taken":0.0},{"damage_healed":0.0,"max_hp_gain":0.0,"max_hp_loss":0.0,"gold_gain":0.0,"event_name":"Upgrade Shrine","player_choice":"Upgraded","floor":11.0,"gold_loss":0.0,"damage_taken":0.0,"cards_upgraded":["Evolve"]},{"damage_healed":0.0,"max_hp_gain":0.0,"max_hp_loss":0.0,"gold_gain":0.0,"cards_transformed":["Strike_R","Strike_R"],"event_name":"Drug Dealer","player_choice":"Became Test Subject","floor":20.0,"gold_loss":0.0,"damage_taken":0.0,"cards_obtained":["Warcry","Combust"]},{"damage_healed":0.0,"max_hp_gain":0.0,"max_hp_loss":0.0,"gold_gain":0.0,"event_name":"Nest","player_choice":"Joined the Cult","floor":21.0,"gold_loss":0.0,"damage_taken":6.0,"cards_obtained":["RitualDagger"]}],"is_beta":false,"boss_relics":[{"not_picked":["Fusion Hammer","Black Blood"],"picked":"Runic Pyramid"}],"items_purged_floors":[3,24],"is_endless":false,"potions_floor_spawned":[1,7,18],"killed_by":"Book of Stabbing","ascension_level":0}}