{"host":"u7y9frlpoazak2mn","time":1610843555,"event":{"mods":["2.2 Compatiblity","ATMod(??Mod)","Aspiration","BaseMod","Better Altar","Better Match","Better Note","Better Sensory Stone","Better Third Choice","BetterRewards","Colored Powertips","Conspire","Curses Come First","Dark Map","Displayed Cursed Tome","Energized Spire","Fox Events","GifTheSpireLib","Halation","Hermit","Hubris","Infinite Spire","Jedi Mod","KinomotoSakuraMod(????)","Mimic Mod","Minty Spire (QoL Compilation)","Prisma Mod","Random Character Button","Rare Cards Sparkle","Relic Stats","Replay The Spire","Retaliation","Robot Space Explorer","Shade Mod","Somnambulant","Spikes Relics","StS++","StSLib","Stuff the Spire","The Administrix","The Blue Laboratory","The Construct","The Disciple","The Druid","The Forsaken","The Hierophant","The Juggle","The Marked","The Runesmith","The Servant 0.9.4","TheSwordswoman","TheVacant","Transform Curses","Uncapped","Waifu the Spire","Wandering Minibosses","WarShipGirlsR/????R mod","vexMod","????"],"gold_per_floor":[116,126,144,14,14,46,46,79,79],"floor_reached":8,"language":"ENG","playtime":470,"items_purged":[],"score":66,"play_id":"0a0438e8-3126-476c-a97b-92df9b8140e3","local_time":"20210116193235","is_ascension_mode":false,"campfire_choices":[{"floor":7,"key":"REST"}],"circlet_count":0,"master_deck":["RobotSpaceExplorer:Strike","RobotSpaceExplorer:Strike","RobotSpaceExplorer:Strike","RobotSpaceExplorer:Defend","RobotSpaceExplorer:Defend","RobotSpaceExplorer:Defend","RobotSpaceExplorer:Defend","RobotSpaceExplorer:Scan","RobotSpaceExplorer:MiniLasers","RobotSpaceExplorer:ImprovisedAttack","RobotSpaceExplorer:ImprovisedAttack","RobotSpaceExplorer:MiniDrones","RobotSpaceExplorer:JunkDive+1","RobotSpaceExplorer:LuckyStrike","RobotSpaceExplorer:BigMissile"],"relics":["RobotSpaceExplorer:RoboCore","AT_ATBox","NeowsBlessing","aspiration:SeaSaltIceCream","aspiration:Nostalgia","Ring of the Snake","AT_SunfireAegis"],"acts_visited":["Exordium"],"potions_floor_usage":[],"damage_taken":[{"damage":0,"enemies":"Small Slimes","floor":1,"turns":1},{"damage":0,"enemies":"2 Louse","floor":2,"turns":1},{"damage":0,"enemies":"Jaw Worm","floor":3,"turns":1},{"damage":41,"enemies":"Gremlin Nob","floor":6,"turns":6},{"damage":27,"enemies":"3 Sentries","floor":8,"turns":7}],"seed_played":"1556003233792561313","potions_obtained":[{"floor":6,"key":"blueLaboratory:Moonshine"},{"floor":8,"key":"blueLaboratory:TrueEctoplasm"}],"is_trial":false,"path_per_floor":["M","M","M","$","?","E","R","E"],"character_chosen":"RobotSpaceExplorer","items_purchased":["RobotSpaceExplorer:JunkDive+1","RobotSpaceExplorer:LuckyStrike"],"campfire_rested":1,"item_purchase_floors":[4,4],"current_hp_per_floor":[75,75,75,75,68,27,49,22,22],"gold":79,"neow_bonus":"THREE_ENEMY_KILL","is_daily":false,"chose_seed":false,"campfire_upgraded":0,"win_rate":0.0,"timestamp":1610843555,"path_taken":["M","M","M","$","?","E","R","E"],"items_purchased_type":["Card","Card"],"build_version":"2020-12-22","purchased_purges":0,"victory":false,"max_hp_per_floor":[75,75,75,75,75,75,75,75,75],"relic_stats":{"counters":[5,16],"obtain_stats":[{"AT_ATBox":0,"NeowsBlessing":0,"aspiration:Nostalgia":6,"RobotSpaceExplorer:RoboCore":0,"aspiration:SeaSaltIceCream":6,"AT_SunfireAegis":8,"Ring of the Snake":6},{"AT_ATBox":0,"NeowsBlessing":0,"aspiration:Nostalgia":4,"RobotSpaceExplorer:RoboCore":0,"aspiration:SeaSaltIceCream":4,"AT_SunfireAegis":5,"Ring of the Snake":4},{"AT_ATBox":0,"NeowsBlessing":0,"aspiration:Nostalgia":9,"RobotSpaceExplorer:RoboCore":0,"aspiration:SeaSaltIceCream":9,"AT_SunfireAegis":16,"Ring of the Snake":9}],"Ring of the Snake":[2]},"card_choices":[{"not_picked":["RobotSpaceExplorer:GlueShot","RobotSpaceExplorer:FrostMissile"],"picked":"RobotSpaceExplorer:ImprovisedAttack","floor":1},{"not_picked":["RobotSpaceExplorer:SurgingStrike","RobotSpaceExplorer:StunGrenade"],"picked":"RobotSpaceExplorer:ImprovisedAttack","floor":2},{"not_picked":["RobotSpaceExplorer:Ammunition","RobotSpaceExplorer:TurboDodge"],"picked":"RobotSpaceExplorer:MiniDrones","floor":3},{"not_picked":["RobotSpaceExplorer:FrostMissile","RobotSpaceExplorer:ScrapMissile"],"picked":"RobotSpaceExplorer:BigMissile","floor":6}],"player_experience":314730,"relics_obtained":[{"floor":6,"key":"aspiration:SeaSaltIceCream"},{"floor":8,"key":"AT_SunfireAegis"}],"event_choices":[{"cards_removed":["RobotSpaceExplorer:Strike"],"damage_healed":0,"gold_gain":0,"player_choice":"Card Removal","damage_taken":7,"max_hp_gain":0,"max_hp_loss":0,"event_name":"Golden Wing","floor":5,"gold_loss":0}],"is_beta":false,"boss_relics":[],"items_purged_floors":[],"is_endless":false,"potions_floor_spawned":[6,8],"killed_by":"3 Sentries","ascension_level":0}}