{"host":"5jzx1090woovszu4","time":1610923718,"event":{"mods":["BaseMod","Minty Spire (QoL Compilation)","Robot Space Explorer","Spicy Shops","StSLib","The Marked"],"gold_per_floor":[115,133,143,143,156,156,168,194,221,221,70,70,21,36,36,139,139,154,79,92,7,7,41,0,26,49,49,67,67,67,81,81,81,81],"floor_reached":33,"language":"ENG","playtime":2222,"items_purged":[],"score":310,"play_id":"4245e11a-720c-48fb-84d2-ebeb84ebd64f","local_time":"20210117234838","daily_mods":["SealedDeck"],"is_ascension_mode":false,"campfire_choices":[{"data":"theMarked:Electrocute","floor":6,"key":"SMITH"},{"floor":10,"key":"REST"},{"data":"theMarked:AttractMetal","floor":12,"key":"SMITH"},{"data":"theMarked:BanishingStrike","floor":15,"key":"SMITH"},{"floor":27,"key":"REST"},{"floor":29,"key":"REST"},{"data":"theMarked:Static","floor":32,"key":"SMITH"}],"circlet_count":0,"master_deck":["theMarked:Indomitable","theMarked:Opportunist","theMarked:CreepingChasm","theMarked:GodGivenPower","theMarked:RepellingDischarge","theMarked:Static+1","theMarked:WastefulDefense","theMarked:WastefulDefense","theMarked:Electrocute+1","theMarked:AttractMetal+1","theMarked:BanishingStrike","theMarked:BanishingStrike+1","theMarked:BindingBlade","theMarked:BanishingStrike","theMarked:BanishingStrike+1","theMarked:MysticalArsenal","theMarked:MaelstromOfLightning+1","theMarked:WardOff","theMarked:Static"],"relics":["theMarked:ArtifactOfAir","theMarked:NailFile","Blood Vial","Lantern","Potion Belt","theMarked:SpiritSword","Smiling Mask","Enchiridion","Anchor","PreservedInsect","Juzu Bracelet"],"acts_visited":["Exordium","TheCity"],"potions_floor_usage":[8,16,23,25,25,25,33],"damage_taken":[{"damage":1,"enemies":"Cultist","floor":1,"turns":5},{"damage":0,"enemies":"Small Slimes","floor":2,"turns":4},{"damage":0,"enemies":"Jaw Worm","floor":3,"turns":3},{"damage":0,"enemies":"Large Slime","floor":5,"turns":4},{"damage":0,"enemies":"Blue Slaver","floor":7,"turns":4},{"damage":19,"enemies":"Lagavulin","floor":8,"turns":7},{"damage":0,"enemies":"2 Fungi Beasts","floor":14,"turns":2},{"damage":36,"enemies":"The Guardian","floor":16,"turns":8},{"damage":25,"enemies":"Shell Parasite","floor":18,"turns":5},{"damage":2,"enemies":"Chosen","floor":20,"turns":4},{"damage":34,"enemies":"Gremlin Leader","floor":23,"turns":4},{"damage":10,"enemies":"Book of Stabbing","floor":25,"turns":4},{"damage":9,"enemies":"Snecko","floor":28,"turns":4},{"damage":2,"enemies":"Snake Plant","floor":31,"turns":4},{"damage":95,"enemies":"Collector","floor":33,"turns":7}],"seed_played":"2621045977367694630","potions_obtained":[{"floor":3,"key":"theMarked:SummonPotion"},{"floor":7,"key":"PowerPotion"},{"floor":8,"key":"EssenceOfSteel"},{"floor":14,"key":"EssenceOfSteel"},{"floor":18,"key":"FearPotion"},{"floor":20,"key":"theMarked:ChargePotion"},{"floor":31,"key":"Fire Potion"}],"is_trial":true,"path_per_floor":["M","M","M","?","M","R","M","E","T","R","$","R","$","M","R","B",null,"M","?","M","?","?","E","?","E","T","R","M","R","?","M","R","B"],"character_chosen":"THE_DEFAULT","items_purchased":["Potion Belt","theMarked:BanishingStrike"],"campfire_rested":3,"item_purchase_floors":[11,13],"current_hp_per_floor":[69,69,69,62,62,62,62,43,43,64,64,64,64,66,66,32,70,55,55,65,65,49,17,17,9,9,30,33,54,54,64,64,0,0],"gold":81,"neow_bonus":"","is_daily":false,"chose_seed":false,"campfire_upgraded":4,"win_rate":0.0,"timestamp":1610923718,"path_taken":["M","?","M","?","M","R","M","E","T","R","$","R","?","M","R","BOSS","M","?","M","?","?","E","?","E","T","R","M","R","?","M","R","BOSS"],"items_purchased_type":["Relic","Card"],"build_version":"2020-12-22","purchased_purges":0,"victory":false,"max_hp_per_floor":[70,70,70,70,70,70,70,70,70,70,70,70,70,70,70,70,70,70,70,70,70,70,70,70,70,70,70,70,70,70,70,70,70,70],"card_choices":[{"not_picked":["theMarked:TakeCover","theMarked:ShockingTouch","theMarked:DeterminationOfTheMarked"],"picked":"SKIP","floor":1},{"not_picked":["theMarked:ContemptForTheProud","theMarked:Parkour","theMarked:DeterminationOfTheMarked"],"picked":"SKIP","floor":2},{"not_picked":["theMarked:ChainLightning","theMarked:Improvise","theMarked:RepellingDischarge"],"picked":"SKIP","floor":3},{"not_picked":["theMarked:LightningStrikesTwice","theMarked:WastefulAttack"],"picked":"theMarked:Electrocute","floor":5},{"not_picked":["theMarked:WastefulDefense","theMarked:Improvise"],"picked":"theMarked:AttractMetal","floor":7},{"not_picked":["theMarked:TunnelVision","theMarked:ElectricStrings"],"picked":"theMarked:BanishingStrike","floor":8},{"not_picked":["theMarked:Parkour","theMarked:TwofoldDefense","theMarked:WastefulAttack"],"picked":"SKIP","floor":14},{"not_picked":["theMarked:Challenge","theMarked:EternalStudent"],"picked":"theMarked:BindingBlade","floor":16},{"not_picked":["theMarked:WastefulDefense+1","theMarked:Improvise"],"picked":"theMarked:BanishingStrike","floor":18},{"not_picked":["theMarked:Standoff","theMarked:ChainLightning"],"picked":"theMarked:BanishingStrike+1","floor":20},{"not_picked":["theMarked:ParalyzingBlade","theMarked:Standoff"],"picked":"theMarked:MysticalArsenal","floor":23},{"not_picked":["theMarked:AttractMetal","theMarked:Standoff"],"picked":"theMarked:MaelstromOfLightning+1","floor":25},{"not_picked":["theMarked:Frustration","theMarked:ComboAttacks+1"],"picked":"theMarked:WardOff","floor":28},{"not_picked":["theMarked:EmpowerWeapon+1","theMarked:KeepCalmAndFightOn+1"],"picked":"theMarked:Static","floor":31}],"player_experience":606333,"relics_obtained":[{"floor":8,"key":"Blood Vial"},{"floor":9,"key":"Lantern"},{"floor":22,"key":"Enchiridion"},{"floor":23,"key":"Anchor"},{"floor":25,"key":"PreservedInsect"},{"floor":26,"key":"Juzu Bracelet"}],"event_choices":[{"damage_healed":0,"gold_gain":0,"player_choice":"Success","damage_taken":7,"relics_obtained":["theMarked:NailFile"],"max_hp_gain":0,"max_hp_loss":0,"event_name":"Scrap Ooze","floor":4,"gold_loss":0},{"cards_removed":["theMarked:Convert"],"damage_healed":0,"gold_gain":0,"player_choice":"Gave Gold","damage_taken":0,"max_hp_gain":0,"max_hp_loss":0,"event_name":"Beggar","floor":19,"gold_loss":75},{"damage_healed":0,"gold_gain":0,"player_choice":"Obtained Relic","damage_taken":0,"relics_obtained":["Smiling Mask"],"max_hp_gain":0,"max_hp_loss":0,"event_name":"Addict","floor":21,"gold_loss":85},{"damage_healed":0,"gold_gain":0,"player_choice":"Obtained Book","damage_taken":16,"max_hp_gain":0,"max_hp_loss":0,"event_name":"Cursed Tome","floor":22,"gold_loss":0},{"damage_healed":0,"gold_gain":0,"player_choice":"Paid Fearfully","damage_taken":0,"max_hp_gain":0,"max_hp_loss":0,"event_name":"Masked Bandits","floor":24,"gold_loss":41},{"cards_removed":["theMarked:RepellingDischarge"],"damage_healed":0,"gold_gain":0,"player_choice":"Elegance","damage_taken":0,"max_hp_gain":0,"max_hp_loss":0,"event_name":"Back to Basics","floor":30,"gold_loss":0}],"is_beta":false,"boss_relics":[{"not_picked":["Sozu","Calling Bell"],"picked":"theMarked:SpiritSword"}],"items_purged_floors":[],"is_endless":false,"potions_floor_spawned":[3,7,8,14,18,20,31],"killed_by":"Collector","ascension_level":0}}