{"host":"6ktzxxgjnfnrmlug","time":1610853138,"event":{"mods":["Astrologer","BaseMod","Better Third Choice","KinomotoSakuraMod(ƒæ÷Æ±æ”£)","Marisa£®ÏF”Í°°ƒß¿Ì…≥£©","Minty Spire (QoL Compilation)","Prisma Mod","Remilia£®¿Ÿ√◊¿Ú—«£©","Replay The Spire","StSLib","The Alterego","The Animator","Yakumo Yukari mod","Youmu£®ªÍ∆«—˝√Œ£©","yUi"],"gold_per_floor":[115,146,146,71,171,204,231,280,280],"floor_reached":8,"language":"ZHS","playtime":344,"items_purged":["Strike_MRS"],"score":91,"play_id":"f0dc0c80-6e0d-45b8-999b-6360867d768f","local_time":"20210117111218","is_ascension_mode":false,"campfire_choices":[],"circlet_count":0,"master_deck":["Strike_MRS","Strike_MRS","Strike_MRS","Defend_MRS","Defend_MRS","Defend_MRS","Defend_MRS","MasterSpark","UpSweep","WitchOfGreed","PowerUp","ManaRampage","EventHorizon","MilkyWay"],"relics":["MiniHakkero","NeowsBlessing","Snack Pack","Quantum Egg"],"acts_visited":["Exordium"],"potions_floor_usage":[],"damage_taken":[{"damage":0,"enemies":"Small Slimes","floor":1,"turns":1},{"damage":0,"enemies":"Cultist","floor":2,"turns":2},{"damage":0,"enemies":"3 Sentries","floor":6,"turns":1},{"damage":2,"enemies":"2 Louse","floor":7,"turns":5},{"damage":31,"enemies":"Lagavulin","floor":8,"turns":7}],"seed_played":"-1213785409857995530","potions_obtained":[{"floor":2,"key":"CultistPotion"},{"floor":6,"key":"LiquidMemories"},{"floor":7,"key":"BlessingOfTheForge"}],"is_trial":false,"path_per_floor":["M","M","?","$","?","E","M","E"],"character_chosen":"MARISA","items_purchased":[],"campfire_rested":0,"item_purchase_floors":[],"current_hp_per_floor":[75,75,75,75,75,75,73,48,48],"gold":280,"neow_bonus":"THREE_ENEMY_KILL","is_daily":false,"chose_seed":false,"campfire_upgraded":0,"win_rate":0.0,"timestamp":1610853138,"path_taken":["M","M","?","?","?","E","M","E"],"items_purchased_type":[],"build_version":"2020-12-22","purchased_purges":1,"victory":false,"max_hp_per_floor":[75,75,75,75,75,75,75,75,75],"card_choices":[{"not_picked":["DC","ShootingEcho"],"picked":"WitchOfGreed","floor":1},{"not_picked":["ShootingEcho","Acceleration"],"picked":"PowerUp","floor":2},{"not_picked":["Acceleration","AsteroidBelt"],"picked":"EventHorizon","floor":6},{"not_picked":["AbsoluteMagnitude","GalacticHalo"],"picked":"MilkyWay","floor":7}],"player_experience":36236,"relics_obtained":[{"floor":6,"key":"Snack Pack"},{"floor":8,"key":"Quantum Egg"}],"event_choices":[{"damage_healed":0,"gold_gain":0,"player_choice":"1 cards matched","damage_taken":0,"max_hp_gain":0,"max_hp_loss":0,"event_name":"Match and Keep!","floor":3,"gold_loss":0,"cards_obtained":["ManaRampage"]},{"damage_healed":0,"gold_gain":100,"player_choice":"Pray","damage_taken":0,"max_hp_gain":0,"max_hp_loss":0,"event_name":"Golden Shrine","floor":5,"gold_loss":0}],"is_beta":false,"boss_relics":[],"items_purged_floors":[4],"is_endless":false,"potions_floor_spawned":[6,8],"killed_by":"Lagavulin","ascension_level":0}}