{"host":"k8gerrcpv9xe1nxe","time":1610924501,"event":{"mods":["2.2 Compatiblity","AchievementEnabler","BaseMod","Bestiary","Minty Spire (QoL Compilation)","Relic Stats","StSLib"],"gold_per_floor":[110,128,49,64,139,172,172,190,190,190,204,231,243,254,254,358,358,371,31,31,31,131,131,144,173,173,173,198,216,243,270,282,391,403,429,452,484,224,274,306,306,71,71,96,108,128,147,173,173,173],"floor_reached":51,"language":"ENG","playtime":3072,"items_purged":["Strike_R","Strike_R","Strike_R"],"score":1148,"play_id":"e1fcbeca-0506-4c86-904c-a2b9d2198191","local_time":"20210117180141","is_ascension_mode":true,"campfire_choices":[{"floor":7,"key":"REST"},{"data":"Whirlwind","floor":10,"key":"SMITH"},{"data":"Reaper","floor":15,"key":"SMITH"},{"data":"True Grit","floor":23,"key":"SMITH"},{"data":"Feel No Pain","floor":27,"key":"SMITH"},{"data":"Combust","floor":32,"key":"SMITH"},{"floor":41,"key":"REST"},{"data":"Juggernaut","floor":49,"key":"SMITH"}],"circlet_count":0,"master_deck":["Defend_R","Defend_R","Defend_R","Defend_R","Bash","Whirlwind+1","Burning Pact","Shrug It Off","Reaper+1","Feel No Pain+1","Dropkick","Dark Embrace","Reaper","Disarm+1","Flame Barrier","Combust+1","True Grit+1","Rupture+1","Corruption","Hemokinesis","Shrug It Off+1","Exhume","Body Slam+1","Shrug It Off","Power Through+1","Limit Break","Armaments","Feel No Pain","Uppercut","Juggernaut+1","Sentinel+1","Pommel Strike+1","Flame Barrier"],"relics":["Snecko Eye","White Beast Statue","TungstenRod","Bird Faced Urn","Cursed Key","Membership Card","Centennial Puzzle","Smiling Mask","Self Forming Clay","MawBank","Empty Cage","Potion Belt","Question Card","Champion Belt","Red Skull","Toy Ornithopter","FossilizedHelix","Orichalcum"],"acts_visited":["TheCity","TheBeyond"],"potions_floor_usage":[6,12,12,16,16,24,25,28,29,30,33,36,37,40,44,44,45,50,50,50,50,50],"damage_taken":[{"damage":1.0,"enemies":"Cultist","floor":1.0,"turns":3.0},{"damage":7.0,"enemies":"Small Slimes","floor":2.0,"turns":3.0},{"damage":2,"enemies":"2 Louse","floor":4,"turns":2},{"damage":35,"enemies":"3 Sentries","floor":6,"turns":8},{"damage":0,"enemies":"Gremlin Gang","floor":8,"turns":2},{"damage":0,"enemies":"Lots of Slimes","floor":11,"turns":1},{"damage":14,"enemies":"Lagavulin","floor":12,"turns":6},{"damage":8,"enemies":"Red Slaver","floor":13,"turns":2},{"damage":0,"enemies":"2 Fungi Beasts","floor":14,"turns":2},{"damage":23,"enemies":"The Guardian","floor":16,"turns":12},{"damage":23,"enemies":"Shell Parasite","floor":18,"turns":6},{"damage":10,"enemies":"2 Thieves","floor":24,"turns":4},{"damage":16,"enemies":"Book of Stabbing","floor":25,"turns":6},{"damage":2,"enemies":"Gremlin Leader","floor":28,"turns":6},{"damage":1,"enemies":"Snake Plant","floor":29,"turns":5},{"damage":19,"enemies":"Slavers","floor":30,"turns":4},{"damage":3,"enemies":"Shelled Parasite and Fungi","floor":31,"turns":5},{"damage":15,"enemies":"Champ","floor":33,"turns":15},{"damage":8,"enemies":"3 Shapes","floor":35,"turns":4},{"damage":4,"enemies":"3 Darklings","floor":36,"turns":5},{"damage":14,"enemies":"Writhing Mass","floor":37,"turns":4},{"damage":0,"enemies":"Mind Bloom Boss Battle","floor":39,"turns":7},{"damage":38,"enemies":"Giant Head","floor":40,"turns":9},{"damage":81,"enemies":"Reptomancer","floor":44,"turns":9},{"damage":54,"enemies":"Sphere and 2 Shapes","floor":45,"turns":5},{"damage":1,"enemies":"Spire Growth","floor":46,"turns":3},{"damage":2,"enemies":"Maw","floor":47,"turns":6},{"damage":14,"enemies":"Nemesis","floor":48,"turns":7},{"damage":5,"enemies":"Time Eater","floor":50,"turns":9}],"seed_played":"3162113874783786365","potions_obtained":[{"floor":4,"key":"DistilledChaos"},{"floor":6,"key":"GamblersBrew"},{"floor":8,"key":"Energy Potion"},{"floor":11,"key":"BlessingOfTheForge"},{"floor":12,"key":"AttackPotion"},{"floor":13,"key":"EssenceOfSteel"},{"floor":16,"key":"Weak Potion"},{"floor":18,"key":"SteroidPotion"},{"floor":24,"key":"Weak Potion"},{"floor":25,"key":"Fruit Juice"},{"floor":28,"key":"ElixirPotion"},{"floor":29,"key":"ElixirPotion"},{"floor":30,"key":"GamblersBrew"},{"floor":31,"key":"HeartOfIron"},{"floor":33,"key":"BlessingOfTheForge"},{"floor":35,"key":"PowerPotion"},{"floor":36,"key":"Weak Potion"},{"floor":37,"key":"LiquidMemories"},{"floor":39,"key":"SpeedPotion"},{"floor":40,"key":"ElixirPotion"},{"floor":44,"key":"BloodPotion"},{"floor":45,"key":"DuplicationPotion"},{"floor":46,"key":"ColorlessPotion"},{"floor":47,"key":"SpeedPotion"},{"floor":48,"key":"LiquidMemories"}],"is_trial":false,"path_per_floor":["M","M","$","M","?","E","R","M","T","R","M","E","M","M","R","B",null,"M","$","?","$","?","R","M","E","T","R","E","M","E","M","R","B",null,"M","M","M","$","?","E","R","$","T","E","M","M","M","E","R","B",null],"character_chosen":"IRONCLAD","items_purchased":["Whirlwind","Membership Card","Flame Barrier","Combust","Centennial Puzzle","Potion Belt","Shrug It Off","Question Card","Armaments","Feel No Pain","Toy Ornithopter","Uppercut","PowerPotion"],"campfire_rested":2,"item_purchase_floors":[3,19,19,19,19,38,38,38,42,42,42,42,42],"current_hp_per_floor":[71,64,64,62,51,16,40,40,40,40,40,30,28,36,36,24,66,60,60,60,60,60,60,66,65,65,65,80,85,74,84,84,84,85,85,85,76,76,85,50,75,75,75,45,27,36,70,70,70,83],"gold":173,"neow_bonus":"BOSS_RELIC","is_daily":false,"chose_seed":false,"campfire_upgraded":6,"win_rate":0.0,"timestamp":1610924501,"path_taken":["M","M","$","M","?","E","R","M","T","R","M","E","M","M","R","BOSS","M","$","?","$","?","R","M","E","T","R","E","M","E","?","R","BOSS","M","M","?","?","?","E","R","$","T","E","M","M","M","E","R","BOSS"],"items_purchased_type":["Card","Relic","Card","Card","Relic","Relic","Card","Relic","Card","Card","Relic","Card","Potion"],"build_version":"2020-12-22","purchased_purges":3,"victory":true,"max_hp_per_floor":[80,80,80,80,80,80,80,80,80,80,80,80,80,80,80,80,80,80,80,80,80,80,80,80,80,80,80,80,85,85,85,85,85,85,85,85,85,85,85,85,85,85,85,85,85,85,85,85,85,85],"relic_stats":{"counters":[28,157],"Self Forming Clay":[114],"Orichalcum":[0],"Cursed Key":0,"Smiling Mask":13,"MawBank":96,"Question Card":7,"Centennial Puzzle":[51],"Bird Faced Urn":[129],"Snecko Eye":[298,298,339,321],"Champion Belt":[17],"obtain_stats":[{"Potion Belt":38,"Self Forming Clay":28,"Orichalcum":48,"Cursed Key":17,"Smiling Mask":25,"MawBank":30,"Empty Cage":34,"Question Card":38,"White Beast Statue":6,"Centennial Puzzle":19,"Bird Faced Urn":12,"Snecko Eye":0,"Membership Card":19,"Champion Belt":39,"TungstenRod":9,"Red Skull":40,"Toy Ornithopter":42,"FossilizedHelix":44},{"Potion Belt":20,"Self Forming Clay":13,"Orichalcum":27,"Cursed Key":9,"Smiling Mask":12,"MawBank":15,"Empty Cage":17,"Question Card":20,"White Beast Statue":3,"Centennial Puzzle":10,"Bird Faced Urn":6,"Snecko Eye":0,"Membership Card":10,"Champion Belt":21,"TungstenRod":4,"Red Skull":22,"Toy Ornithopter":22,"FossilizedHelix":23},{"Potion Belt":102,"Self Forming Clay":60,"Orichalcum":148,"Cursed Key":38,"Smiling Mask":54,"MawBank":69,"Empty Cage":89,"Question Card":102,"White Beast Statue":13,"Centennial Puzzle":44,"Bird Faced Urn":22,"Snecko Eye":0,"Membership Card":44,"Champion Belt":109,"TungstenRod":15,"Red Skull":118,"Toy Ornithopter":118,"FossilizedHelix":127}],"TungstenRod":145,"Toy Ornithopter":25},"card_choices":[{"not_picked":["Iron Wave","Headbutt","Twin Strike"],"picked":"SKIP","floor":1.0},{"not_picked":["Metallicize","Heavy Blade","Clash"],"picked":"SKIP","floor":2.0},{"not_picked":["Havoc","Whirlwind"],"picked":"Burning Pact","floor":4},{"not_picked":["Iron Wave","Twin Strike"],"picked":"Shrug It Off","floor":6},{"not_picked":["Shockwave","Rampage"],"picked":"Reaper","floor":8},{"not_picked":["Metallicize","Armaments"],"picked":"Feel No Pain","floor":11},{"not_picked":["Headbutt","Clothesline"],"picked":"Dropkick","floor":12},{"not_picked":["Warcry","Flex","Iron Wave"],"picked":"SKIP","floor":13},{"not_picked":["Anger","Heavy Blade"],"picked":"Dark Embrace","floor":14},{"not_picked":["Offering","Juggernaut"],"picked":"Reaper","floor":16},{"not_picked":["Flex","Perfected Strike"],"picked":"Disarm+1","floor":18},{"not_picked":["Dark Embrace","Dual Wield"],"picked":"Rupture+1","floor":24},{"not_picked":["Anger","Heavy Blade"],"picked":"Corruption","floor":25},{"not_picked":["Seeing Red+1","Cleave","Clash"],"picked":"SKIP","floor":28},{"not_picked":["Rage","Burning Pact"],"picked":"Hemokinesis","floor":29},{"not_picked":["Iron Wave","Headbutt"],"picked":"Shrug It Off+1","floor":30},{"not_picked":["Anger","Uppercut","Cleave"],"picked":"SKIP","floor":31},{"not_picked":["Berserk","Corruption"],"picked":"Exhume","floor":33},{"not_picked":["Metallicize","Combust+1","Body Slam+1"],"picked":"SKIP","floor":35},{"not_picked":["Metallicize","Combust+1"],"picked":"Body Slam+1","floor":35},{"not_picked":["Rage+1","Iron Wave","Body Slam+1"],"picked":"SKIP","floor":36},{"not_picked":["Anger","Dark Embrace+1","Infernal Blade+1"],"picked":"SKIP","floor":37},{"not_picked":["Anger","Dark Embrace+1","Infernal Blade+1"],"picked":"SKIP","floor":37},{"not_picked":["Dropkick","Blood for Blood+1","Whirlwind"],"picked":"Power Through+1","floor":39},{"not_picked":["Twin Strike+1","Sword Boomerang","Warcry"],"picked":"Limit Break","floor":40},{"not_picked":["Wild Strike","Body Slam","Perfected Strike"],"picked":"Juggernaut","floor":44},{"not_picked":["Body Slam+1","Clothesline+1","Anger","Heavy Blade"],"picked":"SKIP","floor":45},{"not_picked":["Disarm","Warcry","True Grit"],"picked":"Sentinel+1","floor":46},{"not_picked":["Twin Strike+1","Heavy Blade","Bloodletting+1"],"picked":"Pommel Strike+1","floor":47},{"not_picked":["Limit Break","Sever Soul","Rupture"],"picked":"Flame Barrier","floor":48}],"player_experience":134551,"relics_obtained":[{"floor":6,"key":"White Beast Statue"},{"floor":9,"key":"TungstenRod"},{"floor":12,"key":"Bird Faced Urn"},{"floor":25,"key":"Smiling Mask"},{"floor":28,"key":"Self Forming Clay"},{"floor":30,"key":"MawBank"},{"floor":39,"key":"Champion Belt"},{"floor":40,"key":"Red Skull"},{"floor":44,"key":"FossilizedHelix"},{"floor":48,"key":"Orichalcum"}],"event_choices":[{"damage_healed":0,"gold_gain":75,"player_choice":"Gather Gold","damage_taken":11,"max_hp_gain":0,"max_hp_loss":0,"event_name":"World of Goop","floor":5,"gold_loss":0},{"damage_healed":0,"gold_gain":0,"player_choice":"Read","damage_taken":0,"max_hp_gain":0,"max_hp_loss":0,"event_name":"The Library","floor":20,"gold_loss":0,"cards_obtained":["True Grit"]},{"damage_healed":0,"gold_gain":100,"player_choice":"Pray","damage_taken":0,"max_hp_gain":0,"max_hp_loss":0,"event_name":"Golden Shrine","floor":22,"gold_loss":0},{"damage_healed":0,"gold_gain":0,"player_choice":"Fight","damage_taken":0,"max_hp_gain":0,"max_hp_loss":0,"event_name":"MindBloom","floor":39,"gold_loss":0}],"is_beta":false,"boss_relics":[{"not_picked":["Philosopher\u0027s Stone","SacredBark"],"picked":"Cursed Key"},{"not_picked":["Sozu","Velvet Choker"],"picked":"Empty Cage"}],"items_purged_floors":[19,38,42],"is_endless":false,"potions_floor_spawned":[4,6,8,11,12,13,14,16,18,24,25,28,29,30,31,33,35,36,37,39,40,44,45,46,47,48],"ascension_level":8}}