{"host":"cwd5s03r1oaxs6mx","time":1610890202,"event":{"mods":["Act Like it!","BaseMod","Better Third Choice","BetterRewards","CapriCore","Card Filter","Colored Map","Custom Start","DeckTracker","Friendly Minions","Hubris","Infinite Spire","Marisa£¨Ùöéë¡¡Øª×âÞÞ£©","Minty Spire (QoL Compilation)","Quick Restart","Relic Stats","Shop Mod","Spicy Shops","StSLib","SuperFastMode"],"gold_per_floor":[110,110,123,138,154,154,229,143,143,143,193,193,218,233,233,233,233],"floor_reached":16,"language":"KOR","playtime":1407,"items_purged":["Strike_R","Strike_R"],"score":300,"play_id":"13e1deea-b3d9-46be-9277-21418627fecf","local_time":"20210117223002","is_ascension_mode":true,"campfire_choices":[{"data":"infinitespire:OneForAll","floor":6,"key":"SMITH"},{"data":"Entrench","floor":10,"key":"SMITH"},{"data":"Whirlwind","floor":12,"key":"SMITH"},{"floor":15,"key":"REST"}],"circlet_count":0,"master_deck":["AscendersBane","Strike_R","Strike_R","Strike_R","Defend_R","Defend_R","Defend_R","Defend_R","Bash","Shrug It Off","Entrench+1","infinitespire:OneForAll+1","Iron Wave","Whirlwind+1"],"relics":["Burning Blood","Turnip","infinitespire:WardingShard","Oddly Smooth Stone","Medical Kit","hubris:BottledRain","infinitespire:Satchel"],"acts_visited":["Exordium"],"potions_floor_usage":[4],"damage_taken":[{"damage":3,"enemies":"Small Slimes","floor":1,"turns":4},{"damage":0,"enemies":"Cultist","floor":3,"turns":4},{"damage":21,"enemies":"Jaw Worm","floor":4,"turns":9},{"damage":9,"enemies":"Looter","floor":5,"turns":4},{"damage":32,"enemies":"Gremlin Nob","floor":13,"turns":4},{"damage":9,"enemies":"Red Slaver","floor":14,"turns":3},{"damage":41,"enemies":"Slime Boss","floor":16,"turns":9}],"seed_played":"6028998853675523102","potions_obtained":[{"floor":1,"key":"Weak Potion"},{"floor":13,"key":"Strength Potion"},{"floor":14,"key":"Ancient Potion"}],"is_trial":false,"path_per_floor":["M","$","M","M","M","R","?","$","T","R","?","R","E","M","R","B"],"character_chosen":"IRONCLAD","items_purchased":["Turnip","Shrug It Off","Entrench","infinitespire:WardingShard","infinitespire:OneForAll","Oddly Smooth Stone","Medical Kit","Iron Wave","Whirlwind"],"campfire_rested":1,"item_purchase_floors":[0,0,0,0,0,0,0,0,8],"current_hp_per_floor":[71,71,75,60,57,57,46,46,46,46,46,46,20,17,39,0,0],"gold":233,"neow_bonus":"","is_daily":false,"chose_seed":false,"campfire_upgraded":3,"win_rate":0.0,"timestamp":1610890202,"path_taken":["M","$","M","M","M","R","?","$","T","R","?","R","E","M","R","BOSS"],"items_purchased_type":["Relic","Card","Card","Relic","Card","Relic","Relic","Card","Card"],"build_version":"2020-12-22","purchased_purges":2,"victory":false,"max_hp_per_floor":[75,75,75,75,75,75,75,75,75,75,75,75,75,75,75,75,75],"relic_stats":{"counters":[66,337],"Turnip":[6],"Medical Kit":[0],"obtain_stats":[{"infinitespire:BottledMercury":29,"Regal Pillow":31,"Lantern":48,"Calipers":36,"Magic Flower":36,"Juzu Bracelet":9,"Incense Burner":38,"Bag of Preparation":55,"hubris:MysteriousPyramids":0,"Empty Cage":34,"Burning Blood":0,"Sozu":17,"Dream Catcher":7,"Centennial Puzzle":23,"hubris:Icosahedron":25,"hubris:AstralHammer":0,"infinitespire:Bottled Soul":9,"DollysMirror":46,"hubris:ScarierMask":17,"Prayer Wheel":0,"Red Mask":31,"Toxic Egg 2":25,"Runic Pyramid":34,"MerchantsRug":45,"Happy Flower":48,"Oddly Smooth Stone":26,"Thread and Needle":55,"infinitespire:FocusingShard":43,"Charon\u0027s Ashes":7,"Pen Nib":10,"infinitespire:CheckeredPen":40,"War Paint":0,"hubris:Towel":36,"Medical Kit":54,"Akabeko":11,"Mercury Hourglass":20,"Strange Spoon":45,"Bottled Flame":42,"infinitespire:WardingShard":45,"infinitespire:Satchel":13,"Turnip":0,"Bag of Marbles":28,"Membership Card":0,"hubris:Potato":0,"hubris:Reverence":36,"hubris:BottledRain":9},{"infinitespire:BottledMercury":16,"Regal Pillow":48,"Lantern":55,"Calipers":50,"Magic Flower":50,"Juzu Bracelet":35,"Incense Burner":52,"Bag of Preparation":58,"hubris:MysteriousPyramids":31,"Empty Cage":19,"Burning Blood":0,"Sozu":12,"Dream Catcher":5,"Centennial Puzzle":15,"hubris:Icosahedron":15,"hubris:AstralHammer":0,"infinitespire:Bottled Soul":8,"DollysMirror":25,"hubris:ScarierMask":40,"Prayer Wheel":31,"Red Mask":18,"Toxic Egg 2":44,"Runic Pyramid":49,"MerchantsRug":53,"Happy Flower":27,"Oddly Smooth Stone":44,"Thread and Needle":30,"infinitespire:FocusingShard":23,"Charon\u0027s Ashes":35,"Pen Nib":36,"infinitespire:CheckeredPen":22,"War Paint":5,"hubris:Towel":20,"Medical Kit":29,"Akabeko":10,"Mercury Hourglass":13,"Strange Spoon":53,"Bottled Flame":23,"infinitespire:WardingShard":53,"infinitespire:Satchel":64,"Turnip":59,"Bag of Marbles":16,"Membership Card":31,"hubris:Potato":0,"hubris:Reverence":50,"hubris:BottledRain":63},{"infinitespire:BottledMercury":79,"Regal Pillow":220,"Lantern":264,"Calipers":233,"Magic Flower":233,"Juzu Bracelet":164,"Incense Burner":240,"Bag of Preparation":286,"hubris:MysteriousPyramids":143,"Empty Cage":93,"Burning Blood":0,"Sozu":67,"Dream Catcher":17,"Centennial Puzzle":77,"hubris:Icosahedron":77,"hubris:AstralHammer":0,"infinitespire:Bottled Soul":37,"DollysMirror":111,"hubris:ScarierMask":186,"Prayer Wheel":143,"Red Mask":84,"Toxic Egg 2":202,"Runic Pyramid":228,"MerchantsRug":247,"Happy Flower":119,"Oddly Smooth Stone":202,"Thread and Needle":133,"infinitespire:FocusingShard":107,"Charon\u0027s Ashes":164,"Pen Nib":168,"infinitespire:CheckeredPen":104,"War Paint":17,"hubris:Towel":96,"Medical Kit":130,"Akabeko":55,"Mercury Hourglass":70,"Strange Spoon":247,"Bottled Flame":107,"infinitespire:WardingShard":247,"infinitespire:Satchel":325,"Turnip":300,"Bag of Marbles":79,"Membership Card":143,"hubris:Potato":0,"hubris:Reverence":233,"hubris:BottledRain":321}],"Burning Blood":377},"card_choices":[{"not_picked":["Clothesline","Shrug It Off","Flame Barrier"],"picked":"SKIP","floor":1},{"not_picked":["Shrug It Off","Dual Wield","Warcry"],"picked":"SKIP","floor":3},{"not_picked":["Warcry","Headbutt","Offering"],"picked":"SKIP","floor":4},{"not_picked":["Heavy Blade","Sever Soul","Metallicize"],"picked":"SKIP","floor":5},{"not_picked":["Dark Embrace","Bloodletting","Spot Weakness"],"picked":"SKIP","floor":13},{"not_picked":["Cleave","Warcry","Clash"],"picked":"SKIP","floor":14}],"player_experience":1059766,"relics_obtained":[{"floor":9,"key":"hubris:BottledRain"},{"floor":13,"key":"infinitespire:Satchel"}],"event_choices":[{"damage_healed":0,"gold_gain":75,"player_choice":"Gold","damage_taken":11,"max_hp_gain":0,"max_hp_loss":0,"event_name":"betterThird:BetterGoop","floor":7,"gold_loss":0},{"damage_healed":0,"gold_gain":50,"player_choice":"Pray","damage_taken":0,"max_hp_gain":0,"max_hp_loss":0,"event_name":"Golden Shrine","floor":11,"gold_loss":0}],"is_beta":false,"boss_relics":[],"items_purged_floors":[0,0],"is_endless":false,"potions_floor_spawned":[1,13,14],"killed_by":"Slime Boss","ascension_level":20}}