{"host":"oytjgf0lma69qpzi","time":1610905758,"event":{"mods":["BaseMod","Colored Powertips","DeckTracker","Minty Spire (QoL Compilation)","Quick Restart"],"gold_per_floor":[10,10,27,27,40,40,73,73,124,149,99,119,44,55,55,150,150],"floor_reached":16,"language":"ENG","playtime":505,"items_purged":["Defend_B"],"score":184,"play_id":"a1785cc4-4b2a-4344-880b-1ba071a80c02","local_time":"20210117184918","is_ascension_mode":true,"campfire_choices":[{"data":"Chaos","floor":6.0,"key":"SMITH"},{"data":"Barrage","floor":8.0,"key":"SMITH"},{"data":"Dualcast","floor":15.0,"key":"SMITH"}],"circlet_count":0,"master_deck":["Strike_B","Defend_B+1","Defend_B","Defend_B","Zap+1","Dualcast+1","Chaos+1","Barrage+1","Cold Snap","Redo","BootSequence"],"relics":["Cracked Core","War Paint","Blood Vial","Turnip"],"acts_visited":[],"potions_floor_usage":[],"damage_taken":[{"damage":4.0,"enemies":"Cultist","floor":1.0,"turns":5.0},{"damage":0.0,"enemies":"Small Slimes","floor":3.0,"turns":3.0},{"damage":6.0,"enemies":"Jaw Worm","floor":5.0,"turns":5.0},{"damage":35.0,"enemies":"Gremlin Nob","floor":7.0,"turns":4.0},{"damage":13.0,"enemies":"Lagavulin","floor":10.0,"turns":4.0},{"damage":0.0,"enemies":"2 Fungi Beasts","floor":12.0,"turns":2.0},{"damage":8.0,"enemies":"Large Slime","floor":14.0,"turns":3.0},{"damage":13.0,"enemies":"Hexaghost","floor":16.0,"turns":8.0}],"seed_played":"5672664552606370683","potions_obtained":[{"floor":7.0,"key":"Block Potion"},{"floor":10.0,"key":"FearPotion"},{"floor":14.0,"key":"DuplicationPotion"}],"is_trial":false,"path_per_floor":["M","$","M","?","M","R","E","R","T","E","?","M","$","M","R","B"],"character_chosen":"DEFECT","items_purchased":[],"campfire_rested":0,"item_purchase_floors":[],"current_hp_per_floor":[71,71,71,71,65,65,30,30,30,19,19,21,21,15,15,4,4],"gold":150,"neow_bonus":"REMOVE_TWO","is_daily":false,"chose_seed":false,"campfire_upgraded":3,"win_rate":0.0,"timestamp":1610905758,"path_taken":["M","$","M","?","M","R","E","R","T","E","?","M","$","M","R","BOSS","BOSS"],"items_purchased_type":[],"build_version":"2020-12-22","purchased_purges":1,"victory":false,"max_hp_per_floor":[75,75,75,75,75,75,75,75,75,75,75,75,75,75,75,75,75],"card_choices":[{"not_picked":["Stack","Hologram","Compile Driver"],"picked":"SKIP","floor":1.0},{"not_picked":["Auto Shields","Sweeping Beam","Turbo"],"picked":"SKIP","floor":3.0},{"not_picked":["Ball Lightning","Gash"],"picked":"Chaos","floor":5.0},{"not_picked":["White Noise","Barrage","All For One"],"picked":"SKIP","floor":7.0},{"not_picked":["White Noise","All For One"],"picked":"Barrage","floor":7.0},{"not_picked":["Reprogram","Aggregate"],"picked":"Cold Snap","floor":10.0},{"not_picked":["Rebound","FTL"],"picked":"Redo","floor":12.0},{"not_picked":["Undo","Gash"],"picked":"BootSequence","floor":14.0}],"player_experience":202320,"relics_obtained":[{"floor":7.0,"key":"War Paint"},{"floor":9.0,"key":"Blood Vial"},{"floor":10.0,"key":"Turnip"}],"event_choices":[{"damage_healed":0.0,"max_hp_gain":0.0,"max_hp_loss":0.0,"gold_gain":0.0,"event_name":"Golden Idol","player_choice":"Ignored","floor":4.0,"gold_loss":0.0,"damage_taken":0.0},{"cards_removed":["Strike_B"],"damage_healed":0.0,"max_hp_gain":0.0,"max_hp_loss":0.0,"gold_gain":0.0,"event_name":"The Cleric","player_choice":"Card Removal","floor":11.0,"gold_loss":50.0,"damage_taken":0.0}],"is_beta":false,"boss_relics":[],"items_purged_floors":[13],"is_endless":false,"potions_floor_spawned":[7,10,14],"killed_by":"Hexaghost","ascension_level":3}}