{"host":"kq2g769nefmuyn7c","time":1610855243,"event":{"mods":["ATMod(∞¢Ë™Mod)","Act Like it!","BaseMod","Gensokyo","Koishi","Minty Spire (QoL Compilation)","Remilia£®¿Ÿ√◊¿Ú—«£©","Replay The Spire","StSLib","The Servant 0.9.4","Youmu£®ªÍ∆«—˝√Œ£©"],"gold_per_floor":[15,15,283,302,313,346,346,446,446,446,478,478,492,524,524,524,524],"floor_reached":16,"language":"ZHS","playtime":586,"items_purged":[],"score":180,"play_id":"7d21c8d9-4440-4f07-8cc2-eb3253a731d4","local_time":"20210117114723","is_ascension_mode":true,"campfire_choices":[{"floor":7.0,"key":"REST"},{"data":"Koishi:SilentAndRestless","floor":10.0,"key":"SMITH"},{"data":"Koishi:Bloodlust","floor":15,"key":"SMITH"}],"circlet_count":0,"master_deck":["Koishi:BasicStrike","Koishi:BasicStrike","Koishi:BasicStrike","Koishi:BasicStrike","Koishi:BasicDefend","Koishi:BasicDefend","Koishi:BasicDefend","Koishi:BasicDefend","Koishi:Provoke","Koishi:HauntingSlash","Koishi:SilentAndRestless+1","Koishi:ApparitionsStalkTheNight","Koishi:HeartAttack","Koishi:Bloodlust+1","Koishi:DNAsFlaw","Koishi:HeartAttack+1","Koishi:RorschachInDanmaku"],"relics":["Koishi:ImaginaryFriend","AT_ATBox","Gensokyo:OccultBall","MealTicket","Garlic","ReplayTheSpireMod:Lightbulb","ReplayTheSpireMod:Ninjato"],"acts_visited":["Gensokyo:Gensokyo"],"potions_floor_usage":[],"damage_taken":[{"damage":5.0,"enemies":"Gensokyo:Gryphon","floor":1.0,"turns":3.0},{"damage":26.0,"enemies":"Gensokyo:3_Fairies","floor":3.0,"turns":5.0},{"damage":1.0,"enemies":"Gensokyo:Python","floor":4.0,"turns":3.0},{"damage":3.0,"enemies":"Gensokyo:2_Rabbits","floor":5.0,"turns":3.0},{"damage":19.0,"enemies":"Gensokyo:Aya","floor":6.0,"turns":8.0},{"damage":4,"enemies":"Gensokyo:Mamizou","floor":11,"turns":5},{"damage":4,"enemies":"Gensokyo:Python_and_Kodama","floor":13,"turns":2},{"damage":3,"enemies":"Gensokyo:Aya","floor":14,"turns":3},{"damage":3,"enemies":"Gensokyo:Reimu","floor":16,"turns":2}],"seed_played":"-7670658166637358116","potions_obtained":[{"floor":6.0,"key":"Energy Potion"},{"floor":11,"key":"Regen Potion"},{"floor":13,"key":"Elixir"}],"is_trial":false,"path_per_floor":["M","?","M","M","M","E","R","?","T","R","E","?","M","E","R","B"],"character_chosen":"KOISHI","items_purchased":[],"campfire_rested":1,"item_purchase_floors":[],"current_hp_per_floor":[51,51,26,26,24,8,26,26,26,26,22,22,19,17,17,14,14],"gold":524,"neow_bonus":"THREE_RARE_CARDS","is_daily":false,"chose_seed":false,"campfire_upgraded":2,"win_rate":0.0,"timestamp":1610855243,"path_taken":["M","?","M","M","?","E","R","?","T","R","E","?","?","E","R","BOSS"],"items_purchased_type":[],"build_version":"2020-12-22","purchased_purges":0,"victory":false,"max_hp_per_floor":[60,60,60,60,60,60,60,60,60,60,60,60,60,60,60,60,60],"card_choices":[{"not_picked":["Koishi:FadingMemory","Koishi:FormlessExistence"],"picked":"Koishi:SilentAndRestless","floor":0.0},{"not_picked":["Koishi:ParalyzingFear","Koishi:BloodcurdlingScream"],"picked":"Koishi:ApparitionsStalkTheNight","floor":1.0},{"not_picked":["Koishi:GeneticsOfTheUnconscious","Koishi:ApparitionsStalkTheNight"],"picked":"Koishi:HeartAttack","floor":3.0},{"not_picked":["Koishi:PhantomStrike","Koishi:TremblingHands","Koishi:DanmakuParanoia"],"picked":"SKIP","floor":4.0},{"not_picked":["Koishi:FleetingPhantom","Koishi:PhantomStrike","Koishi:DreadfulBlow"],"picked":"SKIP","floor":5.0},{"not_picked":["Koishi:PhantomBarrier","Koishi:FreudianInstinct"],"picked":"Koishi:Bloodlust","floor":6.0},{"not_picked":["Koishi:SilentAndRestless","Koishi:StingingMind"],"picked":"Koishi:DNAsFlaw","floor":11},{"not_picked":["Koishi:SubterraneanRose","Koishi:ParalyzingFear"],"picked":"Koishi:RorschachInDanmaku","floor":13},{"not_picked":["Koishi:VengefulSpirit","Koishi:Jaunt","Koishi:CatchAndRose"],"picked":"SKIP","floor":14}],"player_experience":263049,"relics_obtained":[{"floor":3.0,"key":"Gensokyo:OccultBall"},{"floor":6.0,"key":"MealTicket"},{"floor":9.0,"key":"Garlic"},{"floor":11,"key":"ReplayTheSpireMod:Lightbulb"},{"floor":14,"key":"ReplayTheSpireMod:Ninjato"}],"event_choices":[],"is_beta":false,"boss_relics":[],"items_purged_floors":[],"is_endless":false,"potions_floor_spawned":[6,11,13],"killed_by":"Gensokyo:Reimu","ascension_level":6}}