{"host":"17xjy7b7ubl548g2","time":1610857720,"event":{"mods":["2.2 Compatiblity","Act Like it!","Aspiration","Astrologer","Bard","BaseMod","Bestiary","Challenge The Spire","ChefMod","Colored Map","Conspire","Elementarium","Energized Spire","Gensokyo","GifTheSpireLib","Halation","Hallownest","Hubris","Infinite Spire","Jedi Mod","Jorbs\u0027s Wanderer Trilogy","Marisa（霧雨　魔理沙）","Marked Mod","Menagerie","Minty Spire (QoL Compilation)","Pale of the Ancients","Permanent Neow","Puzzle Mod","Replay The Spire","Robot Space Explorer","Spicy Shops","StSLib","Stuff the Spire","The Blue Laboratory","The Bug Knight","The Construct","The Disciple","The Factory","The Hayseed","The Hierophant","The Marked","The Runesmith","The Sage","TheFirefly"],"gold_per_floor":[114,114,114,38,118,118,46,46,46,46,74,74,101,119,119,217,217,237,237,251,263,43,78,78,104,104,135,135,135,155,34,34,133,133,148,161,161,200,200,200,231,231,256,281,281,281,313,325,325,325],"floor_reached":51,"language":"ENG","playtime":3802,"items_purged":["theMarked:Strike","Injury"],"score":980,"play_id":"579bea8c-47b1-408d-97a7-daf0af738c3c","local_time":"20210116232840","is_ascension_mode":true,"campfire_choices":[{"data":"theMarked:SoldierOfQuellstein","floor":6,"key":"SMITH"},{"data":"theMarked:MaelstromOfLightning","floor":8,"key":"SMITH"},{"data":"theMarked:LightningStrikesTwice","floor":10,"key":"SMITH"},{"floor":12,"key":"REST"},{"data":"theMarked:ElectricStrings","floor":15,"key":"SMITH"},{"data":"theMarked:WardOff","floor":24,"key":"SMITH"},{"data":"theMarked:Defy","floor":28,"key":"SMITH"},{"data":"theMarked:ComboAttacks","floor":32,"key":"SMITH"},{"data":"theMarked:Abjuration","floor":40,"key":"SMITH"},{"data":"theMarked:WastefulDefense","floor":42,"key":"SMITH"},{"data":"theMarked:SoldierForm","floor":46,"key":"SMITH"},{"floor":49,"key":"REST"}],"circlet_count":0,"master_deck":["theMarked:Strike","theMarked:Defend","theMarked:Defend","theMarked:Defend","theMarked:SoldierOfQuellstein+1","theMarked:MaelstromOfLightning+1","theMarked:LightningStrikesTwice+1","theMarked:BanishingStrike+1","theMarked:TwofoldDefense","theMarked:ElectricStrings+1","theMarked:WastefulDefense+1","theMarked:Frustration","theMarked:Challenge+1","theMarked:HeritageOfTheMarked+1","theMarked:WardOff+1","theMarked:Defy+1","theMarked:AttractMetal","theMarked:ComboAttacks+1","theMarked:Abjuration+1","theMarked:Convert+1","CommonCold","theMarked:AttractMetal+1","theMarked:Frustration+1","theMarked:Parkour","theMarked:SoldierForm+1","theMarked:BanishingStrike+1"],"relics":["theMarked:ArtifactOfAir","infinitespire:Lucky Rock","Replay:Mystery Machine","StuffTheSpire:HeavyRock","energizedSpire:CursedPentagram","Sling","Guide Book","Dream Catcher","StuffTheSpire:Barrel","hubris:FunFungus","Smiling Mask","Mango","jedi:heavyjacket","energizedSpire:DeadBattery","Quantum Egg","StuffTheSpire:GrapeVine","StuffTheSpire:Mouthbags","halation:AfternoonTea","Gensokyo:DualWield","Vajra"],"acts_visited":["Exordium","Gensokyo:Gensokyo","Gensokyo:Gensokyoer"],"potions_floor_usage":[11,16,18,33,35,38,39,47],"damage_taken":[{"damage":1,"enemies":"Gensokyo:2_Kodama","floor":1,"turns":4},{"damage":29,"enemies":"Gensokyo:Mamizou","floor":11,"turns":10},{"damage":19,"enemies":"Gensokyo:Cirno","floor":13,"turns":6},{"damage":0,"enemies":"Gensokyo:Python","floor":14,"turns":2},{"damage":9,"enemies":"Gensokyo:Reimu","floor":16,"turns":7},{"damage":0,"enemies":"Gensokyo:AngelMirror","floor":18,"turns":4},{"damage":0,"enemies":"Gensokyo:2_Gloops","floor":20,"turns":4},{"damage":0,"enemies":"Gensokyo:Wraith","floor":21,"turns":4},{"damage":11,"enemies":"Gensokyo:Koishi","floor":23,"turns":5},{"damage":11,"enemies":"Gensokyo:Tenshi","floor":25,"turns":4},{"damage":0,"enemies":"Gensokyo:Reisen","floor":27,"turns":4},{"damage":0,"enemies":"Gensokyo:Chomper_and_Gloop","floor":30,"turns":4},{"damage":1,"enemies":"Gensokyo:Eiki","floor":33,"turns":6},{"damage":5,"enemies":"Gensokyo:AncientGuardian","floor":35,"turns":4},{"damage":0,"enemies":"Gensokyo:3_Boulders","floor":36,"turns":5},{"damage":23,"enemies":"conspire:MimicChest","floor":38,"turns":6},{"damage":0,"enemies":"Gensokyo:Dusk_and_Dawn","floor":39,"turns":1},{"damage":8,"enemies":"Gensokyo:Marisa","floor":41,"turns":4},{"damage":6,"enemies":"Gensokyo:Kasen","floor":44,"turns":6},{"damage":7,"enemies":"Gensokyo:Marisa","floor":47,"turns":5},{"damage":7,"enemies":"Gensokyo:4_Bats","floor":48,"turns":2},{"damage":30,"enemies":"Gensokyo:Scarlet_Devils","floor":50,"turns":6}],"seed_played":"-8355284046929495297","potions_obtained":[{"floor":1,"key":"blueLaboratory:BubblePotion"},{"floor":13,"key":"SneckoOil"},{"floor":14,"key":"blueLaboratory:FruitPunch"},{"floor":23,"key":"blueLaboratory:BottledHope"},{"floor":30,"key":"BlessingOfTheForge"},{"floor":33,"key":"LiquidMemories"},{"floor":38,"key":"SmokeBomb"},{"floor":44,"key":"blueLaboratory:FruitPunch"},{"floor":47,"key":"blueLaboratory:AbyssPotion"}],"is_trial":false,"path_per_floor":["M","?","?","$","?","R","$","R","T","R","E","R","E","M","R","B",null,"M","AVR","M","M","COS","E","R","E","T","E","R","?","M","$","R","B",null,"M","M","?","?","M","R","E","R","T","E","?","R","E","M","R","B",null],"character_chosen":"THE_DEFAULT","items_purchased":["theMarked:LightningStrikesTwice","theMarked:BanishingStrike","theMarked:TwofoldDefense","theMarked:ComboAttacks"],"campfire_rested":2,"item_purchase_floors":[4,7,7,31],"current_hp_per_floor":[62,50,50,50,50,50,50,50,50,50,21,39,20,20,20,13,52,52,52,52,52,52,41,41,30,30,44,44,44,45,45,45,54,73,70,74,74,56,56,56,52,52,52,53,53,53,53,46,70,52],"gold":325,"neow_bonus":"REMOVE_TWO","is_daily":false,"chose_seed":false,"campfire_upgraded":10,"win_rate":0.0,"timestamp":1610857720,"path_taken":["M","?","?","$","?","R","?","R","T","R","E","R","E","M","R","BOSS","M","AVR","M","M","COS","E","R","E","T","E","R","?","?","?","R","BOSS","M","M","?","?","?","R","E","R","T","E","?","R","E","M","R","BOSS"],"items_purchased_type":["Card","Card","Card","Card"],"build_version":"2020-12-22","purchased_purges":2,"victory":true,"max_hp_per_floor":[63,63,63,63,63,63,63,63,63,63,63,63,63,63,63,65,65,65,65,65,65,65,65,65,65,65,79,79,79,79,79,79,79,79,79,79,79,79,79,79,79,79,79,79,79,79,81,81,81,81],"card_choices":[{"not_picked":["theMarked:WastefulDefense","theMarked:RogueSparks"],"picked":"theMarked:MaelstromOfLightning","floor":1},{"not_picked":["theMarked:Seal","theMarked:Indomitable"],"picked":"theMarked:ElectricStrings","floor":11},{"not_picked":["theMarked:ChannelForce","theMarked:GodGivenPower"],"picked":"theMarked:WastefulDefense","floor":13},{"not_picked":["theMarked:SwordAndMagic","theMarked:TunnelVision"],"picked":"theMarked:Frustration","floor":14},{"not_picked":["theMarked:SoldierForm","theMarked:DispelDoubt"],"picked":"theMarked:Challenge","floor":16},{"not_picked":["theMarked:ResourceFulStrike","theMarked:Convert"],"picked":"theMarked:HeritageOfTheMarked+1","floor":18},{"not_picked":["theMarked:DeterminationOfTheMarked","theMarked:WastefulAttack"],"picked":"theMarked:Parkour","floor":20},{"not_picked":["theMarked:Parkour","theMarked:Static","theMarked:EmpowerWeapon"],"picked":"SKIP","floor":21},{"not_picked":["theMarked:SwordAndMagic","theMarked:Frustration+1"],"picked":"theMarked:WardOff","floor":23},{"not_picked":["theMarked:TakeCover","theMarked:Overcharge"],"picked":"theMarked:Defy","floor":25},{"not_picked":["theMarked:WastefulAttack","theMarked:MysticalArsenal"],"picked":"theMarked:AttractMetal","floor":27},{"not_picked":["theMarked:Parkour","theMarked:RepellingDischarge","theMarked:SwordAndMagic"],"picked":"SKIP","floor":30},{"not_picked":["theMarked:DispelDoubt","theMarked:FavorableWinds"],"picked":"theMarked:Abjuration","floor":33},{"not_picked":["theMarked:Parkour+1","theMarked:CreepingChasm+1"],"picked":"theMarked:Convert+1","floor":35},{"not_picked":["theMarked:HeightenedSenses+1","theMarked:ShockingTouch+1"],"picked":"theMarked:AttractMetal+1","floor":36},{"not_picked":["theMarked:ContemptForTheProud","theMarked:Aftermath+1"],"picked":"theMarked:Frustration+1","floor":38},{"not_picked":["theMarked:SwordAndMagic","theMarked:ResourceFulStrike","theMarked:ComboAttacks+1"],"picked":"SKIP","floor":41},{"not_picked":["theMarked:ElectricStrings","theMarked:Parkour"],"picked":"theMarked:SoldierForm","floor":44},{"not_picked":["theMarked:Indomitable","theMarked:Improvise+1","theMarked:SwordAndMagic"],"picked":"SKIP","floor":47},{"not_picked":["theMarked:SelfDefenseTraining","theMarked:GodGivenPower"],"picked":"theMarked:BanishingStrike+1","floor":48}],"player_experience":1810414,"relics_obtained":[{"floor":9,"key":"infinitespire:Lucky Rock"},{"floor":11,"key":"Replay:Mystery Machine"},{"floor":13,"key":"StuffTheSpire:HeavyRock"},{"floor":23,"key":"Dream Catcher"},{"floor":25,"key":"StuffTheSpire:Barrel"},{"floor":26,"key":"hubris:FunFungus"},{"floor":27,"key":"Mango"},{"floor":38,"key":"Quantum Egg"},{"floor":41,"key":"StuffTheSpire:GrapeVine"},{"floor":43,"key":"StuffTheSpire:Mouthbags"},{"floor":44,"key":"halation:AfternoonTea"},{"floor":47,"key":"Vajra"}],"event_choices":[{"damage_healed":0,"gold_gain":0,"player_choice":"Leave","damage_taken":0,"max_hp_gain":0,"max_hp_loss":0,"event_name":"conspire:Investor","floor":3,"gold_loss":0}],"is_beta":false,"boss_relics":[{"not_picked":["hubris:ScarierMask","sagemod:Falmels_Amulet"],"picked":"energizedSpire:CursedPentagram"},{"not_picked":["Replay:Bronze Core","conspire:RoyalGoblet"],"picked":"energizedSpire:DeadBattery"}],"items_purged_floors":[19,31],"is_endless":false,"potions_floor_spawned":[1,13,14,23,30,33,38,39,44,47],"ascension_level":7}}