{"host":"roto7j7840a50pxh","time":1610880001,"event":{"mods":["Act Like it!","BaseMod","Better Altar","Better Note","Better Sensory Stone","Better Skull","Better Third Choice","BetterRewards","Colored Map","Colored Powertips","Downfall","Hermit","Highlight Path","Hubris","Infinite Spire","Minty Spire (QoL Compilation)","Robot Space Explorer","Shade Mod","Spicy Shops","StSLib","The Cursed","The Dragon Tamer","The Hierophant","The Necromancer","The Runesmith","The Servant 0.9.4","TheVacant"],"gold_per_floor":[134,160,335,358,371,371,417,417,417,464,514,530,530,586,586,654,654,693,446,721,714,459,459,659,703,727,723,723,485,519,594,594,608,608,679,689,689,797,797,838,798,712,712,712,793,885,859,905,905,748],"floor_reached":51,"language":"ENG","playtime":6448,"items_purged":["hierophant:Strike_Hierophant","hierophant:Strike_Hierophant","hierophant:Strike_Hierophant","Regret","Doubt","hierophant:Community","hierophant:Strike_Hierophant"],"score":1264,"play_id":"33314d00-d483-4767-af70-db3a31290a2d","local_time":"20210117054001","is_ascension_mode":true,"campfire_choices":[{"floor":6.0,"key":"REST"},{"data":"hierophant:CoinFling","floor":8.0,"key":"SMITH"},{"data":"hierophant:PristineSoul","floor":15.0,"key":"SMITH"},{"data":"hierophant:ChurchCoffers","floor":23.0,"key":"SMITH"},{"data":"hierophant:Bribe","floor":28.0,"key":"SMITH"},{"data":"hierophant:Levitation","floor":32.0,"key":"SMITH"},{"floor":49,"key":"REST"}],"circlet_count":0,"master_deck":["hierophant:Punish","hierophant:Defend_Hierophant","hierophant:Defend_Hierophant","hierophant:Defend_Hierophant","hierophant:Defend_Hierophant","hierophant:ChurchCoffers+1","hierophant:Encroach","hierophant:OrnateJavelin","hierophant:Doomsaying","hierophant:Doubloon","hierophant:CoinFling+1","hierophant:Doubloon","Thinking Ahead","hierophant:Bribe+1","hierophant:Doubloon","hierophant:RecallFunds","hierophant:Zeal","hierophant:Doubloon","hierophant:Remorse","hierophant:Doubloon","hierophant:ConvertCurrency","hierophant:Doubloon","hierophant:Dazzle","hierophant:PristineSoul+1","hierophant:Shelter","hierophant:Sermon","hierophant:Levitation+1","hierophant:OrnateBuckler+1","hierophant:CoinFling","hierophant:Doubloon","hierophant:Sermon","hierophant:AuricBeam","hierophant:FaithHealing","hierophant:HammerAndAnvil","hierophant:RepressedViolence","hierophant:CoinFling","hierophant:Doubloon","hierophant:HammerAndAnvil+1","hierophant:Community+1","hierophant:HolyVerse","hierophant:Shelter+1","hierophant:Batter","hierophant:LocustPlague","hierophant:RustyCrate","hierophant:Doubloon","hierophant:Doubloon","hierophant:Glossolalia+1","hierophant:FieryStrike","infinitespire:TheBestDefense","hierophant:HolyVerse","Parasite","hierophant:Batter","hubris:DuctTapeCard","hierophant:Patience","hierophant:ThreeLashes+1"],"relics":["hierophant:PropheticMaskRelic","Membership Card","Eternal Feather","hierophant:DonationBoxRelic","infinitespire:WardingShard","Darkstone Periapt","InkBottle","Orrery","Blue Candle","Runesmith:AutoHammer","Bronze Scales","hubris:DuctTape","hubris:VirtuousBlindfold","hubris:Towel","Ginger","infinitespire:Lucky Rock","Akabeko","hubris:Potato","Strawberry"],"acts_visited":["Exordium","TheCity","TheBeyond"],"potions_floor_usage":[46,46,50],"damage_taken":[{"damage":0.0,"enemies":"2 Louse","floor":1.0,"turns":3.0},{"damage":6.0,"enemies":"Jaw Worm","floor":2.0,"turns":5.0},{"damage":1.0,"enemies":"Cultist","floor":4.0,"turns":5.0},{"damage":20.0,"enemies":"Large Slime","floor":5.0,"turns":9.0},{"damage":0.0,"enemies":"Exordium Wildlife","floor":7.0,"turns":3.0},{"damage":14.0,"enemies":"3 Sentries","floor":10.0,"turns":9.0},{"damage":0.0,"enemies":"2 Fungi Beasts","floor":11.0,"turns":3.0},{"damage":7.0,"enemies":"Exordium Thugs","floor":12.0,"turns":5.0},{"damage":14.0,"enemies":"Lots of Slimes","floor":14.0,"turns":4.0},{"damage":23.0,"enemies":"The Guardian","floor":16.0,"turns":18.0},{"damage":5.0,"enemies":"2 Thieves","floor":18.0,"turns":4.0},{"damage":5.0,"enemies":"Chosen","floor":21.0,"turns":4.0},{"damage":21.0,"enemies":"Gremlin Leader","floor":25.0,"turns":11.0},{"damage":49.0,"enemies":"Book of Stabbing","floor":27.0,"turns":7.0},{"damage":9.0,"enemies":"Snake Plant","floor":30.0,"turns":5.0},{"damage":0.0,"enemies":"Shelled Parasite and Fungi","floor":31.0,"turns":10.0},{"damage":37.0,"enemies":"hubris:MusketHawk","floor":33.0,"turns":15.0},{"damage":11.0,"enemies":"3 Darklings","floor":35.0,"turns":5.0},{"damage":0.0,"enemies":"Orb Walker","floor":36.0,"turns":3.0},{"damage":19.0,"enemies":"4 Shapes","floor":38.0,"turns":16.0},{"damage":9.0,"enemies":"Reptomancer","floor":40.0,"turns":6.0},{"damage":7.0,"enemies":"Maw","floor":42.0,"turns":11.0},{"damage":0.0,"enemies":"Writhing Mass","floor":45.0,"turns":5.0},{"damage":15,"enemies":"Nemesis","floor":46,"turns":5},{"damage":8,"enemies":"Transient","floor":47,"turns":5},{"damage":9,"enemies":"Jaw Worm Horde","floor":48,"turns":2},{"damage":26,"enemies":"Awakened One","floor":50,"turns":12}],"seed_played":"7684349515870642671","potions_obtained":[{"floor":1.0,"key":"Ancient Potion"},{"floor":7.0,"key":"Weak Potion"},{"floor":12.0,"key":"SneckoOil"},{"floor":13.0,"key":"AttackPotion"},{"floor":13.0,"key":"champ:CounterPotion"},{"floor":13.0,"key":"LiquidBronze"},{"floor":27.0,"key":"CultistPotion"},{"floor":30.0,"key":"Guardian:BlockOnCardUsePotion"},{"floor":31.0,"key":"Regen Potion"},{"floor":33.0,"key":"Dexterity Potion"}],"is_trial":false,"path_per_floor":["M","M","?","M","M","R","M","R","T","E","M","M","?","M","R","B",null,"M","$","?","M","$","R","?","E","T","E","R","$","M","M","R","B",null,"M","M","?","M","AVR","E","?","M","T","T","M","E","M","M","R","B",null],"character_chosen":"HIEROPHANT","items_purchased":["hierophant:Encroach","hierophant:OrnateJavelin","hierophant:Doomsaying","hierophant:Doubloon","Membership Card","Eternal Feather","hierophant:CoinFling","hierophant:DonationBoxRelic","infinitespire:WardingShard","hierophant:Community","hierophant:CoinFling","Orrery","hierophant:CoinFling","Blue Candle","hierophant:Racketeering","hierophant:HolyVerse"],"campfire_rested":2,"item_purchase_floors":[0,0,0,0,0,0,0,0,0,19,19,19,22,22,22,29],"current_hp_per_floor":[31,25,25,24,4,38,38,53,53,39,39,32,32,18,36,13,75,70,70,76,71,71,81,81,60,60,11,35,35,26,26,50,28,81,70,70,70,51,51,42,42,35,35,35,41,33,25,16,77,51],"gold":748,"neow_bonus":"","is_daily":false,"chose_seed":false,"campfire_upgraded":5,"win_rate":0.0,"timestamp":1610880001,"path_taken":["M","M","?","M","M","R","M","R","T","E","M","M","?","M","R","BOSS","M","?","?","M","$","R","?","E","T","E","R","$","M","M","R","BOSS","M","M","?","M","AVR","E","?","?","T","?","M","E","M","M","R","BOSS"],"items_purchased_type":["Card","Card","Card","Card","Relic","Relic","Card","Relic","Relic","Card","Card","Relic","Card","Relic","Card","Card"],"build_version":"2020-12-22","purchased_purges":7,"victory":true,"max_hp_per_floor":[75,75,75,75,75,75,75,75,75,75,75,75,75,75,75,75,75,75,75,81,81,81,81,81,81,81,81,81,81,81,81,81,81,81,81,81,81,81,81,81,81,81,81,81,87,94,94,94,94,94],"card_choices":[{"not_picked":["hierophant:Shelter","hierophant:Zeal"],"picked":"hierophant:Bribe","floor":1.0},{"not_picked":["hierophant:SecretStash","hierophant:Smite"],"picked":"hierophant:RecallFunds","floor":2.0},{"not_picked":["hierophant:AuricBeam","hierophant:Smite"],"picked":"hierophant:Zeal","floor":4.0},{"not_picked":["hierophant:ThreeLashes","hierophant:HammerAndAnvil"],"picked":"hierophant:Remorse","floor":5.0},{"not_picked":["hierophant:CoinFling","hierophant:DisplayOfPower"],"picked":"hierophant:ConvertCurrency","floor":7.0},{"not_picked":["hierophant:TollTheBells","hierophant:RustyCrate"],"picked":"hierophant:Dazzle","floor":10.0},{"not_picked":["hierophant:Patience","hierophant:Doubloon"],"picked":"hierophant:PristineSoul","floor":11.0},{"not_picked":["hierophant:MorningPrayer","hierophant:Racketeering"],"picked":"hierophant:Shelter","floor":12.0},{"not_picked":["hierophant:SolarFlare","hierophant:Chorus"],"picked":"hierophant:Sermon","floor":14.0},{"not_picked":["hierophant:BulkyChest","hierophant:Cornucopia"],"picked":"hierophant:Levitation","floor":16.0},{"not_picked":["hierophant:Purify","hierophant:PassingBell"],"picked":"hierophant:OrnateBuckler+1","floor":18.0},{"not_picked":["hierophant:Empathy","hierophant:MorningPrayer"],"picked":"hierophant:Sermon","floor":19.0},{"not_picked":["hierophant:Empathy+1","hierophant:Sermon"],"picked":"hierophant:Racketeering","floor":19.0},{"not_picked":["hierophant:Smite","hierophant:Purify"],"picked":"hierophant:AuricBeam","floor":19.0},{"not_picked":["hierophant:Remorse","hierophant:Repentance"],"picked":"hierophant:FaithHealing","floor":19.0},{"not_picked":["hierophant:Generosity","hierophant:OrnateJavelin"],"picked":"hierophant:HammerAndAnvil","floor":19.0},{"not_picked":["hierophant:Doomsaying","hierophant:OrnateBuckler"],"picked":"hierophant:RepressedViolence","floor":21.0},{"not_picked":["hierophant:Remorse","hierophant:Smite+1"],"picked":"hierophant:HammerAndAnvil+1","floor":25.0},{"not_picked":["hierophant:DivineIntervention","hierophant:HammerAndAnvil"],"picked":"hierophant:Community+1","floor":27.0},{"not_picked":["hierophant:MorningPrayer","hierophant:DisplayOfPower"],"picked":"hierophant:Shelter+1","floor":30.0},{"not_picked":["hierophant:PassingBell+1","hierophant:MorningPrayer"],"picked":"hierophant:Batter","floor":31.0},{"not_picked":["hierophant:MintersHammer","hierophant:BulkyChest"],"picked":"hierophant:LocustPlague","floor":33.0},{"not_picked":["hierophant:RecallFunds+1","hierophant:Smite"],"picked":"hierophant:RustyCrate","floor":35.0},{"not_picked":["hierophant:Prophecy","hierophant:SecretStash+1"],"picked":"hierophant:Glossolalia","floor":36.0},{"not_picked":["hierophant:DivineIntervention","hierophant:Community"],"picked":"hierophant:FieryStrike","floor":38.0},{"not_picked":["hierophant:TollTheBells","hierophant:SealAway"],"picked":"hierophant:HolyVerse","floor":40.0},{"not_picked":["hierophant:SecretStash","hierophant:MorningPrayer+1","hierophant:Doomsaying"],"picked":"SKIP","floor":42.0},{"not_picked":["hierophant:Chorus","hierophant:Alms"],"picked":"hierophant:Batter","floor":45.0},{"not_picked":["hierophant:HammerAndAnvil","hierophant:RepressedViolence+1"],"picked":"hierophant:Patience","floor":46},{"not_picked":["hierophant:OrnateBuckler+1","hierophant:FieryStrike","hierophant:Alms+1"],"picked":"SKIP","floor":47},{"not_picked":["hierophant:Smite","hierophant:Blessing"],"picked":"hierophant:ThreeLashes+1","floor":48}],"player_experience":1549912,"relics_obtained":[{"floor":9.0,"key":"Darkstone Periapt"},{"floor":10.0,"key":"InkBottle"},{"floor":25.0,"key":"Runesmith:AutoHammer"},{"floor":26.0,"key":"Bronze Scales"},{"floor":27.0,"key":"hubris:DuctTape"},{"floor":40.0,"key":"infinitespire:Lucky Rock"},{"floor":43.0,"key":"Akabeko"},{"floor":44.0,"key":"hubris:Potato"},{"floor":46,"key":"Strawberry"}],"event_choices":[{"damage_healed":0.0,"max_hp_gain":0.0,"max_hp_loss":0.0,"gold_gain":175.0,"event_name":"betterThird:BetterSerpent","player_choice":"AGREE","floor":3.0,"gold_loss":0.0,"damage_taken":160.0},{"damage_healed":0.0,"max_hp_gain":0.0,"max_hp_loss":0.0,"gold_gain":0.0,"event_name":"Lab","player_choice":"Got Potions","floor":13.0,"gold_loss":0.0,"damage_taken":0.0},{"damage_healed":0.0,"max_hp_gain":0.0,"max_hp_loss":0.0,"gold_gain":275.0,"event_name":"Golden Shrine","player_choice":"Desecrate","floor":20.0,"gold_loss":0.0,"damage_taken":0.0,"cards_obtained":["Regret"]},{"damage_healed":0.0,"max_hp_gain":0.0,"max_hp_loss":0.0,"gold_gain":200.0,"event_name":"Wheel of Change","player_choice":"Gold","floor":24.0,"gold_loss":0.0,"damage_taken":0.0},{"damage_healed":0.0,"max_hp_gain":0.0,"max_hp_loss":0.0,"gold_gain":0.0,"event_name":"Designer","player_choice":"Upgrade","floor":41.0,"gold_loss":40.0,"damage_taken":0.0,"cards_upgraded":["hierophant:Glossolalia"]}],"is_beta":false,"boss_relics":[{"not_picked":[]},{"not_picked":["bronze:MakeshiftBattery","Runesmith:UraniumAnvil"],"picked":"hubris:VirtuousBlindfold"}],"items_purged_floors":[0,19,19,22,29,29,39],"is_endless":false,"potions_floor_spawned":[1,7,12,14,16,27,30,31,33,36,38,42],"ascension_level":4}}