{"host":"xp5rvh2jwe2ejyfm","time":1610900241,"event":{"mods":["BaseMod","Hermit","Minty Spire (QoL Compilation)","Replay The Spire","StSLib","The Construct","The Disciple","The Necromancer","The Runesmith"],"gold_per_floor":[113,288,299,299,319,319,350,350,350,350,362,362,378,398,398,501,501,521,521,521,45,65,65,84,84,84,411,326,326,326],"floor_reached":29,"language":"ENG","playtime":920,"items_purged":[],"score":243,"play_id":"dd36d2d1-dea3-4921-9158-3270342c9a43","local_time":"20210117111721","is_ascension_mode":false,"campfire_choices":[{"data":"Blood_Curse","floor":6,"key":"SMITH"},{"floor":8,"key":"REST"},{"data":"Grasp_Heart","floor":10,"key":"SMITH"},{"floor":12,"key":"REST"},{"data":"Negative_Energy_Arrows","floor":15,"key":"SMITH"},{"data":"Reap_The_Weak","floor":23,"key":"SMITH"},{"floor":25,"key":"REST"}],"circlet_count":0,"master_deck":["Strike_W","Strike_W","Strike_W","Strike_W","Defend_W","Defend_W","Defend_W","Defend_W","Negative_Energy_Arrows+1","Bone_Wall","Blood_Curse+1","Doubt","Negative_Energy_Mist","Plague_Bolt","Grasp_Heart+1","Death_Coil","Bone_Armor+1","Plague_Bolt","Reap_The_Weak+1","Negative_Energy_Mist+1","Bone_Armory","Blood_Curse+1","Consume_Illness+1","Reap_The_Weak"],"relics":["Vampire_Amulet","NeowsBlessing","Toxic Egg 2","Replay:Bottled Flurry","Black Star","Iron Hammer","HornCleat","Simple Rune","Replay:Accelerometer","Old Coin","Replay:Baseball","Anchor"],"acts_visited":["Exordium","TheCity"],"potions_floor_usage":[7,14,27,27],"damage_taken":[{"damage":0,"enemies":"Small Slimes","floor":1,"turns":1},{"damage":0,"enemies":"2 Louse","floor":3,"turns":1},{"damage":0,"enemies":"Cultist","floor":5,"turns":1},{"damage":57,"enemies":"Gremlin Nob","floor":7,"turns":7},{"damage":12,"enemies":"Large Slime","floor":11,"turns":5},{"damage":13,"enemies":"Red Slaver","floor":13,"turns":2},{"damage":0,"enemies":"Exordium Wildlife","floor":14,"turns":3},{"damage":41,"enemies":"Hexaghost","floor":16,"turns":10},{"damage":14,"enemies":"3 Byrds","floor":18,"turns":6},{"damage":11,"enemies":"Chosen","floor":22,"turns":4},{"damage":3,"enemies":"Snake Plant","floor":24,"turns":3},{"damage":75,"enemies":"Slavers","floor":27,"turns":9},{"damage":10,"enemies":"Centurion and Healer","floor":29,"turns":4}],"seed_played":"-1195788434987334996","potions_obtained":[{"floor":3,"key":"LifebloodPotion"},{"floor":11,"key":"Block Potion"},{"floor":18,"key":"DuplicationPotion"},{"floor":22,"key":"Block Potion"}],"is_trial":false,"path_per_floor":["M","?","M","?","M","R","E","R","T","R","M","R","M","M","R","B",null,"M","?","T","$","M","R","M","R","T","E","?","M"],"character_chosen":"NECROMANCER","items_purchased":["Bone_Armory","HornCleat","Simple Rune"],"campfire_rested":3,"item_purchase_floors":[21,21,21],"current_hp_per_floor":[75,75,75,75,75,75,20,42,42,42,34,56,45,49,49,10,75,67,67,67,67,58,58,57,75,75,6,6,0,0],"gold":326,"neow_bonus":"THREE_ENEMY_KILL","is_daily":false,"chose_seed":false,"campfire_upgraded":4,"win_rate":0.0,"timestamp":1610900241,"path_taken":["M","?","M","?","M","R","E","R","T","R","M","R","?","M","R","BOSS","M","?","?","$","M","R","M","R","T","E","?","M"],"items_purchased_type":["Card","Relic","Relic"],"build_version":"2020-12-22","purchased_purges":0,"victory":false,"max_hp_per_floor":[75,75,75,75,75,75,75,75,75,75,75,75,75,75,75,75,75,75,75,75,75,75,75,75,75,75,75,75,75,75],"card_choices":[{"not_picked":["Bone_Shift","Negative_Energy_Shield"],"picked":"Blood_Curse","floor":1},{"not_picked":["Deaths_Shadow","Blood_Curse"],"picked":"Negative_Energy_Mist","floor":3},{"not_picked":["Bones_to_Steel","Chill_Blood"],"picked":"Plague_Bolt","floor":5},{"not_picked":["Spectral_Walk+1","Exploit"],"picked":"Grasp_Heart","floor":7},{"not_picked":["Deaths_Shadow","Negative_Energy_Shield+1"],"picked":"Death_Coil","floor":11},{"not_picked":["Blood_Curse","Flesh_Made_Foul"],"picked":"Bone_Armor+1","floor":13},{"not_picked":["Negative_Energy_Javelin","Negative_Energy_Mist+1"],"picked":"Plague_Bolt","floor":14},{"not_picked":["Blood_Magic","Blood_Wake"],"picked":"Reap_The_Weak","floor":16},{"not_picked":["Toxic_Smoke_Screen+1","Chill_Blood+1"],"picked":"Negative_Energy_Mist+1","floor":18},{"not_picked":["Toxic_Smoke_Screen+1","Life_Tap+1"],"picked":"Blood_Curse+1","floor":22},{"not_picked":["Negative_Energy_Mist+1","Blood_Is_Power+1"],"picked":"Consume_Illness+1","floor":24},{"not_picked":["Toxic_Smoke_Screen+1","Negative_Energy_Shield+1"],"picked":"Reap_The_Weak","floor":27}],"player_experience":205174,"relics_obtained":[{"floor":7,"key":"Toxic Egg 2"},{"floor":9,"key":"Replay:Bottled Flurry"},{"floor":26,"key":"Replay:Accelerometer"},{"floor":27,"key":"Old Coin"},{"floor":27,"key":"Replay:Baseball"}],"event_choices":[{"damage_healed":0,"gold_gain":175,"player_choice":"AGREE","damage_taken":0,"max_hp_gain":0,"max_hp_loss":0,"event_name":"Liars Game","floor":2,"gold_loss":0,"cards_obtained":["Doubt"]},{"damage_healed":0,"gold_gain":0,"player_choice":"Ignored","damage_taken":0,"max_hp_gain":0,"max_hp_loss":0,"event_name":"Purifier","floor":4,"gold_loss":0},{"damage_healed":0,"gold_gain":0,"player_choice":"Obtained Relic","damage_taken":0,"relics_obtained":["Anchor"],"max_hp_gain":0,"max_hp_loss":0,"event_name":"Addict","floor":28,"gold_loss":85}],"is_beta":false,"boss_relics":[{"not_picked":["ReplayTheSpireMod:DimensionalGlitch","Cursed Key"],"picked":"Black Star"}],"items_purged_floors":[],"is_endless":false,"potions_floor_spawned":[3,11,18,22],"killed_by":"Centurion and Healer","ascension_level":0}}