{"host":"4c7oxphrh4ok8x7u","time":1610899708,"event":{"mods":["100% Spire Juice","2.2 Compatiblity","Act Like it!","Arknights The Spire","Aspiration","BaseMod","Better Skull","Better Vampires","BetterRewards","Challenge The Spire","Conjunction","Conspire","Custom Start","Dota2Spire","Ekko","Evolution","Fiend Mod","Friendly Minions","FruityMod","GifTheSpireLib","Good Game Mod","Halation","Hermit","HololiveMod","Hubris","Hyrulean Relics","Jedi Mod","Jess\u0027s Bottle","Kratos Character Expansion","Minty Spire (QoL Compilation)","MostiFishMod","Permanent Neow","Poor People Problems","Prisma Mod","Quarter Circle Forward PUNCH!","RatMod","Replay The Spire","Robot Space Explorer","SCP261 Mod","Shade Mod","Slay the Relics Exporter","Small Relic Pack","Spicy Shops","Spikes Relics","Spires And Sneckos","StS++","StSLib","Stuff the Spire","The Animator","The Blue Laboratory","The Death Knight","The Edgeheg","The Exalted","The Fake Hero","The Trickster","TheVacant","TheWitcher","Wandering Minibosses","WarShipGirlsR/????R mod","[GremlinLeader]The Maniac"],"gold_per_floor":[112,127,127,141,141,152,183,193,193,226,226,244,276,288,288,388,388,401,416,428,428,445,445,112,112,112,144,160,160,175,192,192,295,295,295],"floor_reached":34,"language":"RUS","playtime":2066,"items_purged":[],"score":548,"play_id":"004a8a6f-1261-42c0-ba3e-a07f57b51426","local_time":"20210117190828","is_ascension_mode":false,"campfire_choices":[{"data":"Deflect","floor":15,"key":"SMITH"},{"data":"MostiFishMod:VineMother","floor":23,"key":"SMITH"},{"data":"MostiFishMod:LethalBlade","floor":32,"key":"SMITH"}],"circlet_count":0,"master_deck":["rat:RuptureArtery","rat:RuptureArtery","rat:RuptureArtery","rat:RuptureArtery","rat:RuptureArtery","Cloak And Dagger","Cloak And Dagger","Cloak And Dagger","Cloak And Dagger","Cloak And Dagger","Survivor","Neutralize","Poisoned Stab","Toxin Wave","rat:Garrote","MostiFishMod:VineMother+1","Deflect+1","StSpp:Anticipation","MostiFishMod:LethalBlade+1","rat:Garrote+1","Notoriety","Deflect","MostiFishMod:ThornCasing","rat:Dispatch","Slice+1","Well Laid Plans"],"relics":["Ring of the Snake","EVO:Axolotl","DaveBox","REME:ComplimentaryCards","aspiration:Nostalgia","ats:Sanity","SynthV:TestCard","Happy Flower","Iron Hammer","Vajra","FaceOfCleric","Dota2Spire:EtherealBlade","ReplayTheSpireMod:DimensionalGlitch","hubris:AncientText","Paper Crane","Ornamental Fan","Pet Ghost","wanderingMiniBosses:CarrionFlame","SlaversCollar"],"acts_visited":["Exordium","TheCity"],"potions_floor_usage":[13,13,22,33,33],"damage_taken":[{"damage":0,"enemies":"Cultist","floor":1,"turns":2},{"damage":0,"enemies":"2 Louse","floor":2,"turns":2},{"damage":0,"enemies":"Small Slimes","floor":4,"turns":3},{"damage":10,"enemies":"Exordium Thugs","floor":6,"turns":3},{"damage":12,"enemies":"3 Sentries","floor":7,"turns":7},{"damage":5,"enemies":"Exordium Wildlife","floor":8,"turns":4},{"damage":13,"enemies":"Lagavulin","floor":10,"turns":4},{"damage":0,"enemies":"3 Louse","floor":12,"turns":1},{"damage":3,"enemies":"3 Sentries","floor":13,"turns":4},{"damage":0,"enemies":"Red Slaver","floor":14,"turns":2},{"damage":0,"enemies":"Fading Forest","floor":16,"turns":11},{"damage":30,"enemies":"3 Byrds","floor":18,"turns":5},{"damage":0,"enemies":"2 Thieves","floor":19,"turns":3},{"damage":16,"enemies":"Snecko","floor":20,"turns":4},{"damage":15,"enemies":"Snake Plant","floor":22,"turns":5},{"damage":7,"enemies":"conspire:SneckoGhost","floor":27,"turns":5},{"damage":3,"enemies":"conspire:HollyBat","floor":28,"turns":6},{"damage":0,"enemies":"Snecko","floor":30,"turns":3},{"damage":1,"enemies":"Snake Plant","floor":31,"turns":4},{"damage":0,"enemies":"conspire:MysteriousRune","floor":33,"turns":6}],"seed_played":"-832099979421304313","potions_obtained":[{"floor":2,"key":"jedi:wingpotion"},{"floor":6,"key":"blueLaboratory:PhilterOfMotion"},{"floor":7,"key":"StSpp:SecondWindPotion"},{"floor":8,"key":"Block Potion"},{"floor":18,"key":"Fire Potion"},{"floor":22,"key":"Venom Potion"},{"floor":31,"key":"Venom Potion"}],"is_trial":false,"path_per_floor":["M","M","T","M","?","M","E","M","T","E","?","M","E","M","R","B",null,"M","M","M","?","M","R","$","?","T","E","M","?","M","M","R","B",null],"character_chosen":"THE_SILENT","items_purchased":["Paper Crane","MostiFishMod:ThornCasing"],"campfire_rested":0,"item_purchase_floors":[24,24],"current_hp_per_floor":[71,71,71,71,71,61,49,44,44,31,31,32,30,31,31,42,75,46,47,32,32,18,18,18,18,18,12,10,10,11,11,11,12,12,12],"gold":295,"neow_bonus":"NOSTALGIA","is_daily":false,"chose_seed":false,"campfire_upgraded":3,"win_rate":0.0,"timestamp":1610899708,"path_taken":["M","M","?","?","?","M","E","M","T","E","?","M","E","M","R","BOSS","M","M","M","?","?","R","?","?","T","E","M","?","?","M","R","BOSS"],"items_purchased_type":["Relic","Card"],"build_version":"2020-12-22","purchased_purges":0,"victory":false,"max_hp_per_floor":[71,71,71,71,71,71,71,71,71,71,71,72,73,74,74,75,75,76,77,78,78,79,79,79,79,79,80,81,81,82,83,83,84,84,84],"card_choices":[{"not_picked":["Acrobatics","Blade Dance"],"picked":"Poisoned Stab","floor":1},{"not_picked":["Choke","Crippling Poison","jedi:pocketpoison","Dodge and Roll"],"picked":"Toxin Wave","floor":2},{"not_picked":["Backflip","Dagger Spray","Quick Slash","rat:SiphonBlood","rat:Shadowstep"],"picked":"SKIP","floor":4},{"not_picked":["StSpp:PoisonousPunch","Flying Knee","MostiFishMod:InvigoratingSolution","Blade Dance"],"picked":"rat:Garrote","floor":6},{"not_picked":["StuffTheSpire:BumpUp","Prepared","jedi:rejectivetoxin","rat:Shadowstep"],"picked":"MostiFishMod:VineMother","floor":7},{"not_picked":["Underhanded Strike","rat:Shadowstep","MostiFishMod:HiddenBlade","Masterful Stab","rat:DextrousStrike"],"picked":"SKIP","floor":8},{"not_picked":["MostiFishMod:PerfectParry","hubris:Sniper","Poisoned Stab","Blade Dance","Dagger Throw"],"picked":"SKIP","floor":10},{"not_picked":["StSpp:TimeParadox","rat:Garrote","StSpp:Lure","rat:EchoingStrikes"],"picked":"Deflect","floor":12},{"not_picked":["Underhanded Strike","Die Die Die","Dodge and Roll","StuffTheSpire:Repulse"],"picked":"StSpp:Anticipation","floor":13},{"not_picked":["PiercingWail","StuffTheSpire:BumpUp","Dagger Spray","StSpp:SpareBlade","rat:SilveredBlade"],"picked":"SKIP","floor":14},{"not_picked":["MostiFishMod:AdrenalineArouse","MostiFishMod:Dislodge","MostiFishMod:ShivMaster","Phantasmal Killer"],"picked":"MostiFishMod:LethalBlade","floor":16},{"not_picked":["StuffTheSpire:BumpUp","jedi:pocketpoison","Dagger Throw","ReplayTheSpireMod:Scrap Shanks","MostiFishMod:InvigoratingSolution"],"picked":"SKIP","floor":18},{"not_picked":["StuffTheSpire:Python+1","rat:EchoingStrikes","Cloak And Dagger","StuffTheSpire:BumpUp+1"],"picked":"rat:Garrote+1","floor":19},{"not_picked":["Atom Bomb","StSpp:Throw","MostiFishMod:PerfectParry","Outmaneuver","MostiFishMod:FrostNova"],"picked":"SKIP","floor":20},{"not_picked":["MostiFishMod:PerfectParry+1","Acrobatics","rat:RuptureArtery","rat:DextrousStrike+1"],"picked":"Deflect","floor":22},{"not_picked":["rat:MoondustBomb+1","StSpp:ChainedTrap","Expertise+1","rat:SilveredBlade"],"picked":"rat:Dispatch","floor":27},{"not_picked":["StuffTheSpire:Python","StuffTheSpire:ClusterCrunch","Flying Knee+1","ReplayTheSpireMod:The Works","Bane+1"],"picked":"SKIP","floor":28},{"not_picked":["Quick Slash","Bane","Deadly Poison","Poison Darts"],"picked":"Slice+1","floor":30},{"not_picked":["Outmaneuver","Prepared+1","Fluid Movement","Predator+1"],"picked":"Well Laid Plans","floor":31}],"player_experience":711983,"relics_obtained":[{"floor":1,"key":"SynthV:TestCard"},{"floor":7,"key":"Happy Flower"},{"floor":9,"key":"Iron Hammer"},{"floor":10,"key":"Vajra"},{"floor":13,"key":"Dota2Spire:EtherealBlade"},{"floor":26,"key":"Ornamental Fan"},{"floor":27,"key":"Pet Ghost"},{"floor":31,"key":"wanderingMiniBosses:CarrionFlame"}],"event_choices":[{"damage_healed":0,"gold_gain":0,"player_choice":"Disagree","damage_taken":0,"max_hp_gain":0,"max_hp_loss":0,"event_name":"conspire:LoneGhost","floor":5,"gold_loss":0},{"damage_healed":0,"gold_gain":0,"player_choice":"Trade","damage_taken":0,"relics_obtained":["FaceOfCleric"],"max_hp_gain":0,"max_hp_loss":0,"event_name":"FaceTrader","floor":11,"gold_loss":0},{"damage_healed":0,"gold_gain":0,"player_choice":"Leave","damage_taken":0,"max_hp_gain":0,"max_hp_loss":0,"event_name":"conspire:Investor","floor":25,"gold_loss":0}],"is_beta":false,"boss_relics":[{"not_picked":["aspiration:DefectSkillbook","Bromod:ArcaneGrace"],"picked":"ReplayTheSpireMod:DimensionalGlitch"},{"not_picked":["halation:SmartPhone","aspiration:RunicSpoon"],"picked":"SlaversCollar"}],"items_purged_floors":[],"is_endless":false,"potions_floor_spawned":[2,6,7,8,18,22,31],"ascension_level":0}}