{"host":"0qlrtuw7bw78ucw4","time":1610859662,"event":{"mods":["BaseMod","Downfall","Minty Spire (QoL Compilation)","StSLib"],"gold_per_floor":[99,99,199,199,299,330,353,368,388,402,402,420,420,452,470,470,470,470],"floor_reached":16,"language":"ENG","playtime":836,"items_purged":[],"score":203,"play_id":"9de61d8e-0d7b-4f64-8051-0c473f79d604","local_time":"20210117160102","is_ascension_mode":true,"campfire_choices":[{"data":"Slimebound:CorrosiveSpit","floor":1.0,"key":"SMITH"},{"data":"Slimebound:Split","floor":13.0,"key":"SMITH"}],"circlet_count":0,"master_deck":["AscendersBane","Slimebound:Strike_Slimebound","Slimebound:Strike_Slimebound","Slimebound:Tackle","Slimebound:Defend_Slimebound","Slimebound:Defend_Slimebound","Slimebound:Defend_Slimebound","Slimebound:Defend_Slimebound","Slimebound:Split+1","Slimebound:CorrosiveSpit+1","Slimebound:FlameTackle","Slimebound:GoopTackle","Slimebound:SlimeSpikes","Slimebound:LivingWall","Slimebound:LivingWall","Slimebound:MegaLick","Slimebound:Prepare"],"relics":["Slimebound:AbsorbEndCombat","downfall:HeartsMalice","downfall:GremlinWheel","Omamori","Centennial Puzzle","Nunchaku"],"acts_visited":["Exordium"],"potions_floor_usage":[14,16,16],"damage_taken":[{"damage":0.0,"enemies":"Small Slimes","floor":2.0,"turns":1.0},{"damage":0.0,"enemies":"Small Slimes","floor":5.0,"turns":1.0},{"damage":0.0,"enemies":"Gremlin Nob","floor":6.0,"turns":1.0},{"damage":4.0,"enemies":"Jaw Worm","floor":8.0,"turns":4.0},{"damage":0.0,"enemies":"Cultist","floor":9.0,"turns":3.0},{"damage":18.0,"enemies":"Gremlin Gang","floor":10.0,"turns":6.0},{"damage":1.0,"enemies":"3 Louse","floor":12.0,"turns":4.0},{"damage":11,"enemies":"3 Sentries","floor":14,"turns":6},{"damage":0,"enemies":"Large Slime","floor":15,"turns":4},{"damage":153,"enemies":"DF_ARCHETYPE_STREAMLINE","floor":16,"turns":17}],"seed_played":"2200944454874463157","potions_obtained":[{"floor":5.0,"key":"PowerPotion"},{"floor":8.0,"key":"ColorlessPotion"},{"floor":10.0,"key":"AttackPotion"},{"floor":11.0,"key":"FairyPotion"},{"floor":14,"key":"SpeedPotion"}],"is_trial":false,"path_per_floor":["R","M","?","?","?","E","T","M","M","M","?","M","R","E","M","B"],"character_chosen":"SLIMEBOUND","items_purchased":[],"campfire_rested":0,"item_purchase_floors":[],"current_hp_per_floor":[59,59,59,59,59,59,59,57,58,42,42,44,44,34,37,0,0,0],"gold":470,"neow_bonus":"THREE_ENEMY_KILL","is_daily":false,"chose_seed":false,"campfire_upgraded":2,"win_rate":0.0,"timestamp":1610859662,"path_taken":["R","M","?","?","?","E","T","M","M","?","?","M","R","E","M","BOSS"],"items_purchased_type":[],"build_version":"2020-12-22","purchased_purges":0,"victory":false,"max_hp_per_floor":[65,65,65,65,65,65,65,65,65,65,65,65,65,65,65,65,65,65],"card_choices":[{"not_picked":["Slimebound:LeechEnergy","Slimebound:SplitLeeching"],"picked":"Slimebound:FlameTackle","floor":2.0},{"not_picked":["Slimebound:SlimeBarrage","Slimebound:RollThrough"],"picked":"Slimebound:GoopTackle","floor":6.0},{"not_picked":["Slimebound:ProtectTheBoss","Slimebound:FormOfPuddle"],"picked":"Slimebound:SlimeSpikes","floor":8.0},{"not_picked":["Slimebound:FlameTackle","Slimebound:ComboTackle","Slimebound:LeechingTouch"],"picked":"SKIP","floor":9.0},{"not_picked":["Slimebound:SplitAcid","Slimebound:RejuvenatingLick"],"picked":"Slimebound:LivingWall","floor":10.0},{"not_picked":["Slimebound:ComboTackle","Slimebound:ItLooksTasty"],"picked":"Slimebound:LivingWall","floor":12.0},{"not_picked":["Slimebound:GoopTackle","Slimebound:SamplingLick"],"picked":"Slimebound:MegaLick","floor":14},{"not_picked":["Slimebound:SamplingLick","Slimebound:GoopTackle"],"picked":"Slimebound:Prepare","floor":15}],"player_experience":847437,"relics_obtained":[{"floor":5.0,"key":"downfall:GremlinWheel"},{"floor":6.0,"key":"Omamori"},{"floor":7.0,"key":"Centennial Puzzle"},{"floor":14,"key":"Nunchaku"}],"event_choices":[{"damage_healed":0.0,"max_hp_gain":0.0,"max_hp_loss":0.0,"gold_gain":0.0,"event_name":"Lab","player_choice":"Got Potions","floor":11.0,"gold_loss":0.0,"damage_taken":0.0}],"is_beta":false,"boss_relics":[],"items_purged_floors":[],"is_endless":false,"potions_floor_spawned":[5,8,10,14],"killed_by":"DF_ARCHETYPE_STREAMLINE","ascension_level":10}}