{"host":"g5ztulhog0otympt","time":1610887820,"event":{"mods":["AchievementEnabler","BaseMod","Downfall","Hermit","Minty Spire (QoL Compilation)","StSLib","The Cursed"],"gold_per_floor":[115,115,115,48,58,58,87,87,87,87,113,132,48,59,59,157,157,175,192,192,192,192,192,206,206,206,221,221,221,235,252,252,355,355,366,384,384,384],"floor_reached":37,"language":"ENG","playtime":1791,"items_purged":[],"score":429,"play_id":"ae88d8c5-806e-4d89-950f-3473262c94ae","local_time":"20210117145020","is_ascension_mode":false,"campfire_choices":[{"data":"Poisoned Stab","floor":6,"key":"SMITH"},{"data":"Bouncing Flask","floor":10,"key":"SMITH"},{"floor":15,"key":"REST"},{"floor":23,"key":"REST"},{"floor":25,"key":"REST"},{"floor":32,"key":"REST"}],"circlet_count":0,"master_deck":["Strike_G+1","Strike_G+1","Strike_G+1","Strike_G+1","Strike_G+1","Defend_G+1","Defend_G+1","Defend_G+1","Defend_G+1","Defend_G+1","Survivor+1","Neutralize","Poisoned Stab+1","Bouncing Flask+1","Flechettes+1","Bane+1","Dark Shackles","Venomology+1","CurseOfTheBell","Infinite Blades+1","Deadly Poison+1","Venomology","PiercingWail","Poisoned Stab+1"],"relics":["Ring of the Snake","NeowsBlessing","Pen Nib","Molten Egg 2","Pocketwatch","Bottled Lightning","Calling Bell","Tiny Chest","Mango","Meat on the Bone","Nilry\u0027s Codex","Pear","War Paint","SlaversCollar"],"acts_visited":["Exordium","TheCity","TheBeyond"],"potions_floor_usage":[11,16,16,18,18,19,24,24,27,33,33,33,35,35,36,36,37,37,37,37],"damage_taken":[{"damage":0,"enemies":"Jaw Worm","floor":1,"turns":1},{"damage":0,"enemies":"Small Slimes","floor":5,"turns":1},{"damage":0,"enemies":"Gremlin Nob","floor":7,"turns":1},{"damage":23,"enemies":"3 Sentries","floor":11,"turns":6},{"damage":0,"enemies":"Cultist","floor":12,"turns":2},{"damage":0,"enemies":"2 Fungi Beasts","floor":14,"turns":2},{"damage":4,"enemies":"Hexaghost","floor":16,"turns":6},{"damage":30,"enemies":"2 Thieves","floor":18,"turns":4},{"damage":13,"enemies":"3 Byrds","floor":19,"turns":4},{"damage":8,"enemies":"3 Cultists","floor":24,"turns":6},{"damage":21,"enemies":"Sentry and Sphere","floor":27,"turns":5},{"damage":0,"enemies":"Snecko","floor":30,"turns":4},{"damage":2,"enemies":"Shelled Parasite and Fungi","floor":31,"turns":3},{"damage":71,"enemies":"Automaton","floor":33,"turns":12},{"damage":39,"enemies":"3 Shapes","floor":35,"turns":4},{"damage":45,"enemies":"3 Darklings","floor":36,"turns":9},{"damage":30,"enemies":"Transient","floor":37,"turns":4}],"seed_played":"-6554383397328473550","potions_obtained":[{"floor":1,"key":"Slimebound:ThreeZeroPotion"},{"floor":11,"key":"Dexterity Potion"},{"floor":12,"key":"Weak Potion"},{"floor":14,"key":"SkillPotion"},{"floor":18,"key":"Strength Potion"},{"floor":31,"key":"sneckomod:MuddlingPotion"},{"floor":33,"key":"Strength Potion"},{"floor":35,"key":"ColorlessPotion"}],"is_trial":false,"path_per_floor":["M","$","?","?","M","R","E","?","T","R","E","M","$","M","R","B",null,"M","M","$","?","?","R","M","R","T","M","T","?","M","M","R","B",null,"M","M","M"],"character_chosen":"THE_SILENT","items_purchased":["Dark Shackles"],"campfire_rested":4,"item_purchase_floors":[13],"current_hp_per_floor":[70,70,70,70,70,70,70,70,70,70,47,47,47,47,68,64,84,54,53,53,37,37,62,54,79,89,68,68,68,68,66,94,35,94,55,22,0,0],"gold":384,"neow_bonus":"THREE_ENEMY_KILL","is_daily":false,"chose_seed":false,"campfire_upgraded":2,"win_rate":0.0,"timestamp":1610887820,"path_taken":["M","$","?","?","?","R","E","?","T","R","E","M","?","M","R","BOSS","M","M","$","?","?","R","M","R","T","?","?","?","M","M","R","BOSS","M","M","M"],"items_purchased_type":["Card"],"build_version":"2020-12-22","purchased_purges":0,"victory":false,"max_hp_per_floor":[70,70,70,70,70,70,70,70,70,70,70,70,70,70,70,70,84,84,84,84,84,84,84,84,84,94,94,94,94,94,94,94,94,94,94,94,94,94],"card_choices":[{"not_picked":["Calculated Gamble","Blade Dance","Prepared"],"picked":"SKIP","floor":1},{"not_picked":["Blade Dance","Terror"],"picked":"Poisoned Stab","floor":5},{"not_picked":["Deflect","Backflip"],"picked":"Bouncing Flask","floor":7},{"not_picked":["Noxious Fumes","Heel Hook+1"],"picked":"Flechettes+1","floor":11},{"not_picked":["Deadly Poison","Outmaneuver"],"picked":"Bane+1","floor":12},{"not_picked":["Cloak And Dagger","Calculated Gamble","Night Terror"],"picked":"SKIP","floor":14},{"not_picked":["Bullet Time","Storm of Steel"],"picked":"Venomology","floor":16},{"not_picked":["PiercingWail","Leg Sweep","Accuracy"],"picked":"SKIP","floor":18},{"not_picked":["Prepared","Outmaneuver","Reflex"],"picked":"SKIP","floor":19},{"not_picked":["Acrobatics+1","Accuracy+1"],"picked":"Infinite Blades+1","floor":24},{"not_picked":["Dodge and Roll","Flying Knee+1","Well Laid Plans"],"picked":"SKIP","floor":27},{"not_picked":["Flechettes+1","Calculated Gamble"],"picked":"Deadly Poison+1","floor":30},{"not_picked":["Wraith Form v2","Deadly Poison","Dodge and Roll"],"picked":"SKIP","floor":31},{"not_picked":["Malaise","Wraith Form v2"],"picked":"Venomology","floor":33},{"not_picked":["Cloak And Dagger","Dagger Throw+1"],"picked":"PiercingWail","floor":35},{"not_picked":["Slice+1","Deadly Poison+1"],"picked":"Poisoned Stab+1","floor":36}],"player_experience":79942,"relics_obtained":[{"floor":7,"key":"Molten Egg 2"},{"floor":9,"key":"Pocketwatch"},{"floor":11,"key":"Bottled Lightning"},{"floor":17,"key":"Tiny Chest"},{"floor":17,"key":"Mango"},{"floor":17,"key":"Meat on the Bone"},{"floor":21,"key":"Nilry\u0027s Codex"},{"floor":26,"key":"Pear"},{"floor":28,"key":"War Paint"}],"event_choices":[{"damage_healed":0,"gold_gain":0,"player_choice":"Ignored","damage_taken":0,"max_hp_gain":0,"max_hp_loss":0,"event_name":"Golden Wing","floor":3,"gold_loss":0},{"damage_healed":0,"gold_gain":0,"player_choice":"Paid Gold","damage_taken":0,"relics_obtained":["Pen Nib"],"max_hp_gain":0,"max_hp_loss":0,"event_name":"WeMeetAgain","floor":4,"gold_loss":67},{"damage_healed":0,"gold_gain":0,"player_choice":"Leave","damage_taken":0,"max_hp_gain":0,"max_hp_loss":0,"event_name":"The Cleric","floor":8,"gold_loss":0},{"damage_healed":0,"gold_gain":0,"player_choice":"Obtained Book","damage_taken":16,"max_hp_gain":0,"max_hp_loss":0,"event_name":"Cursed Tome","floor":21,"gold_loss":0},{"damage_healed":0,"gold_gain":0,"player_choice":"Simplicity","damage_taken":0,"max_hp_gain":0,"max_hp_loss":0,"event_name":"Back to Basics","floor":22,"gold_loss":0,"cards_upgraded":["Strike_G","Strike_G","Strike_G","Strike_G","Strike_G","Defend_G","Defend_G","Defend_G","Defend_G","Defend_G"]},{"damage_healed":0,"gold_gain":0,"player_choice":"Ignored","damage_taken":0,"max_hp_gain":0,"max_hp_loss":0,"event_name":"NoteForYourself","floor":29,"gold_loss":0}],"is_beta":false,"boss_relics":[{"not_picked":["Fusion Hammer","HoveringKite"],"picked":"Calling Bell"},{"not_picked":["Runic Dome","Tiny House"],"picked":"SlaversCollar"}],"items_purged_floors":[],"is_endless":false,"potions_floor_spawned":[1,11,12,14,18,19,31,33,35],"killed_by":"Transient","ascension_level":0}}