{"host":"vra53s4gynvpqhud","time":1610864535,"event":{"mods":["100% Spire Juice","A Magickal Journey","AchievementEnabler","Arknights The Spire","Aspiration","BaseMod","Better Match","Better Third Choice","BetterRewards","Conspire","Energized Spire","Evolution","Friendly Minions","GifTheSpireLib","Hermit","HexUI Lib","Highlight Path","Hubris","Infinite Spire","Jorbs\u0027s Wanderer Trilogy","Mad Scientist","Magitek Elite","Mathematician","Minty Spire (QoL Compilation)","Permanent Neow","Poor People Problems","Quick Restart","Rare Cards Sparkle","Remove Card Discount Mod","Replay The Spire","Shop Mod","Somnambulant","StSLib","The Cursed","The Gatherer","The Hierophant","The Jungle","The Mystic","The Necromancer","The Poker Player","The Runesmith","egg"],"gold_per_floor":[119,41,41,59,59,86,18,18,18,35,45,57,57,57],"floor_reached":13,"language":"ENG","playtime":1269,"items_purged":["Runesmith:Strike_RS","Runesmith:Strike_RS","Runesmith:Defend_RS","Runesmith:Defend_RS","Runesmith:Defend_RS"],"score":85,"play_id":"5a810b14-f683-4047-9754-421382d8aaa0","local_time":"20210117012215","is_ascension_mode":false,"campfire_choices":[{"data":"Runesmith:Permafrost","floor":8,"key":"SMITH"}],"circlet_count":0,"master_deck":["Runesmith:Strike_RS","Runesmith:Defend_RS","Runesmith:CraftFirestone+1","Runesmith:Fortify","Runesmith:CraftMagma","Runesmith:LithiumIon","Runesmith:PoweredAnvil","Runesmith:CraftProtectio","Runesmith:Permafrost+1"],"relics":["Runesmith:BrokenRuby","EVO:Axolotl","Guard_Bracelet","Bottled Tornado"],"acts_visited":["Exordium"],"potions_floor_usage":[6,10,10,11,12,13],"damage_taken":[{"damage":1,"enemies":"Cultist","floor":1,"turns":3},{"damage":0,"enemies":"Small Slimes","floor":4,"turns":3},{"damage":19,"enemies":"3 Sentries","floor":6,"turns":3},{"damage":2,"enemies":"Jaw Worm","floor":10,"turns":4},{"damage":11,"enemies":"Large Slime","floor":11,"turns":5},{"damage":13,"enemies":"Exordium Wildlife","floor":12,"turns":4},{"damage":39,"enemies":"Gremlin Nob","floor":13,"turns":4}],"seed_played":"1482130463800744749","potions_obtained":[{"floor":4,"key":"Reflective Coating"},{"floor":5,"key":"AttackPotion"},{"floor":5,"key":"EntropicBrew"},{"floor":5,"key":"Doom Potion"},{"floor":11,"key":"PowerPotion"}],"is_trial":false,"path_per_floor":["M","$","?","M","?","E","$","R","T","M","M","M","E"],"character_chosen":"RUNESMITH_CLASS","items_purchased":["Runesmith:LithiumIon","Runesmith:Permafrost"],"campfire_rested":0,"item_purchase_floors":[2,7],"current_hp_per_floor":[69,69,69,69,69,50,50,50,50,48,37,24,0,0],"gold":57,"neow_bonus":"UPGRADE_CARD","is_daily":false,"chose_seed":false,"campfire_upgraded":1,"win_rate":0.0,"timestamp":1610864535,"path_taken":["M","$","?","?","?","E","$","R","T","?","M","M","E"],"items_purchased_type":["Card","Card"],"build_version":"2020-12-22","purchased_purges":5,"victory":false,"max_hp_per_floor":[70,70,70,70,70,70,70,70,70,70,70,70,70,70],"card_choices":[{"not_picked":["Runesmith:Attraction","Runesmith:HammerThrow"],"picked":"Runesmith:CraftMagma","floor":1},{"not_picked":["Runesmith:CraftProtectio","Runesmith:UnstableHammer"],"picked":"Runesmith:PoweredAnvil","floor":4},{"not_picked":["Runesmith:FieryHammer","Runesmith:CraftMagma"],"picked":"Runesmith:CraftProtectio","floor":6},{"not_picked":["Runesmith:HammerTime","Runesmith:StaticCage","Runesmith:CraftProtectio"],"picked":"SKIP","floor":10},{"not_picked":["Runesmith:ChargedHammer","Runesmith:Grindstone","Runesmith:CraftMagma"],"picked":"SKIP","floor":11},{"not_picked":["Runesmith:WhiteBalance","Runesmith:Repurpose","Runesmith:NanitesCloud"],"picked":"SKIP","floor":12}],"player_experience":184796,"relics_obtained":[{"floor":6,"key":"Guard_Bracelet"},{"floor":9,"key":"Bottled Tornado"}],"event_choices":[{"cards_removed":["Runesmith:Strike_RS"],"damage_healed":0,"gold_gain":0,"player_choice":"Purged","damage_taken":0,"max_hp_gain":0,"max_hp_loss":0,"event_name":"Purifier","floor":3,"gold_loss":0},{"damage_healed":0,"gold_gain":0,"player_choice":"Got Potions","damage_taken":0,"max_hp_gain":0,"max_hp_loss":0,"event_name":"Lab","floor":5,"gold_loss":0}],"is_beta":false,"boss_relics":[],"items_purged_floors":[2,2,2,2,2],"is_endless":false,"potions_floor_spawned":[4,11],"killed_by":"Gremlin Nob","ascension_level":0}}