{"host":"7qoz5gmva6til3yp","time":1610868457,"event":{"mods":["AchievementEnabler","BaseMod","Minty Spire (QoL Compilation)","Replay The Spire","StSLib","SuperFastMode"],"gold_per_floor":[113,188,188,204,129,129,161,161,161,21,21,21,21],"floor_reached":12,"language":"KOR","playtime":168,"items_purged":["Strike_R"],"score":188,"play_id":"cc6d1272-0090-484c-b4b4-0c1c38c25dc1","local_time":"20210117162737","is_ascension_mode":true,"campfire_choices":[{"data":"Rage","floor":6,"key":"SMITH"},{"data":"Bash","floor":8,"key":"SMITH"}],"circlet_count":0,"master_deck":["AscendersBane","Strike_R","Strike_R","Strike_R","Defend_R","Defend_R","Defend_R","Bash+1","Rage+1","Sword Boomerang","Second Wind","Feel No Pain"],"relics":["Burning Blood","NeowsBlessing","Chameleon Ring","Bag of Preparation"],"acts_visited":["Exordium"],"potions_floor_usage":[12],"damage_taken":[{"damage":0,"enemies":"2 Louse","floor":1,"turns":1},{"damage":0,"enemies":"Small Slimes","floor":4,"turns":2},{"damage":0,"enemies":"3 Sentries","floor":7,"turns":2},{"damage":74,"enemies":"Lagavulin","floor":12,"turns":9}],"seed_played":"2138068141207702672","potions_obtained":[{"floor":4,"key":"SpeedPotion"},{"floor":7,"key":"ColorlessPotion"}],"is_trial":false,"path_per_floor":["M","?","?","M","?","R","E","R","T","$","?","E"],"character_chosen":"IRONCLAD","items_purchased":["Second Wind","Feel No Pain"],"campfire_rested":0,"item_purchase_floors":[10,10],"current_hp_per_floor":[74,63,63,69,69,69,75,75,75,75,68,0,0],"gold":21,"neow_bonus":"THREE_ENEMY_KILL","is_daily":false,"chose_seed":false,"campfire_upgraded":2,"win_rate":0.0,"timestamp":1610868457,"path_taken":["M","?","?","M","?","R","E","R","T","$","?","E"],"items_purchased_type":["Card","Card"],"build_version":"2020-12-22","purchased_purges":1,"victory":false,"max_hp_per_floor":[75,75,75,75,75,75,75,75,75,75,75,75,75],"card_choices":[{"not_picked":["Anger","Thunderclap","Sword Boomerang"],"picked":"SKIP","floor":1},{"not_picked":["Heavy Blade","Warcry"],"picked":"Rage","floor":4},{"not_picked":["Ghostly Armor","Body Slam"],"picked":"Sword Boomerang","floor":7}],"player_experience":369751,"relics_obtained":[{"floor":7,"key":"Chameleon Ring"},{"floor":9,"key":"Bag of Preparation"}],"event_choices":[{"damage_healed":0,"gold_gain":75,"player_choice":"Gather Gold","damage_taken":11,"max_hp_gain":0,"max_hp_loss":0,"event_name":"World of Goop","floor":2,"gold_loss":0},{"damage_healed":0,"gold_gain":0,"player_choice":"Ignored","damage_taken":0,"max_hp_gain":0,"max_hp_loss":0,"event_name":"Golden Idol","floor":3,"gold_loss":0},{"cards_removed":["Strike_R"],"damage_healed":0,"gold_gain":0,"player_choice":"Card Removal","damage_taken":0,"max_hp_gain":0,"max_hp_loss":0,"event_name":"The Cleric","floor":5,"gold_loss":75},{"cards_removed":["Defend_R"],"damage_healed":0,"gold_gain":0,"player_choice":"Card Removal","damage_taken":7,"max_hp_gain":0,"max_hp_loss":0,"event_name":"Golden Wing","floor":11,"gold_loss":0}],"is_beta":false,"boss_relics":[],"items_purged_floors":[10],"is_endless":false,"potions_floor_spawned":[4,7],"killed_by":"Lagavulin","ascension_level":18}}