{"host":"87e8r31j2s2gs0rw","time":1610893904,"event":{"mods":["BaseMod","BetterRewards","Colored Powertips","Downfall","Minty Spire (QoL Compilation)","Shop Mod","StSLib","The Bug Knight"],"gold_per_floor":[99,157,257,272,285,297,323,323,12,28,39,39,39,49,62,166,216,216,231,231,231,249,114,167,187,200,200,200,200],"floor_reached":27,"language":"ENG","playtime":5096,"items_purged":[],"score":232,"play_id":"3865e7a4-ff63-4a8e-9ac5-0ff3bacbafdd","local_time":"20210117153144","is_ascension_mode":false,"campfire_choices":[{"data":"hexamod:Float","floor":1.0,"key":"SMITH"},{"floor":8.0,"key":"REST"},{"data":"hexamod:EtherealExpedition","floor":12.0,"key":"SMITH"},{"data":"hexamod:TimeOfNeed","floor":18.0,"key":"SMITH"}],"circlet_count":0,"master_deck":["hexamod:Strike","hexamod:Strike","hexamod:Strike","hexamod:Strike","hexamod:Defend","hexamod:Defend","hexamod:Defend","hexamod:Sear","hexamod:Float+1","hexamod:HauntingEcho","hexamod:AdvancingGuard","hexamod:GhostOfSpireFuture","hexamod:WildfireWeapon","hexamod:FourthSeal","expansioncontent:DashGenerateEvil","hexamod:EtherealExpedition+1","hexamod:PhantomCloak+1","hexamod:RecurringNightmare+1","hexamod:RetreatToShadows","hexamod:Again","hexamod:TimeOfNeed+1","hexamod:AdvancingGuard","hexamod:NightmareStrike+1","hexamod:BacktrackSmack+1","hexamod:FifthSeal","hexamod:ChargedBarrage+1","hexamod:Again+1","hexamod:AdvancingGuard+1","hexamod:HeatShield+1"],"relics":["hexamod:SpiritBrand","TungstenRod","HollowMod:PaleOreRelic","Membership Card","MerchantsRug","Tiny House","Toxic Egg 2","Regal Pillow"],"acts_visited":["Exordium","TheCity"],"potions_floor_usage":[],"damage_taken":[{"damage":37.0,"enemies":"3 Sentries","floor":2.0,"turns":10.0},{"damage":1.0,"enemies":"Small Slimes","floor":4.0,"turns":4.0},{"damage":0.0,"enemies":"Jaw Worm","floor":5.0,"turns":3.0},{"damage":0.0,"enemies":"Cultist","floor":6.0,"turns":4.0},{"damage":0.0,"enemies":"downfall:FleeingMerchant","floor":9.0,"turns":4.0},{"damage":6.0,"enemies":"Blue Slaver","floor":10.0,"turns":3.0},{"damage":0.0,"enemies":"Gremlin Gang","floor":11.0,"turns":3.0},{"damage":9.0,"enemies":"3 Louse","floor":14.0,"turns":3.0},{"damage":1.0,"enemies":"2 Fungi Beasts","floor":15.0,"turns":2.0},{"damage":22.0,"enemies":"WA_ARCHETYPE_RETAIN","floor":16.0,"turns":8.0},{"damage":6.0,"enemies":"Shell Parasite","floor":19.0,"turns":8.0},{"damage":6.0,"enemies":"Spheric Guardian","floor":22.0,"turns":5.0},{"damage":0.0,"enemies":"downfall:FleeingMerchant","floor":23.0,"turns":4.0},{"damage":20.0,"enemies":"3 Cultists","floor":25.0,"turns":6.0},{"damage":1.0,"enemies":"Centurion and Healer","floor":26.0,"turns":11.0},{"damage":35,"enemies":"Cultist and Chosen","floor":27,"turns":5}],"seed_played":"-7453277118473513593","potions_obtained":[{"floor":4.0,"key":"SmokeBomb"},{"floor":6.0,"key":"champ:CounterPotion"},{"floor":10.0,"key":"GamblersBrew"},{"floor":10.0,"key":"SneckoOil"},{"floor":14.0,"key":"Explosive Potion"},{"floor":15.0,"key":"champ:CounterPotion"},{"floor":16.0,"key":"Guardian:BlockOnCardUsePotion"},{"floor":16.0,"key":"SkillPotion"},{"floor":17.0,"key":"BlessingOfTheForge"},{"floor":19.0,"key":"GamblersBrew"},{"floor":22.0,"key":"BlessingOfTheForge"},{"floor":25.0,"key":"SpeedPotion"}],"is_trial":false,"path_per_floor":["R","?","?","M","M","M","T","R","$","M","M","R","?","M","M","B",null,"R","M","?","?","M","$","T","M","M","M"],"character_chosen":"THE_SPIRIT","items_purchased":["Membership Card","MerchantsRug","expansioncontent:DashGenerateEvil","hexamod:EtherealExpedition","Toxic Egg 2","hexamod:ChargedBarrage+1","hexamod:Again+1"],"campfire_rested":1,"item_purchase_floors":[9,9,9,9,23,23,23],"current_hp_per_floor":[77,40,40,39,39,39,39,62,62,56,56,56,56,47,46,24,82,82,76,61,61,55,55,55,35,34,0,0,0],"gold":200,"neow_bonus":"TEN_PERCENT_HP_BONUS","is_daily":false,"chose_seed":false,"campfire_upgraded":3,"win_rate":0.0,"timestamp":1610893904,"path_taken":["R","?","?","M","M","M","T","R","$","?","M","R","?","?","M","BOSS","R","M","?","?","?","$","T","M","?","M"],"items_purchased_type":["Relic","Relic","Card","Card","Relic","Card","Card"],"build_version":"2020-12-22","purchased_purges":0,"victory":false,"max_hp_per_floor":[77,77,77,77,77,77,77,77,77,77,77,77,77,77,77,77,82,82,82,87,87,87,87,87,87,87,87,87,87],"card_choices":[{"not_picked":["hexamod:SwordOfDarkness","hexamod:BacktrackSmack"],"picked":"hexamod:HauntingEcho","floor":2.0},{"not_picked":["hexamod:GhostLash","hexamod:SkipABeat"],"picked":"hexamod:AdvancingGuard","floor":4.0},{"not_picked":["hexamod:NecessarySacrifice","hexamod:DynamicBlow"],"picked":"hexamod:GhostOfSpireFuture","floor":5.0},{"not_picked":["hexamod:Hexaguard","hexamod:HeatMetal"],"picked":"hexamod:WildfireWeapon","floor":6.0},{"not_picked":["hexamod:GhostOfSpirePast","hexamod:Hexaguard"],"picked":"hexamod:FourthSeal","floor":9.0},{"not_picked":["hexamod:SkipABeat","hexamod:Incineration"],"picked":"hexamod:PhantomCloak","floor":10.0},{"not_picked":["hexamod:PhantomCloak","hexamod:SpectersWail"],"picked":"hexamod:RecurringNightmare","floor":11.0},{"not_picked":["hexamod:FourthSeal","hexamod:Firestarter"],"picked":"hexamod:RetreatToShadows","floor":14.0},{"not_picked":["hexamod:ThermalTransfer","hexamod:Hexaguard"],"picked":"hexamod:Again","floor":15.0},{"not_picked":["hexamod:ParanormalForm","hexamod:GhostOfSpirePresent"],"picked":"hexamod:TimeOfNeed","floor":16.0},{"not_picked":["hexamod:SpectersWail","hexamod:RainOfEmbers"],"picked":"hexamod:AdvancingGuard","floor":17.0},{"not_picked":["hexamod:SoulSteal+1","hexamod:Hexaguard"],"picked":"hexamod:NightmareStrike+1","floor":19.0},{"not_picked":["hexamod:SoulSteal","hexamod:BurningTouch"],"picked":"hexamod:BacktrackSmack+1","floor":22.0},{"not_picked":["hexamod:AdvancingGuard","hexamod:Firestarter+1"],"picked":"hexamod:FifthSeal","floor":23.0},{"not_picked":["hexamod:SwordOfDarkness","hexamod:BurningTouch+1"],"picked":"hexamod:AdvancingGuard+1","floor":25.0},{"not_picked":["hexamod:BacktrackSmack","hexamod:SpectersWail"],"picked":"hexamod:HeatShield+1","floor":26.0}],"player_experience":128992,"relics_obtained":[{"floor":2.0,"key":"TungstenRod"},{"floor":7.0,"key":"HollowMod:PaleOreRelic"},{"floor":24.0,"key":"Regal Pillow"}],"event_choices":[{"damage_healed":0.0,"max_hp_gain":0.0,"max_hp_loss":0.0,"gold_gain":0.0,"event_name":"Accursed Blacksmith","player_choice":"Forge","floor":21.0,"gold_loss":0.0,"damage_taken":0.0,"cards_upgraded":["hexamod:RecurringNightmare"]}],"is_beta":false,"boss_relics":[{"not_picked":["Snecko Eye","Sozu"],"picked":"Tiny House"}],"items_purged_floors":[],"is_endless":false,"potions_floor_spawned":[4,6,10,16,22,25],"killed_by":"Cultist and Chosen","ascension_level":0}}