{"host":"5dk97cf2ubw2v967","time":1610878366,"event":{"mods":["AlwaysNeverKeys","BaseMod","Better Altar","Better Vampires","Block Reminder","Colored Powertips","Downfall","Googly Eyes","Highlight Path","Minty Spire (QoL Compilation)","Permanent Neow","Potion Indicator Mod","Quick Restart","Relic Filter","Relic Stats","Say the Spire","Spicy Shops","StSLib","Waifu the Spire","everything is the same but u backflip on backflip"],"gold_per_floor":[99,119,133,118,138,38,164,198,198,216,242,72,87,87,97,201,201,101,115,133,118,118,118,141,156,256,256,256,289,289,289,299,404,404,304,321,332,348,45,73,99,126,143,152,176,44,60,60,85,85,85,124,12,12,12,12],"floor_reached":57,"language":"ENG","playtime":4552,"items_purged":["Writhe"],"score":1326,"play_id":"34fcfc6f-c115-416e-afed-69dbd4251ce8","local_time":"20210117101246","is_ascension_mode":true,"campfire_choices":[{"floor":1,"key":"RECALL"},{"data":"Guardian:PrismaticBeam","floor":6,"key":"SMITH"},{"data":"Guardian:TimeSifter","floor":9,"key":"SMITH"},{"floor":18,"key":"REST"},{"floor":23,"key":"REST"},{"data":"Guardian:Defend_Guardian","floor":27,"key":"PURGE"},{"data":"Guardian:Strike_Guardian+1","floor":30,"key":"PURGE"},{"data":"Guardian:Defend_Guardian","floor":35,"key":"PURGE"},{"floor":54,"key":"REST"}],"circlet_count":0,"master_deck":["Guardian:Defend_Guardian","Guardian:CurlUp","Guardian:TwinSlam","Guardian:Preprogram","Guardian:PrismaticBeam+1","Guardian:FuturePlans","Guardian:TimeSifter+1","Guardian:Emergency","Guardian:DecasProtection+1","Guardian:StasisField+1","Guardian:PrismaticBarrier+1","Guardian:TimeCapacitor","Guardian:SpikerProtocol","Guardian:ShieldCharger+1","Guardian:ChargeUp","Guardian:BronzeArmor","Guardian:WalkerClaw+1","Guardian:PrismaticBeam+1","expansioncontent:AwakenDeath","expansioncontent:LastStand","expansioncontent:Chronoboost","downfall:Aged","Guardian:ShieldCharger+1","Guardian:TemporalShield","Guardian:TemporalShield+1","Guardian:PrismaticBeam"],"relics":["Philosopher\u0027s Stone","downfall:HeartBlessingRed","Tiny House","Letter Opener","Kunai","Lee\u0027s Waffle","Fusion Hammer","downfall:HeartBlessingGreen","Peace Pipe","MutagenicStrength","Blood Vial","Black Star","downfall:HeartBlessingBlue","DollysMirror","War Paint","Juzu Bracelet","CeramicFish","PreservedInsect","Guardian:StasisEgg","The Courier","Sundial","Bronze Scales"],"acts_visited":["Exordium","TheCity","TheBeyond","TheEnding"],"potions_floor_usage":[8,8,11,20,29,33,33,39,39,49,49,49,50,55,56],"damage_taken":[{"damage":3,"enemies":"Cultist","floor":2,"turns":4},{"damage":4,"enemies":"Small Slimes","floor":3,"turns":3},{"damage":5,"enemies":"downfall:FleeingMerchant","floor":4,"turns":4},{"damage":5,"enemies":"2 Louse","floor":5,"turns":3},{"damage":0,"enemies":"Gremlin Nob","floor":8,"turns":2},{"damage":22,"enemies":"3 Louse","floor":10,"turns":3},{"damage":11,"enemies":"Lagavulin","floor":11,"turns":6},{"damage":15,"enemies":"downfall:FleeingMerchant","floor":12,"turns":4},{"damage":19,"enemies":"Large Slime","floor":13,"turns":6},{"damage":7,"enemies":"2 Fungi Beasts","floor":15,"turns":2},{"damage":47,"enemies":"IC_STATUS_ARCHETYPE","floor":16,"turns":9},{"damage":7,"enemies":"3 Byrds","floor":19,"turns":3},{"damage":27,"enemies":"Snake Plant","floor":20,"turns":6},{"damage":16,"enemies":"downfall:FleeingMerchant","floor":21,"turns":4},{"damage":2,"enemies":"Sentry and Sphere","floor":25,"turns":4},{"damage":28,"enemies":"downfall:Augmenter","floor":26,"turns":8},{"damage":1,"enemies":"Book of Stabbing","floor":29,"turns":5},{"damage":5,"enemies":"3 Cultists","floor":32,"turns":4},{"damage":28,"enemies":"SI_MIRROR_ARCHETYPE","floor":33,"turns":7},{"damage":0,"enemies":"Orb Walker","floor":36,"turns":4},{"damage":23,"enemies":"3 Darklings","floor":37,"turns":5},{"damage":0,"enemies":"Maw","floor":38,"turns":7},{"damage":0,"enemies":"downfall:FleeingMerchant","floor":39,"turns":4},{"damage":13,"enemies":"Nemesis","floor":40,"turns":7},{"damage":12,"enemies":"Jaw Worm Horde","floor":43,"turns":5},{"damage":28,"enemies":"3 Darklings","floor":45,"turns":6},{"damage":21,"enemies":"downfall:FleeingMerchant","floor":46,"turns":4},{"damage":0,"enemies":"4 Shapes","floor":47,"turns":7},{"damage":10,"enemies":"Transient","floor":49,"turns":5},{"damage":49,"enemies":"DF_ARCHETYPE_ORBS","floor":50,"turns":10},{"damage":23,"enemies":"downfall:CharBossMerchant","floor":52,"turns":9},{"damage":8,"enemies":"downfall:NeowBoss","floor":55,"turns":16},{"damage":73,"enemies":"downfall:NeowBossFinal","floor":56,"turns":13}],"seed_played":"2109137113763584405","potions_obtained":[{"floor":5,"key":"SteroidPotion"},{"floor":10,"key":"SteroidPotion"},{"floor":13,"key":"DuplicationPotion"},{"floor":15,"key":"Regen Potion"},{"floor":19,"key":"sneckomod:MuddlingPotion"},{"floor":29,"key":"bronze:BurnAndBuffPotion"},{"floor":37,"key":"DistilledChaos"},{"floor":38,"key":"PowerPotion"},{"floor":47,"key":"Weak Potion"},{"floor":49,"key":"bronze:BurnAndBuffPotion"},{"floor":52,"key":"hexamod:SoulburnPotion"}],"is_trial":false,"path_per_floor":["R","M","M","$","M","R","T","E","R","M","E","$","M","?","M","B",null,"R","M","M","$","?","R","T","M","?","R","?","E","R","T","M","B",null,"R","M","M","M","$","E","T","?","M","?","M","?","M","T","M","B",null,"E","$","R","B","B",null],"character_chosen":"GUARDIAN","items_purchased":["Lee\u0027s Waffle","DollysMirror","War Paint","SkillPotion","Guardian:TemporalShield","Guardian:PrismaticBeam","bronze:BurnAndBuffPotion"],"campfire_rested":3,"item_purchase_floors":[12,39,39,46,46,53,53],"current_hp_per_floor":[80,77,73,68,63,63,68,68,68,46,35,92,73,73,66,19,92,92,85,73,57,57,84,84,82,54,54,54,53,53,53,50,24,92,102,102,79,81,83,72,72,62,52,52,26,7,9,9,1,13,102,79,79,102,94,23],"gold":12,"neow_bonus":"BOSS_RELIC","is_daily":false,"chose_seed":false,"campfire_upgraded":2,"win_rate":0.0,"timestamp":1610878366,"path_taken":["R","M","M","$","M","R","T","E","R","M","E","$","M","?","M","BOSS","R","M","M","$","?","R","T","M","?","R","?","E","R","?","M","BOSS","R","M","M","M","$","E","T","?","M","?","M","?","M","?","M","BOSS","E","$","R","BOSS","BOSS"],"items_purchased_type":["Relic","Relic","Relic","Potion","Card","Card","Potion"],"build_version":"2020-12-22","purchased_purges":1,"victory":true,"max_hp_per_floor":[80,80,80,80,80,80,85,85,85,85,85,92,92,92,92,92,92,92,92,92,92,92,92,92,92,92,92,92,92,92,92,92,92,92,102,102,102,102,102,102,102,102,102,102,102,102,102,102,102,102,102,102,102,102,102,102],"relic_stats":{"Lee\u0027s Waffle":72,"counters":[33,189],"CeramicFish":81,"PreservedInsect":100,"Juzu Bracelet":0,"Letter Opener":[541],"War Paint":["Guardian:StasisField","Guardian:DecasProtection"],"Peace Pipe":4,"Blood Vial":24,"Sundial":[4],"Bronze Scales":[69],"Black Star":2,"Kunai":[46],"obtain_stats":[{"Lee\u0027s Waffle":12,"Tiny House":7,"downfall:HeartBlessingRed":6,"Guardian:StasisEgg":44,"CeramicFish":40,"Guardian:ModeShifter":0,"downfall:HeartBlessingGreen":18,"PreservedInsect":41,"The Courier":48,"Juzu Bracelet":40,"Letter Opener":8,"War Paint":39,"Peace Pipe":24,"Blood Vial":29,"downfall:HeartBlessingBlue":35,"DollysMirror":39,"Sundial":52,"MutagenicStrength":26,"Bronze Scales":52,"Philosopher\u0027s Stone":0,"Fusion Hammer":17,"Black Star":34,"Kunai":11},{"Lee\u0027s Waffle":8,"Tiny House":4,"downfall:HeartBlessingRed":4,"Guardian:StasisEgg":25,"CeramicFish":24,"Guardian:ModeShifter":0,"downfall:HeartBlessingGreen":11,"PreservedInsect":24,"The Courier":28,"Juzu Bracelet":24,"Letter Opener":5,"War Paint":23,"Peace Pipe":14,"Blood Vial":17,"downfall:HeartBlessingBlue":19,"DollysMirror":23,"Sundial":31,"MutagenicStrength":16,"Bronze Scales":31,"Philosopher\u0027s Stone":0,"Fusion Hammer":11,"Black Star":19,"Kunai":7},{"Lee\u0027s Waffle":29,"Tiny House":14,"downfall:HeartBlessingRed":14,"Guardian:StasisEgg":119,"CeramicFish":114,"Guardian:ModeShifter":0,"downfall:HeartBlessingGreen":46,"PreservedInsect":114,"The Courier":136,"Juzu Bracelet":114,"Letter Opener":16,"War Paint":107,"Peace Pipe":59,"Blood Vial":76,"downfall:HeartBlessingBlue":87,"DollysMirror":107,"Sundial":160,"MutagenicStrength":71,"Bronze Scales":160,"Philosopher\u0027s Stone":0,"Fusion Hammer":46,"Black Star":87,"Kunai":25}]},"card_choices":[{"not_picked":["Guardian:ChargeCore","Guardian:RefractedBeam"],"picked":"Guardian:Gem_Fragmented","floor":2},{"not_picked":["Guardian:Gem_Red","Guardian:Suspension"],"picked":"Guardian:Preprogram","floor":3},{"not_picked":["Guardian:VentSteam","Guardian:FuturePlans"],"picked":"Guardian:PrismaticBeam","floor":4},{"not_picked":["Guardian:MultiBeam","Guardian:WalkerClaw"],"picked":"Guardian:FuturePlans","floor":5},{"not_picked":["Guardian:Gem_Lightblue","Guardian:ShieldSpikes"],"picked":"Guardian:TimeSifter","floor":8},{"not_picked":["Guardian:Gem_Blue","Guardian:PrimingBeam"],"picked":"Guardian:Gem_Red","floor":10},{"not_picked":["Guardian:GuardianWhirl","Guardian:VentSteam"],"picked":"Guardian:Emergency","floor":11},{"not_picked":["Guardian:DecasProtection","Guardian:TemporalStrike"],"picked":"Guardian:Gem_Synthetic","floor":12},{"not_picked":["Guardian:ArmoredProtocol","Guardian:Incinerate"],"picked":"Guardian:Gem_Yellow","floor":13},{"not_picked":["Guardian:WalkerClaw","Guardian:Gem_Red"],"picked":"Guardian:DecasProtection","floor":15},{"not_picked":["Guardian:HyperBeam_Guardian","Guardian:StasisEngine"],"picked":"Guardian:StasisField","floor":16},{"not_picked":["Guardian:Gem_Fragmented","Guardian:PiercingHide"],"picked":"Guardian:PrismaticBarrier+1","floor":19},{"not_picked":["Guardian:TemporalShield+1","Guardian:Planning+1"],"picked":"Guardian:TimeCapacitor","floor":20},{"not_picked":["Guardian:PiercingHide+1","Guardian:PrismaticBarrier"],"picked":"Guardian:SpikerProtocol","floor":21},{"not_picked":["Guardian:WalkerClaw","Guardian:GemFinder"],"picked":"Guardian:ShieldCharger+1","floor":25},{"not_picked":["Guardian:CrystalBeam+1","Guardian:DecasProtection"],"picked":"Guardian:Gem_Cyan","floor":26},{"not_picked":["Guardian:FuturePlans","Guardian:PiercingHide"],"picked":"Guardian:WalkerClaw+1","floor":29},{"not_picked":["Guardian:Recover","Guardian:Harden"],"picked":"Guardian:Gem_Blue","floor":32},{"not_picked":["Guardian:GemFire","Guardian:StasisField"],"picked":"Guardian:Gem_Synthetic","floor":33},{"not_picked":["Guardian:RollAttack+1","Guardian:CrystalBeam","Guardian:Incinerate+1"],"picked":"SKIP","floor":36},{"not_picked":["Guardian:Incinerate","Guardian:BodySlam+1"],"picked":"Guardian:Gem_Green","floor":37},{"not_picked":["Guardian:TemporalStrike+1","Guardian:BodySlam+1"],"picked":"Guardian:Gem_Green","floor":38},{"not_picked":["Guardian:GemFire","Guardian:Reroute+1"],"picked":"Guardian:Gem_Blue","floor":39},{"not_picked":["Guardian:ShieldSpikes","Guardian:RollAttack","Guardian:CrystalBeam+1"],"picked":"SKIP","floor":40},{"not_picked":["expansioncontent:PolyBeam","expansioncontent:Hexaburn"],"picked":"expansioncontent:AwakenDeath","floor":42},{"not_picked":["expansioncontent:Hexaburn","expansioncontent:PolyBeam"],"picked":"expansioncontent:LastStand","floor":42},{"not_picked":["expansioncontent:PrepareCrush","expansioncontent:LastStand"],"picked":"expansioncontent:Chronoboost","floor":42},{"not_picked":["Guardian:ChargeCore","Guardian:Recover","Guardian:PiercingHide"],"picked":"SKIP","floor":43},{"not_picked":["Guardian:Harden","Guardian:ShieldSpikes"],"picked":"Guardian:ShieldCharger+1","floor":45},{"not_picked":["Guardian:BodySlam+1","Guardian:Emergency","Guardian:Incinerate"],"picked":"SKIP","floor":46},{"not_picked":["Guardian:PiercingHide+1","Guardian:DonusPower+1","Guardian:Suspension+1"],"picked":"SKIP","floor":47},{"not_picked":["Guardian:CrystalBeam+1","Guardian:Reroute"],"picked":"Guardian:TemporalShield+1","floor":49},{"not_picked":["Guardian:Recover+1","Guardian:Incinerate+1"],"picked":"Guardian:Gem_Synthetic","floor":52}],"player_experience":1191537,"relics_obtained":[{"floor":7,"key":"Tiny House"},{"floor":8,"key":"Letter Opener"},{"floor":11,"key":"Kunai"},{"floor":24,"key":"Peace Pipe"},{"floor":26,"key":"MutagenicStrength"},{"floor":29,"key":"Blood Vial"},{"floor":40,"key":"Juzu Bracelet"},{"floor":40,"key":"CeramicFish"},{"floor":41,"key":"PreservedInsect"},{"floor":48,"key":"The Courier"},{"floor":52,"key":"Sundial"},{"floor":52,"key":"Bronze Scales"}],"event_choices":[{"damage_healed":0,"gold_gain":0,"player_choice":"Ignored","damage_taken":0,"max_hp_gain":0,"max_hp_loss":0,"event_name":"Ghosts","floor":22,"gold_loss":0}],"is_beta":false,"boss_relics":[{"not_picked":["Astrolabe","Runic Dome"],"picked":"Fusion Hammer"},{"not_picked":["SacredBark","Busted Crown"],"picked":"Black Star"}],"items_purged_floors":[39],"is_endless":false,"potions_floor_spawned":[5,10,13,15,19,29,37,38,47,49,52],"ascension_level":3}}