{"host":"dm4yvegl9um2tlqd","time":1610846138,"event":{"mods":["2.2 Compatiblity","AchievementEnabler","BaseMod","Colored Map","DeckTracker","Highlight Path","KOR Keyword Fix","Keyboard Shortcuts","Minty Spire (QoL Compilation)","Permanent Neow","Quick Restart","Random Character Button","StSLib","SuperFastMode","everything is the same but u backflip on backflip"],"gold_per_floor":[113,113,113,129,54,79,79,93,93,93,112,124,140,160,160,257,257,267,286,58,77,94,94,111,111,161,161,190,201,201,220,220,323,373,388,438,438,450,469,469,76,76,76,76,88,88,138,60,60,60,60],"floor_reached":50,"language":"KOR","playtime":2348,"items_purged":["Defend_B","Strike_B","Defend_B+1"],"score":593,"play_id":"95c6f212-c6e7-4533-9fe4-cc5485922d41","local_time":"20210117101538","is_ascension_mode":true,"campfire_choices":[{"data":"Streamline","floor":7.0,"key":"SMITH"},{"data":"Zap","floor":10.0,"key":"SMITH"},{"data":"Undo","floor":15.0,"key":"SMITH"},{"data":"Dualcast","floor":23.0,"key":"SMITH"},{"data":"Strike_B","floor":25.0,"key":"SMITH"},{"data":"Melter","floor":30.0,"key":"SMITH"},{"floor":32.0,"key":"REST"},{"floor":40.0,"key":"RECALL"},{"floor":44.0,"key":"REST"},{"floor":46.0,"key":"REST"},{"floor":49.0,"key":"REST"}],"circlet_count":0,"master_deck":["Defend_B+1","Zap+1","Dualcast+1","Undo+1","Streamline+1","Conserve Battery+1","Genetic Algorithm+1","Hologram+1","Deep Breath+1","Double Energy+1","Recycle+1","Melter+1","Fission+1","Fission+1","Beam Cell+1","Metamorphosis+1","Skim+1","Madness+1","Madness+1","Hologram+1","Ball Lightning+1","Chaos+1"],"relics":["Cracked Core","Toxic Egg 2","Ornamental Fan","Inserter","Toy Ornithopter","Letter Opener","Tiny House","Thread and Needle","Pear","Girya"],"acts_visited":["Exordium","TheCity","TheBeyond"],"potions_floor_usage":[50,50,50],"damage_taken":[{"damage":2.0,"enemies":"Small Slimes","floor":1.0,"turns":3.0},{"damage":0.0,"enemies":"Jaw Worm","floor":4.0,"turns":6.0},{"damage":11.0,"enemies":"Lagavulin","floor":6.0,"turns":10.0},{"damage":0.0,"enemies":"Cultist","floor":8.0,"turns":3.0},{"damage":5.0,"enemies":"Blue Slaver","floor":11.0,"turns":3.0},{"damage":0.0,"enemies":"Red Slaver","floor":12.0,"turns":3.0},{"damage":0.0,"enemies":"Exordium Wildlife","floor":13.0,"turns":4.0},{"damage":0.0,"enemies":"2 Fungi Beasts","floor":14.0,"turns":3.0},{"damage":34.0,"enemies":"Slime Boss","floor":16.0,"turns":13.0},{"damage":0.0,"enemies":"Spheric Guardian","floor":18.0,"turns":5.0},{"damage":2.0,"enemies":"2 Thieves","floor":19.0,"turns":3.0},{"damage":11.0,"enemies":"Chosen and Byrds","floor":21.0,"turns":8.0},{"damage":0.0,"enemies":"Centurion and Healer","floor":22.0,"turns":7.0},{"damage":0.0,"enemies":"Sentry and Sphere","floor":24.0,"turns":5.0},{"damage":16.0,"enemies":"Book of Stabbing","floor":28.0,"turns":6.0},{"damage":0.0,"enemies":"Snake Plant","floor":29.0,"turns":3.0},{"damage":0.0,"enemies":"Shelled Parasite and Fungi","floor":31.0,"turns":3.0},{"damage":0.0,"enemies":"Champ","floor":33.0,"turns":9.0},{"damage":0.0,"enemies":"Orb Walker","floor":35.0,"turns":3.0},{"damage":0.0,"enemies":"Mind Bloom Boss Battle","floor":36.0,"turns":6.0},{"damage":0.0,"enemies":"3 Darklings","floor":38.0,"turns":6.0},{"damage":0.0,"enemies":"Sphere and 2 Shapes","floor":39.0,"turns":3.0},{"damage":0.0,"enemies":"Jaw Worm Horde","floor":45.0,"turns":2.0},{"damage":30.0,"enemies":"2 Orb Walkers","floor":47.0,"turns":5.0},{"damage":93,"enemies":"Time Eater","floor":50,"turns":10}],"seed_played":"-3092147956079786928","potions_obtained":[{"floor":6.0,"key":"LiquidBronze"},{"floor":8.0,"key":"SteroidPotion"},{"floor":11.0,"key":"SkillPotion"},{"floor":18.0,"key":"Explosive Potion"},{"floor":19.0,"key":"EssenceOfSteel"},{"floor":33.0,"key":"SkillPotion"}],"is_trial":false,"path_per_floor":["M","?","?","M","$","E","R","M","T","R","M","M","M","M","R","B",null,"M","M","$","M","M","R","M","R","T","?","E","M","R","M","R","B",null,"M","?","?","M","M","R","$","?","T","R","M","R","?","$","R","B"],"character_chosen":"DEFECT","items_purchased":["Deep Breath+1","Double Energy+1","Metamorphosis+1","Skim+1","Chaos+1"],"campfire_rested":4,"item_purchase_floors":[20,20,41,41,48],"current_hp_per_floor":[66,52,52,52,52,41,41,41,41,41,36,36,36,36,36,2,68,68,66,66,55,55,55,55,55,55,55,39,39,39,39,59,59,73,73,73,73,73,73,73,73,64,74,83,83,83,53,53,77,0,0],"gold":60,"neow_bonus":"REMOVE_TWO","is_daily":false,"chose_seed":false,"campfire_upgraded":6,"win_rate":0.0,"timestamp":1610846138,"path_taken":["M","?","?","M","$","E","R","M","T","R","M","?","M","M","R","BOSS","M","M","$","M","M","R","M","R","T","?","E","?","R","M","R","BOSS","M","?","?","M","M","R","$","?","T","R","?","R","?","?","R","BOSS"],"items_purchased_type":["Card","Card","Card","Card","Card"],"build_version":"2020-12-22","purchased_purges":3,"victory":false,"max_hp_per_floor":[68,68,68,68,68,68,68,68,68,68,68,68,68,68,68,68,68,68,68,68,68,68,68,68,68,68,68,68,68,68,68,68,68,73,73,73,73,73,73,73,73,73,83,83,83,83,83,83,83,83,83],"card_choices":[{"not_picked":["Sweeping Beam","Ball Lightning"],"picked":"Undo","floor":1.0},{"not_picked":["Tempest","Turbo","Stack"],"picked":"SKIP","floor":4.0},{"not_picked":["Consume+1","Rebound"],"picked":"Streamline","floor":6.0},{"not_picked":["Force Field+1","Meteor Strike","Darkness+1"],"picked":"SKIP","floor":8.0},{"not_picked":["Genetic Algorithm+1","Streamline"],"picked":"Conserve Battery+1","floor":11.0},{"not_picked":["Barrage","Leap+1","FTL"],"picked":"SKIP","floor":12.0},{"not_picked":["Cold Snap","Rebound"],"picked":"Genetic Algorithm+1","floor":13.0},{"not_picked":["Tempest+1","Rebound","Glacier+1"],"picked":"SKIP","floor":14.0},{"not_picked":["Conserve Battery+1","Cold Snap+1","Redo+1"],"picked":"SKIP","floor":18.0},{"not_picked":["Turbo+1","Redo+1"],"picked":"Hologram+1","floor":19.0},{"not_picked":["Doom and Gloom+1","Heatsinks","Barrage"],"picked":"SKIP","floor":21.0},{"not_picked":["Cold Snap+1","Force Field+1"],"picked":"Recycle+1","floor":22.0},{"not_picked":["Ball Lightning+1","Redo+1","Gash"],"picked":"SKIP","floor":24.0},{"not_picked":["Static Discharge","Hologram+1"],"picked":"Fission+1","floor":28.0},{"not_picked":["Stack+1","Hologram+1","Ball Lightning"],"picked":"SKIP","floor":29.0},{"not_picked":["Chaos+1","Hologram+1","Redo+1"],"picked":"SKIP","floor":31.0},{"not_picked":["Echo Form","Buffer"],"picked":"Fission+1","floor":33.0},{"not_picked":["Leap+1","Steam+1"],"picked":"Beam Cell+1","floor":35.0},{"not_picked":["Barrage","Stack+1","Steam+1"],"picked":"SKIP","floor":38.0},{"not_picked":["Rainbow+1","Chill+1","Cold Snap"],"picked":"SKIP","floor":39.0},{"not_picked":["Doom and Gloom+1","Blizzard+1"],"picked":"Hologram+1","floor":45.0},{"not_picked":["Leap+1","Go for the Eyes+1"],"picked":"Ball Lightning+1","floor":47.0}],"player_experience":61735,"relics_obtained":[{"floor":6.0,"key":"Toxic Egg 2"},{"floor":9.0,"key":"Ornamental Fan"},{"floor":26.0,"key":"Toy Ornithopter"},{"floor":28.0,"key":"Letter Opener"},{"floor":36.0,"key":"Thread and Needle"},{"floor":43.0,"key":"Pear"},{"floor":47.0,"key":"Girya"}],"event_choices":[{"damage_healed":0.0,"max_hp_gain":0.0,"max_hp_loss":0.0,"gold_gain":0.0,"event_name":"Shining Light","player_choice":"Entered Light","floor":2.0,"gold_loss":0.0,"damage_taken":14.0,"cards_upgraded":["Defend_B","Defend_B"]},{"cards_removed":["Defend_B"],"damage_healed":0.0,"max_hp_gain":0.0,"max_hp_loss":0.0,"gold_gain":0.0,"event_name":"Bonfire Elementals","player_choice":"Offered Basic","floor":3.0,"gold_loss":0.0,"damage_taken":0.0},{"damage_healed":0.0,"max_hp_gain":0.0,"max_hp_loss":0.0,"gold_gain":0.0,"cards_transformed":["Strike_B"],"event_name":"Transmorgrifier","player_choice":"Transformed","floor":27.0,"gold_loss":0.0,"damage_taken":0.0,"cards_obtained":["Melter"]},{"damage_healed":0.0,"max_hp_gain":0.0,"max_hp_loss":0.0,"gold_gain":0.0,"event_name":"MindBloom","player_choice":"Fight","floor":36.0,"gold_loss":0.0,"damage_taken":0.0},{"damage_healed":0.0,"max_hp_gain":0.0,"max_hp_loss":0.0,"gold_gain":0.0,"event_name":"Tomb of Lord Red Mask","player_choice":"Ignored","floor":37.0,"gold_loss":0.0,"damage_taken":0.0},{"damage_healed":0.0,"max_hp_gain":0.0,"max_hp_loss":0.0,"gold_gain":0.0,"event_name":"Winding Halls","player_choice":"Embrace Madness","floor":42.0,"gold_loss":0.0,"damage_taken":9.0,"cards_obtained":["Madness","Madness"]},{"damage_healed":0.0,"max_hp_gain":0.0,"max_hp_loss":0.0,"gold_gain":0.0,"event_name":"Mysterious Sphere","player_choice":"Fight","floor":47.0,"gold_loss":0.0,"damage_taken":0.0}],"is_beta":false,"boss_relics":[{"not_picked":["Runic Dome","Cursed Key"],"picked":"Inserter"},{"not_picked":["SlaversCollar","Snecko Eye"],"picked":"Tiny House"}],"items_purged_floors":[5,20,41],"is_endless":false,"potions_floor_spawned":[6,8,11,18,19,33,36,39,45],"killed_by":"Time Eater","ascension_level":3}}