{"host":"ccw6t0i2dpm5wyxf","time":1610882660,"event":{"mods":["BaseMod","Colored Map","Minty Spire (QoL Compilation)","Permanent Neow"],"gold_per_floor":[114,114,133,145,161,161,180,215,290,625,625,651,666,684,684,684,684],"floor_reached":16,"language":"ENG","playtime":437,"items_purged":[],"score":143,"play_id":"063c4b99-9726-4f4e-b8d6-761918ca5d9e","local_time":"20210117052420","is_ascension_mode":true,"campfire_choices":[{"data":"Blade Dance","floor":6,"key":"SMITH"},{"floor":15,"key":"REST"}],"circlet_count":0,"master_deck":["Strike_G","Strike_G","Strike_G","Strike_G","Strike_G","Defend_G","Defend_G","Defend_G","Defend_G","Defend_G","Survivor","Neutralize","Blade Dance+1","Choke+1","Underhanded Strike","Concentrate","Normality","Slice","Blur","Storm of Steel"],"relics":["Cursed Key","NlothsMask","Juzu Bracelet","Old Coin","Lantern"],"acts_visited":["Exordium"],"potions_floor_usage":[8,12,13,13],"damage_taken":[{"damage":0,"enemies":"Cultist","floor":1,"turns":4},{"damage":0,"enemies":"Jaw Worm","floor":3,"turns":3},{"damage":0,"enemies":"2 Louse","floor":4,"turns":2},{"damage":0,"enemies":"Exordium Wildlife","floor":5,"turns":2},{"damage":0,"enemies":"Red Slaver","floor":7,"turns":2},{"damage":12,"enemies":"Gremlin Nob","floor":8,"turns":3},{"damage":29,"enemies":"Lagavulin","floor":10,"turns":7},{"damage":20,"enemies":"3 Sentries","floor":12,"turns":6},{"damage":0,"enemies":"Looter","floor":13,"turns":2},{"damage":3,"enemies":"3 Louse","floor":14,"turns":2},{"damage":32,"enemies":"Slime Boss","floor":16,"turns":5}],"seed_played":"4875065926903612802","potions_obtained":[{"floor":3,"key":"Explosive Potion"},{"floor":5,"key":"CunningPotion"},{"floor":10,"key":"Strength Potion"},{"floor":12,"key":"Fire Potion"}],"is_trial":false,"path_per_floor":["M","?","M","M","M","R","M","E","T","E","?","E","M","M","R","B"],"character_chosen":"THE_SILENT","items_purchased":[],"campfire_rested":1,"item_purchase_floors":[],"current_hp_per_floor":[70,70,70,70,70,70,70,58,58,29,29,9,9,6,27,0,0],"gold":684,"neow_bonus":"BOSS_RELIC","is_daily":false,"chose_seed":false,"campfire_upgraded":1,"win_rate":0.0,"timestamp":1610882660,"path_taken":["M","?","M","M","?","R","M","E","T","E","?","E","M","M","R","BOSS"],"items_purchased_type":[],"build_version":"2020-12-22","purchased_purges":0,"victory":false,"max_hp_per_floor":[70,70,70,70,70,70,70,70,70,70,70,70,70,70,70,70,70],"card_choices":[{"not_picked":["Bane","Caltrops"],"picked":"Blade Dance","floor":1},{"not_picked":["Dash","Reflex"],"picked":"Choke","floor":3},{"not_picked":["Deadly Poison","Poisoned Stab"],"picked":"Underhanded Strike","floor":4},{"not_picked":["Prepared","Expertise"],"picked":"Concentrate","floor":5},{"not_picked":["Poisoned Stab","Underhanded Strike","Flechettes"],"picked":"SKIP","floor":7},{"not_picked":["Calculated Gamble","PiercingWail","Bane"],"picked":"SKIP","floor":8},{"not_picked":["Bouncing Flask","Expertise"],"picked":"Slice","floor":10},{"not_picked":["Underhanded Strike","Heel Hook"],"picked":"Blur","floor":12},{"not_picked":["Flechettes","Sucker Punch","Acrobatics"],"picked":"SKIP","floor":13},{"not_picked":["Setup","Deadly Poison"],"picked":"Storm of Steel","floor":14}],"player_experience":268756,"relics_obtained":[{"floor":8,"key":"Juzu Bracelet"},{"floor":10,"key":"Old Coin"},{"floor":12,"key":"Lantern"}],"event_choices":[{"damage_healed":0,"gold_gain":0,"player_choice":"Trade","damage_taken":0,"relics_obtained":["NlothsMask"],"max_hp_gain":0,"max_hp_loss":0,"event_name":"FaceTrader","floor":2,"gold_loss":0},{"damage_healed":0,"gold_gain":0,"player_choice":"Upgraded","damage_taken":0,"max_hp_gain":0,"max_hp_loss":0,"event_name":"Upgrade Shrine","floor":11,"gold_loss":0,"cards_upgraded":["Choke"]}],"is_beta":false,"boss_relics":[],"items_purged_floors":[],"is_endless":false,"potions_floor_spawned":[3,5,10,12],"killed_by":"Slime Boss","ascension_level":3}}