{"host":"i0avyit1s6jb1siw","time":1610883379,"event":{"mods":["BaseMod","DeckTracker","Dota2Spire","Highlight Path","Minty Spire (QoL Compilation)","Quick Restart","StSLib","SuperFastMode"],"gold_per_floor":[119,119,119,129,204,232,232,259,332,332,342,342,20,35,35,130,130,146,146,161,185,110,110,110,125,125,0,15,36,67,67,67,67,67],"floor_reached":33,"language":"ENG","playtime":453,"items_purged":[],"score":600,"play_id":"ba82de88-a46b-40b4-9237-9a182abc90f8","local_time":"20210117123619","is_ascension_mode":true,"campfire_choices":[{"data":"Uppercut","floor":7.0,"key":"SMITH"},{"data":"Shockwave","floor":10.0,"key":"SMITH"},{"data":"Armaments","floor":15.0,"key":"SMITH"},{"data":"Feed","floor":23.0,"key":"SMITH"},{"floor":32.0,"key":"REST"}],"circlet_count":0,"master_deck":["AscendersBane","Strike_R","Strike_R","Strike_R","Defend_R","Defend_R","Defend_R","Defend_R","Bash","Anger","Uppercut+1","Shockwave+1","Wild Strike","Armaments+1","Fire Breathing","Impervious+1","Battle Trance+1","Feed+1","Power Through+1","Fire Breathing","Evolve","Fire Breathing+1","Writhe"],"relics":["Burning Blood","NeowsBlessing","Boot","Dota2Spire:MaskOfMadness","Dota2Spire:MonkeyKingBar","Golden Idol","Membership Card","Dota2Spire:BattleFury","Snecko Eye","War Paint","ClockworkSouvenir","Dota2Spire:LinkenSphere","Dota2Spire:BladeMail"],"acts_visited":["Exordium","TheCity"],"potions_floor_usage":[],"damage_taken":[{"damage":0.0,"enemies":"2 Louse","floor":1.0,"turns":1.0},{"damage":0.0,"enemies":"Small Slimes","floor":4.0,"turns":1.0},{"damage":0.0,"enemies":"3 Sentries","floor":6.0,"turns":2.0},{"damage":24.0,"enemies":"Lagavulin","floor":8.0,"turns":7.0},{"damage":4.0,"enemies":"Jaw Worm","floor":11.0,"turns":2.0},{"damage":9.0,"enemies":"3 Louse","floor":14.0,"turns":2.0},{"damage":14.0,"enemies":"The Guardian","floor":16.0,"turns":9.0},{"damage":0.0,"enemies":"Chosen","floor":18.0,"turns":2.0},{"damage":0.0,"enemies":"Shell Parasite","floor":20.0,"turns":2.0},{"damage":0.0,"enemies":"Snake Plant","floor":21.0,"turns":2.0},{"damage":3.0,"enemies":"Snecko","floor":25.0,"turns":3.0},{"damage":15.0,"enemies":"Cultist and Chosen","floor":28.0,"turns":5.0},{"damage":5.0,"enemies":"Snake Plant","floor":29.0,"turns":3.0},{"damage":48.0,"enemies":"Book of Stabbing","floor":30.0,"turns":6.0},{"damage":58,"enemies":"Collector","floor":33,"turns":3}],"seed_played":"-6579591476269888882","potions_obtained":[{"floor":4.0,"key":"BlessingOfTheForge"},{"floor":6.0,"key":"Dota2Spire:HealingSalve"},{"floor":11.0,"key":"FearPotion"},{"floor":21.0,"key":"DuplicationPotion"},{"floor":29.0,"key":"Strength Potion"}],"is_trial":false,"path_per_floor":["M","?","?","M","?","E","R","E","T","R","M","?","$","M","R","B",null,"M","?","M","M","?","R","?","M","T","$","M","M","E","?","R","B"],"character_chosen":"IRONCLAD","items_purchased":["Membership Card","Fire Breathing","Dota2Spire:BattleFury","ClockworkSouvenir","Fire Breathing"],"campfire_rested":1,"item_purchase_floors":[13,13,13,27,27],"current_hp_per_floor":[74,74,56,62,51,57,57,39,39,39,41,41,41,38,38,30,59,65,65,68,68,68,68,68,72,72,72,67,72,30,30,54,0,0],"gold":67,"neow_bonus":"THREE_ENEMY_KILL","is_daily":false,"chose_seed":false,"campfire_upgraded":4,"win_rate":0.0,"timestamp":1610883379,"path_taken":["M","?","?","M","?","E","R","E","T","R","?","?","$","M","R","BOSS","M","?","M","M","?","R","?","M","T","$","?","M","E","?","R","BOSS"],"items_purchased_type":["Relic","Card","Relic","Relic","Card"],"build_version":"2020-12-22","purchased_purges":0,"victory":false,"max_hp_per_floor":[75,75,75,75,75,75,75,75,75,75,75,68,68,68,68,68,68,68,68,68,68,68,68,68,72,72,72,76,80,80,80,80,80,80],"card_choices":[{"not_picked":["Body Slam","Rage"],"picked":"Anger","floor":1.0},{"not_picked":["Dark Embrace","Sword Boomerang"],"picked":"Uppercut","floor":4.0},{"not_picked":["Heavy Blade","Second Wind"],"picked":"Shockwave","floor":6.0},{"not_picked":["Twin Strike","Perfected Strike"],"picked":"Wild Strike","floor":8.0},{"not_picked":["Wild Strike","Twin Strike"],"picked":"Armaments","floor":11.0},{"not_picked":["Iron Wave","Warcry","Heavy Blade"],"picked":"SKIP","floor":14.0},{"not_picked":["Feed","Bludgeon"],"picked":"Impervious","floor":16.0},{"not_picked":["Clash","Iron Wave"],"picked":"Battle Trance+1","floor":18.0},{"not_picked":["Havoc","Sword Boomerang","Headbutt+1"],"picked":"SKIP","floor":20.0},{"not_picked":["Reckless Charge","Thunderclap"],"picked":"Feed","floor":21.0},{"not_picked":["Body Slam","Pommel Strike"],"picked":"Power Through","floor":25.0},{"not_picked":["True Grit","Thunderclap"],"picked":"Evolve","floor":28.0},{"not_picked":["Flex","Infernal Blade","Havoc"],"picked":"SKIP","floor":29.0},{"not_picked":["Carnage","Flex"],"picked":"Fire Breathing+1","floor":30.0}],"player_experience":2267877,"relics_obtained":[{"floor":6.0,"key":"Dota2Spire:MaskOfMadness"},{"floor":8.0,"key":"Dota2Spire:MonkeyKingBar"},{"floor":26.0,"key":"War Paint"},{"floor":30.0,"key":"Dota2Spire:LinkenSphere"}],"event_choices":[{"damage_healed":0.0,"max_hp_gain":0.0,"max_hp_loss":0.0,"gold_gain":0.0,"event_name":"Liars Game","player_choice":"Ignored","floor":2.0,"gold_loss":0.0,"damage_taken":0.0},{"damage_healed":0.0,"max_hp_gain":0.0,"max_hp_loss":0.0,"gold_gain":0.0,"event_name":"Scrap Ooze","player_choice":"Success","floor":3.0,"gold_loss":0.0,"damage_taken":18.0,"relics_obtained":["Boot"]},{"damage_healed":0.0,"max_hp_gain":0.0,"max_hp_loss":0.0,"gold_gain":75.0,"event_name":"World of Goop","player_choice":"Gather Gold","floor":5.0,"gold_loss":0.0,"damage_taken":11.0},{"damage_healed":0.0,"max_hp_gain":0.0,"max_hp_loss":7.0,"gold_gain":0.0,"event_name":"Golden Idol","player_choice":"Lose Max HP","floor":12.0,"gold_loss":0.0,"damage_taken":0.0,"relics_obtained":["Golden Idol"]},{"damage_healed":0.0,"max_hp_gain":0.0,"max_hp_loss":0.0,"gold_gain":0.0,"event_name":"Ghosts","player_choice":"Ignored","floor":19.0,"gold_loss":0.0,"damage_taken":0.0},{"cards_removed":["Strike_R"],"damage_healed":0.0,"max_hp_gain":0.0,"max_hp_loss":0.0,"gold_gain":0.0,"event_name":"Beggar","player_choice":"Gave Gold","floor":22.0,"gold_loss":75.0,"damage_taken":0.0},{"cards_removed":["Strike_R"],"damage_healed":0.0,"max_hp_gain":0.0,"max_hp_loss":0.0,"gold_gain":0.0,"event_name":"Bonfire Elementals","player_choice":"Offered Basic","floor":24.0,"gold_loss":0.0,"damage_taken":0.0},{"damage_healed":0.0,"max_hp_gain":0.0,"max_hp_loss":0.0,"gold_gain":0.0,"event_name":"The Mausoleum","player_choice":"Opened","floor":31.0,"gold_loss":0.0,"damage_taken":0.0,"relics_obtained":["Dota2Spire:BladeMail"],"cards_obtained":["Writhe"]}],"is_beta":false,"boss_relics":[{"not_picked":["Velvet Choker","Calling Bell"],"picked":"Snecko Eye"}],"items_purged_floors":[],"is_endless":false,"potions_floor_spawned":[4,6,11,21,29,30],"killed_by":"Collector","ascension_level":20}}