{"host":"u1dfzl6o6mfmauc3","time":1610852248,"event":{"mods":["2.2 Compatiblity","AchievementEnabler","Bard","BaseMod","Block Reminder","Challenge The Spire","Dark Map","Hermit","Minty Spire (QoL Compilation)","Relic Stats","Robot Space Explorer","StSLib","The Cursed","The Disciple"],"gold_per_floor":[112,125,125,23,23,53,53,53,53,80,80,80,80],"floor_reached":12,"language":"ENG","playtime":294,"items_purged":[],"score":92,"play_id":"7620cda5-8204-4563-80fb-6354f050c6e5","local_time":"20210116215728","is_ascension_mode":true,"campfire_choices":[{"data":"Vigilance","floor":7,"key":"SMITH"},{"floor":11,"key":"REST"}],"circlet_count":0,"master_deck":["Strike_P","Strike_P","Defend_P+1","Defend_P","Defend_P","Defend_P","Eruption+1","Vigilance+1","Wallop","WreathOfFlame","FlurryOfBlows","Collect","SashWhip","LikeWater"],"relics":["Philosopher\u0027s Stone","Bottled Flame","Peace Pipe","White Beast Statue"],"acts_visited":["Exordium"],"potions_floor_usage":[6,10],"damage_taken":[{"damage":0,"enemies":"Small Slimes","floor":1,"turns":3},{"damage":0,"enemies":"2 Louse","floor":2,"turns":2},{"damage":12,"enemies":"3 Sentries","floor":6,"turns":5},{"damage":30,"enemies":"Gremlin Nob","floor":10,"turns":3},{"damage":33,"enemies":"Lagavulin","floor":12,"turns":2}],"seed_played":"4634576792046020109","potions_obtained":[{"floor":6,"key":"AttackPotion"}],"is_trial":false,"path_per_floor":["M","M","?","$","?","E","R","?","T","E","R","E"],"character_chosen":"WATCHER","items_purchased":["FlurryOfBlows","AttackPotion"],"campfire_rested":1,"item_purchase_floors":[4,4],"current_hp_per_floor":[72,72,58,58,58,46,46,39,39,9,30,0,0],"gold":80,"neow_bonus":"BOSS_RELIC","is_daily":false,"chose_seed":false,"campfire_upgraded":1,"win_rate":0.0,"timestamp":1610852248,"path_taken":["M","M","?","$","?","E","R","?","T","E","R","E"],"items_purchased_type":["Card","Potion"],"build_version":"2020-12-22","purchased_purges":0,"victory":false,"max_hp_per_floor":[72,72,72,72,72,72,72,72,72,72,72,72,72],"relic_stats":{"Peace Pipe":0,"counters":[5,15],"obtain_stats":[{"Peace Pipe":9,"Bottled Flame":6,"Philosopher\u0027s Stone":0,"PureWater":0,"White Beast Statue":10},{"Peace Pipe":3,"Bottled Flame":3,"Philosopher\u0027s Stone":0,"PureWater":0,"White Beast Statue":4},{"Peace Pipe":10,"Bottled Flame":10,"Philosopher\u0027s Stone":0,"PureWater":0,"White Beast Statue":13}]},"card_choices":[{"not_picked":["Evaluate","ClearTheMind"],"picked":"Wallop","floor":1},{"not_picked":["WindmillStrike","Prostrate"],"picked":"WreathOfFlame","floor":2},{"not_picked":["Crescendo","BattleHymn"],"picked":"SashWhip","floor":6},{"not_picked":["Crescendo","CutThroughFate"],"picked":"LikeWater","floor":10}],"player_experience":89964,"relics_obtained":[{"floor":6,"key":"Bottled Flame"},{"floor":9,"key":"Peace Pipe"},{"floor":10,"key":"White Beast Statue"}],"event_choices":[{"damage_healed":0,"gold_gain":0,"player_choice":"Entered Light","damage_taken":14,"max_hp_gain":0,"max_hp_loss":0,"event_name":"Shining Light","floor":3,"gold_loss":0,"cards_upgraded":["Defend_P","Eruption"]},{"damage_healed":0,"gold_gain":0,"cards_transformed":["Strike_P"],"player_choice":"Change","damage_taken":0,"max_hp_gain":0,"max_hp_loss":0,"event_name":"Living Wall","floor":5,"gold_loss":0,"cards_obtained":["Collect"]},{"cards_removed":["Strike_P"],"damage_healed":0,"gold_gain":0,"player_choice":"Card Removal","damage_taken":7,"max_hp_gain":0,"max_hp_loss":0,"event_name":"Golden Wing","floor":8,"gold_loss":0}],"is_beta":false,"boss_relics":[],"items_purged_floors":[],"is_endless":false,"potions_floor_spawned":[6],"killed_by":"Lagavulin","ascension_level":2}}