{"host":"fa35vd3kig5td25x","time":1610884958,"event":{"mods":["BaseMod","Colored Powertips","Minty Spire (QoL Compilation)","Relic Stats","Slay the Relics Exporter"],"gold_per_floor":[116,116,133,133,153,153,165,196,196,234,234,22,33,33,33,118,145,164,173,173,173,195,195,206,206,206,233,246,68,84,122,122,205,214,228,247,247,247,247],"floor_reached":38,"language":"ENG","playtime":1733,"items_purged":["Strike_G","Pain"],"score":898,"play_id":"dae599cf-c97d-4cea-8969-267f66b7542d","local_time":"20210117130238","is_ascension_mode":true,"campfire_choices":[{"data":"Neutralize","floor":6,"key":"SMITH"},{"data":"Deadly Poison","floor":11,"key":"SMITH"},{"data":"Noxious Fumes","floor":15,"key":"SMITH"},{"floor":23,"key":"REST"},{"floor":25,"key":"REST"},{"floor":32,"key":"REST"}],"circlet_count":0,"master_deck":["AscendersBane","Strike_G","Defend_G","Defend_G","Defend_G","Defend_G","Defend_G","Survivor","Neutralize+1","Quick Slash","Slice","Underhanded Strike","Deadly Poison+1","Dagger Throw","Noxious Fumes+1","Crippling Poison","Adrenaline","Choke+1","Heel Hook+1","Bouncing Flask+1","Catalyst","Noxious Fumes","Well Laid Plans","After Image","Malaise","CurseOfTheBell","PiercingWail"],"relics":["Ring of the Snake","Juzu Bracelet","PreservedInsect","Mummified Hand","CeramicFish","Astrolabe","WarpedTongs","Unceasing Top","Art of War","Ancient Tea Set","Calling Bell","Smiling Mask","The Courier","Dead Branch"],"acts_visited":["Exordium","TheCity","TheBeyond"],"potions_floor_usage":[8,10,16,27,31,33],"damage_taken":[{"damage":4,"enemies":"Cultist","floor":1,"turns":4},{"damage":0,"enemies":"2 Louse","floor":3,"turns":3},{"damage":2,"enemies":"Jaw Worm","floor":5,"turns":4},{"damage":1,"enemies":"3 Louse","floor":7,"turns":4},{"damage":6,"enemies":"Gremlin Nob","floor":8,"turns":3},{"damage":5,"enemies":"3 Sentries","floor":10,"turns":6},{"damage":16,"enemies":"Gremlin Gang","floor":13,"turns":5},{"damage":11,"enemies":"The Guardian","floor":16,"turns":9},{"damage":0,"enemies":"3 Byrds","floor":18,"turns":5},{"damage":0,"enemies":"Chosen","floor":22,"turns":3},{"damage":19,"enemies":"Centurion and Healer","floor":24,"turns":6},{"damage":17,"enemies":"Book of Stabbing","floor":27,"turns":3},{"damage":2,"enemies":"Snecko","floor":28,"turns":3},{"damage":7,"enemies":"Sentry and Sphere","floor":30,"turns":3},{"damage":0,"enemies":"Gremlin Leader","floor":31,"turns":4},{"damage":30,"enemies":"Automaton","floor":33,"turns":8},{"damage":0,"enemies":"Orb Walker","floor":35,"turns":2},{"damage":43,"enemies":"3 Darklings","floor":36,"turns":6},{"damage":0,"enemies":"Jaw Worm Horde","floor":38,"turns":2}],"seed_played":"-2147806352304508867","potions_obtained":[{"floor":3,"key":"Explosive Potion"},{"floor":5,"key":"Block Potion"},{"floor":7,"key":"SkillPotion"},{"floor":8,"key":"LiquidMemories"},{"floor":18,"key":"LiquidBronze"},{"floor":27,"key":"EssenceOfSteel"},{"floor":28,"key":"AttackPotion"},{"floor":31,"key":"SteroidPotion"},{"floor":36,"key":"LiquidBronze"}],"is_trial":false,"path_per_floor":["M","?","M","?","M","R","M","E","T","E","R","$","M","$","R","B",null,"M","?","?","?","M","R","M","R","T","E","M","$","M","E","R","B",null,"M","M","?","M"],"character_chosen":"THE_SILENT","items_purchased":["Noxious Fumes","Crippling Poison","Well Laid Plans"],"campfire_rested":3,"item_purchase_floors":[12,12,29],"current_hp_per_floor":[55,29,29,51,49,49,48,42,42,37,37,37,21,21,21,10,52,52,52,40,22,22,43,24,45,45,28,26,26,19,19,40,10,56,56,13,13,13,13],"gold":247,"neow_bonus":"RANDOM_COMMON_RELIC","is_daily":false,"chose_seed":false,"campfire_upgraded":3,"win_rate":0.0,"timestamp":1610884958,"path_taken":["M","?","M","?","M","R","M","E","T","E","R","$","M","?","R","BOSS","M","?","?","?","M","R","M","R","T","E","M","$","M","E","R","BOSS","M","M","?","M"],"items_purchased_type":["Card","Card","Card"],"build_version":"2020-12-22","purchased_purges":2,"victory":false,"max_hp_per_floor":[66,66,66,66,66,66,66,66,66,66,66,66,66,66,66,66,66,66,66,66,71,71,71,71,71,71,71,71,71,71,71,71,71,71,71,71,71,71,71],"relic_stats":{"counters":[19,83],"CeramicFish":135,"Astrolabe":["Choke","Heel Hook","Bouncing Flask"],"Dead Branch":[12],"PreservedInsect":146,"Juzu Bracelet":2,"Smiling Mask":0,"WarpedTongs":[40],"Mummified Hand":[35],"Art of War":[5],"obtain_stats":[{"CeramicFish":10,"Astrolabe":17,"Dead Branch":34,"PreservedInsect":2,"The Courier":34,"Juzu Bracelet":0,"Ancient Tea Set":31,"Smiling Mask":34,"WarpedTongs":19,"Calling Bell":34,"Mummified Hand":8,"Art of War":27,"Unceasing Top":26,"Ring of the Snake":0},{"CeramicFish":6,"Astrolabe":8,"Dead Branch":16,"PreservedInsect":1,"The Courier":16,"Juzu Bracelet":0,"Ancient Tea Set":15,"Smiling Mask":16,"WarpedTongs":9,"Calling Bell":16,"Mummified Hand":5,"Art of War":12,"Unceasing Top":11,"Ring of the Snake":0},{"CeramicFish":24,"Astrolabe":38,"Dead Branch":73,"PreservedInsect":4,"The Courier":73,"Juzu Bracelet":0,"Ancient Tea Set":65,"Smiling Mask":73,"WarpedTongs":43,"Calling Bell":73,"Mummified Hand":18,"Art of War":55,"Unceasing Top":52,"Ring of the Snake":0}],"Unceasing Top":[4],"Ring of the Snake":[38]},"card_choices":[{"not_picked":["Bane","Flechettes"],"picked":"Cloak And Dagger","floor":1},{"not_picked":["Tactician","Infinite Blades"],"picked":"Quick Slash","floor":3},{"not_picked":["Outmaneuver","Flechettes"],"picked":"Slice","floor":5},{"not_picked":["Backflip","Skewer"],"picked":"Underhanded Strike","floor":7},{"not_picked":["Quick Slash","Masterful Stab"],"picked":"Deadly Poison","floor":8},{"not_picked":["Accuracy","Blur"],"picked":"Dagger Throw","floor":10},{"not_picked":["Riddle With Holes","Quick Slash","Deflect"],"picked":"SKIP","floor":13},{"not_picked":["Burst","Phantasmal Killer"],"picked":"Adrenaline","floor":16},{"not_picked":["Eviscerate+1","Dagger Spray"],"picked":"Catalyst","floor":18},{"not_picked":["Acrobatics","Caltrops"],"picked":"Noxious Fumes","floor":22},{"not_picked":["Dagger Spray","Prepared","Blade Dance"],"picked":"SKIP","floor":24},{"not_picked":["Deadly Poison","Dagger Throw","Quick Slash"],"picked":"SKIP","floor":27},{"not_picked":["Deadly Poison","Dagger Throw","Quick Slash"],"picked":"SKIP","floor":27},{"not_picked":["Backflip","Dash","Bouncing Flask"],"picked":"SKIP","floor":28},{"not_picked":["Backflip","Dash","Bouncing Flask"],"picked":"SKIP","floor":28},{"not_picked":["Backflip","Dash","Bouncing Flask"],"picked":"SKIP","floor":28},{"not_picked":["Choke","Poisoned Stab","Quick Slash"],"picked":"SKIP","floor":30},{"not_picked":["Choke","Poisoned Stab","Quick Slash"],"picked":"SKIP","floor":30},{"not_picked":["Endless Agony","Heel Hook"],"picked":"After Image","floor":31},{"not_picked":["Tools of the Trade","Doppelganger"],"picked":"Malaise","floor":33},{"not_picked":["Sucker Punch","Eviscerate","Terror"],"picked":"SKIP","floor":35},{"not_picked":["Deflect","Backflip"],"picked":"PiercingWail","floor":36}],"player_experience":2951384,"relics_obtained":[{"floor":8,"key":"Mummified Hand"},{"floor":10,"key":"CeramicFish"},{"floor":26,"key":"Unceasing Top"},{"floor":27,"key":"Art of War"},{"floor":31,"key":"Ancient Tea Set"},{"floor":34,"key":"Smiling Mask"},{"floor":34,"key":"The Courier"},{"floor":34,"key":"Dead Branch"}],"event_choices":[{"damage_healed":0,"gold_gain":0,"player_choice":"Success","damage_taken":26,"relics_obtained":["PreservedInsect"],"max_hp_gain":0,"max_hp_loss":0,"event_name":"Scrap Ooze","floor":2,"gold_loss":0},{"damage_healed":22,"gold_gain":0,"player_choice":"Banana","damage_taken":0,"max_hp_gain":0,"max_hp_loss":0,"event_name":"Big Fish","floor":4,"gold_loss":0},{"damage_healed":0,"gold_gain":0,"player_choice":"Rummage","damage_taken":0,"relics_obtained":["WarpedTongs"],"max_hp_gain":0,"max_hp_loss":0,"event_name":"Accursed Blacksmith","floor":19,"gold_loss":0,"cards_obtained":["Pain"]},{"damage_healed":0,"gold_gain":0,"player_choice":"POTION ","damage_taken":12,"max_hp_gain":0,"max_hp_loss":0,"event_name":"Knowing Skull","floor":20,"potions_obtained":["Fire Potion"],"gold_loss":0,"cards_obtained":[]},{"damage_healed":0,"gold_gain":0,"player_choice":"Shed Blood","damage_taken":23,"max_hp_gain":5,"max_hp_loss":0,"event_name":"Forgotten Altar","floor":21,"gold_loss":0},{"cards_removed":["Cloak And Dagger"],"damage_healed":0,"gold_gain":0,"player_choice":"Removed Skill","damage_taken":0,"max_hp_gain":0,"max_hp_loss":0,"event_name":"Falling","floor":37,"gold_loss":0}],"is_beta":false,"boss_relics":[{"not_picked":["Sozu","Philosopher\u0027s Stone"],"picked":"Astrolabe"},{"not_picked":["Empty Cage","Tiny House"],"picked":"Calling Bell"}],"items_purged_floors":[12,29],"is_endless":false,"potions_floor_spawned":[3,5,7,8,18,27,28,31,36],"killed_by":"Jaw Worm Horde","ascension_level":20}}