{"host":"0ueeacaatm8t6jyh","time":1610866712,"event":{"mods":["AchievementEnabler","BaseMod","Colored Powertips","Minty Spire (QoL Compilation)","Quick Restart","Rare Cards Sparkle","Shop Mod","StSLib"],"gold_per_floor":[119,134,209,384,334,344,344,371,371,381,381,231,243,253,253,353,353,363,363,109,159,178,178,178,178],"floor_reached":24,"language":"ZHS","playtime":930,"items_purged":["Doubt","Strike_P"],"score":274,"play_id":"2fb8f7b8-a3b2-4f7b-8194-0fd94d46a7a4","local_time":"20210117145832","is_ascension_mode":true,"campfire_choices":[{"floor":15.0,"key":"REST"},{"data":"Eruption","floor":23.0,"key":"SMITH"}],"circlet_count":0,"master_deck":["Strike_P+1","Strike_P","Defend_P","Defend_P","Defend_P","Eruption+1","Vigilance","Evaluate","BowlingBash","Scrawl","InnerPeace","Vault","CutThroughFate","Tantrum","LessonLearned","Scrawl","Fasting2+1","Wallop+1"],"relics":["PureWater","NeowsBlessing","FossilizedHelix","Yang","White Beast Statue","Empty Cage","Orrery"],"acts_visited":["Exordium","TheCity"],"potions_floor_usage":[],"damage_taken":[{"damage":0.0,"enemies":"Small Slimes","floor":1.0,"turns":1.0},{"damage":0.0,"enemies":"Cultist","floor":2.0,"turns":1.0},{"damage":0.0,"enemies":"2 Louse","floor":6.0,"turns":2.0},{"damage":10.0,"enemies":"3 Sentries","floor":8.0,"turns":5.0},{"damage":22.0,"enemies":"Gremlin Gang","floor":10.0,"turns":4.0},{"damage":0.0,"enemies":"Blue Slaver","floor":13.0,"turns":4.0},{"damage":0.0,"enemies":"Exordium Thugs","floor":14.0,"turns":3.0},{"damage":34.0,"enemies":"Hexaghost","floor":16.0,"turns":8.0},{"damage":17.0,"enemies":"Shell Parasite","floor":18.0,"turns":7.0},{"damage":0.0,"enemies":"Spheric Guardian","floor":22.0,"turns":3.0},{"damage":80,"enemies":"Book of Stabbing","floor":24,"turns":4}],"seed_played":"-474552138295586115","potions_obtained":[{"floor":6.0,"key":"AttackPotion"},{"floor":13.0,"key":"PowerPotion"},{"floor":14.0,"key":"CultistPotion"},{"floor":16.0,"key":"Fire Potion"},{"floor":18.0,"key":"GamblersBrew"},{"floor":22.0,"key":"FairyPotion"}],"is_trial":false,"path_per_floor":["M","M","?","?","?","M","?","E","T","M","T","$","M","M","R","B",null,"M","?","$","?","M","R","E"],"character_chosen":"WATCHER","items_purchased":["CutThroughFate","Strength Potion","Orrery"],"campfire_rested":1,"item_purchase_floors":[12,12,20],"current_hp_per_floor":[65,65,54,54,54,54,54,44,44,22,22,22,22,22,43,9,56,39,39,39,39,39,39,0,0],"gold":178,"neow_bonus":"THREE_ENEMY_KILL","is_daily":false,"chose_seed":false,"campfire_upgraded":1,"win_rate":0.0,"timestamp":1610866712,"path_taken":["M","M","?","?","?","?","?","E","T","?","?","$","M","M","R","BOSS","M","?","?","?","M","R","E"],"items_purchased_type":["Card","Potion","Relic"],"build_version":"2020-12-22","purchased_purges":2,"victory":false,"max_hp_per_floor":[72,72,72,72,72,72,72,72,72,72,72,72,72,72,72,72,72,72,72,72,72,72,72,72,72],"card_choices":[{"not_picked":["Conclude","Protect"],"picked":"Evaluate","floor":1.0},{"not_picked":["EmptyFist","FlyingSleeves"],"picked":"BowlingBash","floor":2.0},{"not_picked":["SashWhip","WreathOfFlame","EmptyFist"],"picked":"SKIP","floor":6.0},{"not_picked":["Weave","PathToVictory"],"picked":"InnerPeace","floor":8.0},{"not_picked":["ForeignInfluence","ClearTheMind"],"picked":"Vault","floor":10.0},{"not_picked":["ClearTheMind","SashWhip","SignatureMove"],"picked":"SKIP","floor":13.0},{"not_picked":["ClearTheMind","SashWhip","SignatureMove"],"picked":"SKIP","floor":13.0},{"not_picked":["Conclude","FollowUp"],"picked":"Tantrum","floor":14.0},{"not_picked":["Ragnarok","Wish"],"picked":"LessonLearned","floor":16.0},{"not_picked":["CutThroughFate","FlurryOfBlows","Nirvana"],"picked":"SKIP","floor":18.0},{"not_picked":["Crescendo","Halt"],"picked":"Fasting2+1","floor":20.0},{"not_picked":["EmptyBody+1","Fasting2"],"picked":"Wallop+1","floor":20.0},{"not_picked":["Crescendo+1","Evaluate+1","ClearTheMind"],"picked":"SKIP","floor":22.0}],"player_experience":382238,"relics_obtained":[{"floor":8.0,"key":"Yang"},{"floor":11.0,"key":"White Beast Statue"}],"event_choices":[{"damage_healed":0.0,"max_hp_gain":0.0,"max_hp_loss":0.0,"gold_gain":75.0,"event_name":"World of Goop","player_choice":"Gather Gold","floor":3.0,"gold_loss":0.0,"damage_taken":11.0},{"damage_healed":0.0,"max_hp_gain":0.0,"max_hp_loss":0.0,"gold_gain":175.0,"event_name":"Liars Game","player_choice":"AGREE","floor":4.0,"gold_loss":0.0,"damage_taken":0.0,"cards_obtained":["Doubt"]},{"damage_healed":0.0,"max_hp_gain":0.0,"max_hp_loss":0.0,"gold_gain":0.0,"event_name":"WeMeetAgain","player_choice":"Paid Gold","floor":5.0,"gold_loss":50.0,"damage_taken":0.0,"relics_obtained":["FossilizedHelix"]},{"damage_healed":0.0,"max_hp_gain":0.0,"max_hp_loss":0.0,"gold_gain":0.0,"event_name":"Match and Keep!","player_choice":"1 cards matched","floor":7.0,"gold_loss":0.0,"damage_taken":0.0,"cards_obtained":["Scrawl"]},{"damage_healed":0.0,"max_hp_gain":0.0,"max_hp_loss":0.0,"gold_gain":0.0,"event_name":"Duplicator","player_choice":"Copied","floor":19.0,"gold_loss":0.0,"damage_taken":0.0,"cards_obtained":["Scrawl"]},{"damage_healed":0.0,"max_hp_gain":0.0,"max_hp_loss":0.0,"gold_gain":100.0,"event_name":"The Joust","player_choice":"Bet on Murderer","floor":21.0,"gold_loss":50.0,"damage_taken":0.0}],"is_beta":false,"boss_relics":[{"not_picked":["SacredBark","Black Star"],"picked":"Empty Cage"}],"items_purged_floors":[12,20],"is_endless":false,"potions_floor_spawned":[6,13,14,16,18,22],"killed_by":"Book of Stabbing","ascension_level":8}}