{"host":"c6u7e77myxvw4d0m","time":1610868455,"event":{"mods":["AchievementEnabler","BaseMod","Bestiary","Colored Map","Colored Powertips","Minty Spire (QoL Compilation)","Rare Cards Sparkle","Relic Stats","everything is the same but u backflip on backflip"],"gold_per_floor":[117,130,130,205,16,16,43,55,142,154,166,166],"floor_reached":11,"language":"ENG","playtime":522,"items_purged":[],"score":124,"play_id":"ef9c96eb-dc7b-4dd3-8fdb-cd09a607f5ea","local_time":"20210117092735","is_ascension_mode":true,"campfire_choices":[{"data":"Neutralize","floor":6,"key":"SMITH"},{"floor":8,"key":"REST"},{"data":"Dagger Throw","floor":10,"key":"SMITH"}],"circlet_count":0,"master_deck":["AscendersBane","Strike_G","Strike_G","Strike_G","Strike_G","Strike_G","Defend_G","Defend_G","Defend_G","Defend_G","Defend_G","Survivor","Neutralize+1","Dagger Throw+1","Tactician","Blade Dance","Footwork","Escape Plan"],"relics":["Ring of the Snake","MawBank","Meat on the Bone"],"acts_visited":["Exordium"],"potions_floor_usage":[7],"damage_taken":[{"damage":5,"enemies":"Jaw Worm","floor":1,"turns":7},{"damage":0,"enemies":"Small Slimes","floor":2,"turns":3},{"damage":45,"enemies":"Gremlin Nob","floor":7,"turns":8},{"damage":36,"enemies":"Lagavulin","floor":11,"turns":6}],"seed_played":"8103047503339050323","potions_obtained":[],"is_trial":false,"path_per_floor":["M","M","?","?","$","R","E","R","T","R","E"],"character_chosen":"THE_SILENT","items_purchased":["Blade Dance","Footwork","Block Potion"],"campfire_rested":1,"item_purchase_floors":[5,5,5],"current_hp_per_floor":[60,60,60,49,49,49,4,25,25,25,0,0],"gold":166,"neow_bonus":"TEN_PERCENT_HP_BONUS","is_daily":false,"chose_seed":false,"campfire_upgraded":2,"win_rate":0.0,"timestamp":1610868455,"path_taken":["M","M","?","?","?","R","E","R","T","R","E"],"items_purchased_type":["Card","Card","Potion"],"build_version":"2020-12-22","purchased_purges":0,"victory":false,"max_hp_per_floor":[72,72,72,72,72,72,72,72,72,72,72,72],"relic_stats":{"counters":[4,24],"MawBank":48,"obtain_stats":[{"MawBank":7,"Ring of the Snake":0,"Meat on the Bone":9},{"MawBank":3,"Ring of the Snake":0,"Meat on the Bone":3},{"MawBank":18,"Ring of the Snake":0,"Meat on the Bone":18}],"Ring of the Snake":[8],"Meat on the Bone":0},"card_choices":[{"not_picked":["Deflect","All Out Attack"],"picked":"Dagger Throw","floor":1},{"not_picked":["Outmaneuver","Deflect"],"picked":"Tactician","floor":2},{"not_picked":["Slice","Bane"],"picked":"Escape Plan","floor":7}],"player_experience":381227,"relics_obtained":[{"floor":7,"key":"MawBank"},{"floor":9,"key":"Meat on the Bone"}],"event_choices":[{"damage_healed":0,"gold_gain":0,"player_choice":"Ignored","damage_taken":0,"max_hp_gain":0,"max_hp_loss":0,"event_name":"Liars Game","floor":3,"gold_loss":0},{"damage_healed":0,"gold_gain":75,"player_choice":"Gather Gold","damage_taken":11,"max_hp_gain":0,"max_hp_loss":0,"event_name":"World of Goop","floor":4,"gold_loss":0}],"is_beta":false,"boss_relics":[],"items_purged_floors":[],"is_endless":false,"potions_floor_spawned":[],"killed_by":"Lagavulin","ascension_level":16}}