{"host":"qxeepl7ydvsgmfdb","time":1610863927,"event":{"mods":["AchievementEnabler","BaseMod","Colored Powertips","Minty Spire (QoL Compilation)","Quick Restart","slay the spire mod where everything is the same but ironclad has a cowboy hat"],"gold_per_floor":[218,218,218,218,233,265,284,284,358,389,419,152,172,186,186,287,287,298,298,388,212,222,222,147,147,174,205,219,229,254,19,19,119,119,131,131,145,145,165,190,190,190,190,203,203,213,238,34,34,34,34],"floor_reached":50,"language":"ENG","playtime":1880,"items_purged":["Defend_P"],"score":646,"play_id":"e7cc667c-a6d8-40b3-abc9-254ac55c0ba4","local_time":"20210117011207","is_ascension_mode":false,"campfire_choices":[{"data":"EmptyFist","floor":8.0,"key":"SMITH"},{"floor":15.0,"key":"REST"},{"data":"Devotion","floor":23.0,"key":"SMITH"},{"floor":25.0,"key":"REST"},{"floor":32.0,"key":"REST"},{"floor":41,"key":"REST"},{"data":"Impatience","floor":45,"key":"SMITH"},{"floor":49,"key":"REST"}],"circlet_count":0,"master_deck":["Strike_P","Strike_P","Strike_P","Defend_P","Defend_P","Defend_P","Eruption+1","Vigilance","EmptyFist+1","ThirdEye","BowlingBash+1","SashWhip+1","JustLucky+1","Devotion+1","SashWhip+1","Impatience+1","JustLucky+1","FlurryOfBlows+1","Devotion","Discovery+1","Brilliance+1","Halt+1","ThirdEye+1","PathToVictory+1"],"relics":["PureWater","Happy Flower","Tiny Chest","Letter Opener","Molten Egg 2","Bottled Flame","Odd Mushroom","Busted Crown","Pear","Bag of Marbles","Blood Vial","Darkstone Periapt","Toxic Egg 2","Oddly Smooth Stone","SacredBark","Centennial Puzzle","Eternal Feather","Regal Pillow","StoneCalendar","Lantern"],"acts_visited":["Exordium","TheCity","TheBeyond"],"potions_floor_usage":[33,40,40,40,40,47,47,50],"damage_taken":[{"damage":0.0,"enemies":"2 Louse","floor":1.0,"turns":2.0},{"damage":1.0,"enemies":"Jaw Worm","floor":5.0,"turns":3.0},{"damage":11.0,"enemies":"Gremlin Nob","floor":6.0,"turns":3.0},{"damage":2.0,"enemies":"Small Slimes","floor":7.0,"turns":4.0},{"damage":13.0,"enemies":"Lagavulin","floor":10.0,"turns":4.0},{"damage":1.0,"enemies":"The Mushroom Lair","floor":13.0,"turns":3.0},{"damage":0.0,"enemies":"Red Slaver","floor":14.0,"turns":2.0},{"damage":0.0,"enemies":"Slime Boss","floor":16.0,"turns":6.0},{"damage":10.0,"enemies":"2 Thieves","floor":18.0,"turns":2.0},{"damage":0.0,"enemies":"Spheric Guardian","floor":22.0,"turns":2.0},{"damage":0.0,"enemies":"Gremlin Leader","floor":27.0,"turns":1.0},{"damage":39.0,"enemies":"Snake Plant","floor":28.0,"turns":2.0},{"damage":12.0,"enemies":"Chosen and Byrds","floor":29.0,"turns":3.0},{"damage":0.0,"enemies":"Book of Stabbing","floor":30.0,"turns":1.0},{"damage":26,"enemies":"Automaton","floor":33,"turns":6},{"damage":10,"enemies":"Orb Walker","floor":35,"turns":4},{"damage":9,"enemies":"3 Darklings","floor":37,"turns":3},{"damage":17,"enemies":"4 Shapes","floor":39,"turns":4},{"damage":10,"enemies":"Giant Head","floor":40,"turns":5},{"damage":0,"enemies":"Jaw Worm Horde","floor":44,"turns":4},{"damage":6,"enemies":"3 Darklings","floor":46,"turns":2},{"damage":23,"enemies":"Nemesis","floor":47,"turns":6},{"damage":81,"enemies":"Awakened One","floor":50,"turns":7}],"seed_played":"4969511434522562507","potions_obtained":[{"floor":7.0,"key":"SneckoOil"},{"floor":10.0,"key":"LiquidMemories"},{"floor":14.0,"key":"SkillPotion"},{"floor":28.0,"key":"SteroidPotion"},{"floor":30.0,"key":"Swift Potion"},{"floor":33,"key":"Ancient Potion"},{"floor":39,"key":"EntropicBrew"},{"floor":40,"key":"Fire Potion"},{"floor":47,"key":"StancePotion"}],"is_trial":false,"path_per_floor":["M","?","?","?","M","E","M","R","T","E","?","$","?","M","R","B",null,"M","T","?","$","M","R","$","R","T","E","M","M","E","$","R","B",null,"M","T","M","?","M","E","R","?","T","M","R","M","E","$","R","B"],"character_chosen":"WATCHER","items_purchased":["Bottled Flame","BowlingBash+1","JustLucky+1","Bag of Marbles","Oddly Smooth Stone","Discovery+1","Lantern","Strength Potion"],"campfire_rested":5,"item_purchase_floors":[12,12,21,21,31,31,48,48],"current_hp_per_floor":[72,65,53,53,52,41,39,39,39,26,26,26,25,25,46,46,72,62,72,54,54,54,54,54,78,78,80,43,33,35,35,59,35,82,72,72,65,65,50,42,77,77,77,78,78,72,51,51,78,0,0],"gold":34,"neow_bonus":"HUNDRED_GOLD","is_daily":false,"chose_seed":false,"campfire_upgraded":3,"win_rate":0.0,"timestamp":1610863927,"path_taken":["M","?","?","?","M","E","?","R","T","E","?","$","?","M","R","BOSS","M","?","?","$","?","R","$","R","T","E","M","M","E","?","R","BOSS","M","?","?","?","M","E","R","?","T","M","R","M","E","$","R","BOSS"],"items_purchased_type":["Relic","Card","Card","Relic","Relic","Card","Relic","Potion"],"build_version":"2020-12-22","purchased_purges":1,"victory":false,"max_hp_per_floor":[72,72,72,72,72,72,72,72,72,72,72,72,72,72,72,72,72,72,82,82,82,82,82,82,82,82,82,82,82,82,82,82,82,82,82,82,82,78,78,78,78,78,78,78,78,78,78,78,78,78,78],"card_choices":[{"not_picked":["Prostrate","Halt","SashWhip"],"picked":"SKIP","floor":1.0},{"not_picked":["Prostrate","Ragnarok"],"picked":"EmptyFist","floor":5.0},{"not_picked":["FlyingSleeves","Nirvana","Meditate"],"picked":"SKIP","floor":6.0},{"not_picked":["InnerPeace","JustLucky","Collect"],"picked":"SKIP","floor":7.0},{"not_picked":["FlyingSleeves+1","SashWhip+1"],"picked":"ThirdEye","floor":10.0},{"not_picked":["WaveOfTheHand","Weave+1"],"picked":"SashWhip+1","floor":13.0},{"not_picked":["EmptyFist+1","ClearTheMind"],"picked":"JustLucky+1","floor":14.0},{"not_picked":["Vault","LessonLearned+1"],"picked":"Devotion","floor":16.0},{"not_picked":[],"picked":"SashWhip+1","floor":18.0},{"not_picked":[],"picked":"FlurryOfBlows+1","floor":22.0},{"not_picked":["Protect"],"picked":"SKIP","floor":27.0},{"not_picked":["SashWhip+1"],"picked":"SKIP","floor":28.0},{"not_picked":["ReachHeaven+1"],"picked":"SKIP","floor":29.0},{"not_picked":[],"picked":"Devotion","floor":30.0},{"not_picked":[],"picked":"Brilliance+1","floor":33},{"not_picked":[],"picked":"Halt+1","floor":35},{"not_picked":[],"picked":"ThirdEye+1","floor":37},{"not_picked":[],"picked":"PathToVictory+1","floor":39},{"not_picked":["TalkToTheHand+1"],"picked":"SKIP","floor":40},{"not_picked":["SignatureMove+1"],"picked":"SKIP","floor":44},{"not_picked":["Evaluate+1"],"picked":"SKIP","floor":46},{"not_picked":["BowlingBash+1"],"picked":"SKIP","floor":47}],"player_experience":158121,"relics_obtained":[{"floor":6.0,"key":"Tiny Chest"},{"floor":9.0,"key":"Letter Opener"},{"floor":10.0,"key":"Molten Egg 2"},{"floor":13.0,"key":"Odd Mushroom"},{"floor":19.0,"key":"Pear"},{"floor":26.0,"key":"Blood Vial"},{"floor":27.0,"key":"Darkstone Periapt"},{"floor":30.0,"key":"Toxic Egg 2"},{"floor":36,"key":"Centennial Puzzle"},{"floor":40,"key":"Eternal Feather"},{"floor":43,"key":"Regal Pillow"},{"floor":47,"key":"StoneCalendar"}],"event_choices":[{"cards_removed":["Strike_P"],"damage_healed":0.0,"max_hp_gain":0.0,"max_hp_loss":0.0,"gold_gain":0.0,"event_name":"Golden Wing","player_choice":"Card Removal","floor":2.0,"gold_loss":0.0,"damage_taken":7.0},{"damage_healed":0.0,"max_hp_gain":0.0,"max_hp_loss":0.0,"gold_gain":0.0,"event_name":"Scrap Ooze","player_choice":"Success","floor":3.0,"gold_loss":0.0,"damage_taken":12.0,"relics_obtained":["Happy Flower"]},{"damage_healed":0.0,"max_hp_gain":0.0,"max_hp_loss":0.0,"gold_gain":0.0,"event_name":"Living Wall","player_choice":"Grow","floor":4.0,"gold_loss":0.0,"damage_taken":0.0,"cards_upgraded":["Eruption"]},{"damage_healed":0.0,"max_hp_gain":0.0,"max_hp_loss":0.0,"gold_gain":30.0,"event_name":"Dead Adventurer","player_choice":"Searched \u00272\u0027 times","floor":11.0,"gold_loss":0.0,"damage_taken":0.0},{"damage_healed":0.0,"max_hp_gain":0.0,"max_hp_loss":0.0,"gold_gain":0.0,"event_name":"Mushrooms","player_choice":"Fought Mushrooms","floor":13.0,"gold_loss":0.0,"damage_taken":0.0},{"damage_healed":0.0,"max_hp_gain":0.0,"max_hp_loss":0.0,"gold_gain":90.0,"event_name":"Knowing Skull","player_choice":"CARD GOLD ","floor":20.0,"potions_obtained":[],"gold_loss":0.0,"damage_taken":18.0,"cards_obtained":["Impatience"]},{"damage_healed":0,"gold_gain":0,"player_choice":"Max HP","damage_taken":0,"max_hp_gain":0,"max_hp_loss":4,"event_name":"Winding Halls","floor":38,"gold_loss":0},{"damage_healed":0,"gold_gain":0,"player_choice":"Ignored","damage_taken":0,"max_hp_gain":0,"max_hp_loss":0,"event_name":"Tomb of Lord Red Mask","floor":42,"gold_loss":0}],"is_beta":false,"boss_relics":[{"not_picked":["Ectoplasm","Velvet Choker"],"picked":"Busted Crown"},{"not_picked":["Sozu","Runic Pyramid"],"picked":"SacredBark"}],"items_purged_floors":[24],"is_endless":false,"potions_floor_spawned":[7,10,14,28,30,33,39,40,47],"killed_by":"Awakened One","ascension_level":0}}