{"host":"f11aur7x9y4lk2gb","time":1610867281,"event":{"mods":["AchievementEnabler","BaseMod","Minty Spire (QoL Compilation)"],"gold_per_floor":[115,115,390,410,410,420,420,432,459,459,30,61,61,35,35,139,139,153,69,69,69,87,87,106,106,106],"floor_reached":25,"language":"ENG","playtime":1724,"items_purged":["Strike_B","Strike_B"],"score":248,"play_id":"3b53f017-bb43-4596-95a7-7ba263e0c07a","local_time":"20210117160801","is_ascension_mode":true,"campfire_choices":[{"data":"Ball Lightning","floor":7,"key":"SMITH"},{"data":"Double Energy","floor":10,"key":"SMITH"},{"floor":13,"key":"REST"},{"data":"Recycle","floor":15,"key":"SMITH"},{"floor":23,"key":"REST"}],"circlet_count":0,"master_deck":["Defend_B","Defend_B","Defend_B","Defend_B","Zap","Dualcast","Tempest","Ball Lightning+1","Leap","Double Energy+1","Recycle+1","Lockon","Rebound","Multi-Cast","Hologram+1","Defragment"],"relics":["Cracked Core","Spirit Poop","Strawberry","Membership Card","Regal Pillow","Gremlin Horn","PreservedInsect","Philosopher\u0027s Stone","Nilry\u0027s Codex"],"acts_visited":["Exordium","TheCity"],"potions_floor_usage":[4,8,12,16,24,24],"damage_taken":[{"damage":5,"enemies":"Small Slimes","floor":1,"turns":3},{"damage":2,"enemies":"Jaw Worm","floor":4,"turns":2},{"damage":1,"enemies":"Cultist","floor":6,"turns":3},{"damage":4,"enemies":"Large Slime","floor":8,"turns":3},{"damage":16,"enemies":"Lagavulin","floor":12,"turns":5},{"damage":51,"enemies":"The Guardian","floor":16,"turns":8},{"damage":7,"enemies":"Spheric Guardian","floor":18,"turns":3},{"damage":13,"enemies":"Shell Parasite","floor":22,"turns":4},{"damage":16,"enemies":"Snake Plant","floor":24,"turns":3},{"damage":70,"enemies":"Masked Bandits","floor":25,"turns":3}],"seed_played":"6080895755880284036","potions_obtained":[{"floor":1,"key":"FocusPotion"},{"floor":6,"key":"AttackPotion"},{"floor":8,"key":"Fire Potion"},{"floor":12,"key":"ColorlessPotion"},{"floor":16,"key":"Strength Potion"},{"floor":22,"key":"Strength Potion"}],"is_trial":false,"path_per_floor":["M","?","?","M","?","M","R","M","T","R","$","E","R","$","R","B",null,"M","$","?","?","M","R","M","?"],"character_chosen":"DEFECT","items_purchased":["Membership Card","Recycle","Regal Pillow","Gremlin Horn","Rebound","Defragment"],"campfire_rested":2,"item_purchase_floors":[11,11,11,11,14,19],"current_hp_per_floor":[77,70,70,68,68,67,67,63,70,70,70,54,89,89,89,38,76,69,69,69,53,40,81,65,0,0],"gold":106,"neow_bonus":"TEN_PERCENT_HP_BONUS","is_daily":false,"chose_seed":false,"campfire_upgraded":3,"win_rate":0.0,"timestamp":1610867281,"path_taken":["M","?","?","?","?","M","R","M","T","R","$","E","R","$","R","BOSS","M","$","?","?","M","R","M","?"],"items_purchased_type":["Relic","Card","Relic","Relic","Card","Card"],"build_version":"2020-12-22","purchased_purges":2,"victory":false,"max_hp_per_floor":[82,82,82,82,82,82,82,82,89,89,89,89,89,89,89,89,89,89,89,89,89,89,89,89,89,89],"card_choices":[{"not_picked":["Chaos","Ball Lightning"],"picked":"Tempest","floor":1},{"not_picked":["Undo","Go for the Eyes"],"picked":"Ball Lightning","floor":4},{"not_picked":["Barrage","Glacier"],"picked":"Leap","floor":6},{"not_picked":["Beam Cell","Ball Lightning"],"picked":"Double Energy","floor":8},{"not_picked":["Barrage","Go for the Eyes"],"picked":"Lockon","floor":12},{"not_picked":["Core Surge","Hyperbeam"],"picked":"Multi-Cast","floor":16},{"not_picked":["Sweeping Beam","Barrage"],"picked":"Hologram+1","floor":18},{"not_picked":["Sweeping Beam","Gash+1","Stack"],"picked":"SKIP","floor":22},{"not_picked":["Cold Snap","Force Field","Sweeping Beam"],"picked":"SKIP","floor":24}],"player_experience":407290,"relics_obtained":[{"floor":9,"key":"Strawberry"},{"floor":12,"key":"PreservedInsect"},{"floor":21,"key":"Nilry\u0027s Codex"}],"event_choices":[{"cards_removed":["Strike_B"],"damage_healed":0,"gold_gain":0,"player_choice":"Card Removal","damage_taken":7,"max_hp_gain":0,"max_hp_loss":0,"event_name":"Golden Wing","floor":2,"gold_loss":0},{"damage_healed":0,"gold_gain":275,"player_choice":"Desecrate","damage_taken":0,"max_hp_gain":0,"max_hp_loss":0,"event_name":"Golden Shrine","floor":3,"gold_loss":0,"cards_obtained":["Regret"]},{"cards_removed":["Regret"],"damage_healed":0,"gold_gain":0,"player_choice":"Offered Curse","damage_taken":0,"relics_obtained":["Spirit Poop"],"max_hp_gain":0,"max_hp_loss":0,"event_name":"Bonfire Elementals","floor":5,"gold_loss":0},{"cards_removed":["Strike_B"],"damage_healed":0,"gold_gain":0,"player_choice":"Elegance","damage_taken":0,"max_hp_gain":0,"max_hp_loss":0,"event_name":"Back to Basics","floor":20,"gold_loss":0},{"damage_healed":0,"gold_gain":0,"player_choice":"Obtained Book","damage_taken":16,"max_hp_gain":0,"max_hp_loss":0,"event_name":"Cursed Tome","floor":21,"gold_loss":0},{"damage_healed":0,"gold_gain":0,"player_choice":"Fought Bandits","damage_taken":0,"max_hp_gain":0,"max_hp_loss":0,"event_name":"Masked Bandits","floor":25,"gold_loss":0}],"is_beta":false,"boss_relics":[{"not_picked":["Busted Crown","Velvet Choker"],"picked":"Philosopher\u0027s Stone"}],"items_purged_floors":[11,19],"is_endless":false,"potions_floor_spawned":[1,6,8,12,16,22],"killed_by":"Masked Bandits","ascension_level":5}}