{"host":"2ulm0pyp8jok7fk5","time":1610896079,"event":{"mods":["100% Spire Juice","Act Like it!","Arknights The Spire","BaseMod","Decade(王小明)","Gensokyo","KinomotoSakuraMod(木之本樱)","Koishi","Lobotomy","LobotomyExtend","Marisa（F雨　魔理沙）","Minty Spire (QoL Compilation)","Reimu（博丽灵梦）","Replay The Spire","Shop Mod","Spicy Shops","StSLib","The Hierophant","The Servant 0.9.4","Waifu the Spire","vexMod","【遗物卡牌】REMEMod"],"gold_per_floor":[116,131,131,136,136,136,123,123,178,178,188,201,201,126,126,126,126],"floor_reached":16,"language":"ZHS","playtime":573,"items_purged":["Poor:ReiMu"],"score":100,"play_id":"7278effa-6eb3-4087-bafb-3d5137000640","local_time":"20210117230759","is_ascension_mode":false,"campfire_choices":[{"data":"Koishi:HauntingSlash","floor":6,"key":"SMITH"},{"floor":8,"key":"REST"},{"data":"Koishi:RacingHeart","floor":10,"key":"SMITH"},{"floor":15,"key":"REST"}],"circlet_count":0,"master_deck":["Koishi:BasicStrike","Koishi:BasicStrike","Koishi:BasicStrike+1","Koishi:BasicStrike","Koishi:BasicDefend","Koishi:BasicDefend","Koishi:BasicDefend","Koishi:Provoke","Koishi:HauntingSlash+1","Freischutz","Koishi:ParalyzingFear+1","ShyLook","Koishi:DreadfulBlow","OSAHOGD","Koishi:DreadfulBlow","Koishi:RacingHeart+1","Koishi:JumpScare"],"relics":["Koishi:ImaginaryFriend","REME_ComplimentaryCards","CogitoBucket","LetterFromLob","Blood Vial","Whetstone","YidongShenshe:ReiMu"],"acts_visited":["Exordium"],"potions_floor_usage":[],"damage_taken":[{"damage":12,"enemies":"Jaw Worm","floor":1,"turns":6},{"damage":2,"enemies":"Small Slimes","floor":2,"turns":3},{"damage":0,"enemies":"2 Louse","floor":4,"turns":2},{"damage":28,"enemies":"Gremlin Nob","floor":7,"turns":4},{"damage":9,"enemies":"Looter","floor":11,"turns":4},{"damage":52,"enemies":"3 Louse","floor":12,"turns":6},{"damage":26,"enemies":"Slime Boss","floor":16,"turns":3}],"seed_played":"684998924598330501","potions_obtained":[{"floor":4,"key":"PowerPotion"},{"floor":7,"key":"Ancient Potion"},{"floor":12,"key":"Block Potion"}],"is_trial":false,"path_per_floor":["M","M","?","M","?","R","E","R","T","R","M","M","?","$","R","B"],"character_chosen":"KOISHI","items_purchased":[],"campfire_rested":2,"item_purchase_floors":[],"current_hp_per_floor":[51,51,56,58,58,58,34,53,53,53,50,3,3,3,22,0,0],"gold":126,"neow_bonus":"","is_daily":false,"chose_seed":false,"campfire_upgraded":2,"win_rate":0.0,"timestamp":1610896079,"path_taken":["M","M","?","M","?","R","E","R","T","R","M","M","?","$","R","BOSS"],"items_purchased_type":[],"build_version":"2020-12-22","purchased_purges":1,"victory":false,"max_hp_per_floor":[60,60,65,65,65,65,65,65,65,65,65,65,65,65,65,65,65],"card_choices":[{"not_picked":["BeautyBeast","Murderer"],"picked":"Freischutz","floor":1},{"not_picked":["Koishi:ReflexRadar","Koishi:YoukaiPolygraph"],"picked":"Koishi:ParalyzingFear","floor":1},{"not_picked":["Funeral","OldLady"],"picked":"ShyLook","floor":2},{"not_picked":["Koishi:Prune","Koishi:Untouchable"],"picked":"Koishi:DreadfulBlow","floor":2},{"not_picked":["SnowQueen","OldLady"],"picked":"OSAHOGD","floor":4},{"not_picked":["Koishi:ReflexRadar","Koishi:Prune"],"picked":"Koishi:DreadfulBlow","floor":4},{"not_picked":["Koishi:TraumaticStroke","Koishi:SpiritedAway"],"picked":"Koishi:RacingHeart","floor":7},{"not_picked":["Koishi:PhantomStrike","Koishi:ParalyzingFear","Koishi:Prune"],"picked":"SKIP","floor":11},{"not_picked":["Koishi:StrangeCloudFist","Koishi:Possession"],"picked":"Koishi:JumpScare","floor":12}],"player_experience":100543,"relics_obtained":[{"floor":1,"key":"LetterFromLob"},{"floor":7,"key":"Blood Vial"},{"floor":9,"key":"Whetstone"}],"event_choices":[{"damage_healed":0,"gold_gain":0,"player_choice":"Donut","damage_taken":0,"max_hp_gain":5,"max_hp_loss":0,"event_name":"Big Fish","floor":3,"gold_loss":0},{"damage_healed":0,"gold_gain":0,"player_choice":"Ignored","damage_taken":0,"max_hp_gain":0,"max_hp_loss":0,"event_name":"Liars Game","floor":5,"gold_loss":0},{"damage_healed":0,"gold_gain":0,"player_choice":"带走神社","damage_taken":0,"relics_obtained":["YidongShenshe:ReiMu"],"max_hp_gain":0,"max_hp_loss":0,"event_name":"yidonshenshe","floor":13,"gold_loss":0,"cards_obtained":["Poor:ReiMu"]}],"is_beta":false,"boss_relics":[],"items_purged_floors":[14],"is_endless":false,"potions_floor_spawned":[4,7,12],"killed_by":"Slime Boss","ascension_level":0}}