{"host":"w0w6jcqjdtkzk2bw","time":1610844014,"event":{"mods":["AchievementEnabler","BaseMod","Bestiary","Block Reminder","Colored Map","Colored Powertips","Filter the Spire","Highlight Path","Minty Spire (QoL Compilation)","Permanent Neow","Quick Restart","Relic Stats","StSLib","Synergy Search"],"gold_per_floor":[117,133,94,112,128,154,154,154,154],"floor_reached":8,"language":"ENG","playtime":494,"items_purged":[],"score":73,"play_id":"8ffc39cc-cb9b-4b48-ad69-32f0092f46c2","local_time":"20210116194014","is_ascension_mode":true,"campfire_choices":[{"floor":7,"key":"REST"}],"circlet_count":0,"master_deck":["Strike_P","Strike_P","Strike_P","Strike_P","Defend_P","Defend_P","Defend_P","Defend_P","Eruption","Vigilance","Devotion","Consecrate","Evaluate","Wireheading","Fasting2","PathToVictory","WaveOfTheHand"],"relics":["PureWater","Boot"],"acts_visited":["Exordium"],"potions_floor_usage":[],"damage_taken":[{"damage":3,"enemies":"Cultist","floor":1,"turns":4},{"damage":6,"enemies":"Jaw Worm","floor":2,"turns":4},{"damage":0,"enemies":"Small Slimes","floor":4,"turns":2},{"damage":8,"enemies":"Blue Slaver","floor":5,"turns":4},{"damage":36,"enemies":"Lagavulin","floor":6,"turns":7},{"damage":64,"enemies":"Gremlin Nob","floor":8,"turns":4}],"seed_played":"-608855758872024964","potions_obtained":[{"floor":2,"key":"EssenceOfSteel"},{"floor":4,"key":"Strength Potion"}],"is_trial":false,"path_per_floor":["M","M","$","M","M","E","R","E"],"character_chosen":"WATCHER","items_purchased":["Wireheading"],"campfire_rested":1,"item_purchase_floors":[3],"current_hp_per_floor":[62,56,56,56,48,12,31,0,0],"gold":154,"neow_bonus":"THREE_RARE_CARDS","is_daily":false,"chose_seed":false,"campfire_upgraded":0,"win_rate":0.0,"timestamp":1610844014,"path_taken":["M","M","$","?","M","E","R","E"],"items_purchased_type":["Card"],"build_version":"2020-12-22","purchased_purges":0,"victory":false,"max_hp_per_floor":[65,65,65,65,65,65,65,65,65],"relic_stats":{"counters":[6,25],"Boot":[0],"obtain_stats":[{"PureWater":0,"Boot":6},{"PureWater":0,"Boot":5},{"PureWater":0,"Boot":21}]},"card_choices":[{"not_picked":["Alpha","SpiritShield"],"picked":"Devotion","floor":0},{"not_picked":["Halt","Crescendo"],"picked":"Consecrate","floor":1},{"not_picked":["CutThroughFate","SignatureMove"],"picked":"Evaluate","floor":2},{"not_picked":["Evaluate","Consecrate"],"picked":"Fasting2","floor":4},{"not_picked":["ThirdEye","Conclude"],"picked":"PathToVictory","floor":5},{"not_picked":["WreathOfFlame","BowlingBash"],"picked":"WaveOfTheHand","floor":6}],"player_experience":203112,"relics_obtained":[{"floor":6,"key":"Boot"}],"event_choices":[],"is_beta":false,"boss_relics":[],"items_purged_floors":[],"is_endless":false,"potions_floor_spawned":[2,4],"killed_by":"Gremlin Nob","ascension_level":5}}