{"host":"it4jxgnaprwjes7d","time":1610883935,"event":{"mods":["BaseMod","Downfall","Highlight Path","Minty Spire (QoL Compilation)","StSLib"],"gold_per_floor":[109,184,132,149,163,163,182,214,266,279,279,279,10,28,28,124,124,140,159,159,84,102,102,102,102],"floor_reached":24,"language":"ENG","playtime":1811,"items_purged":[],"score":198,"play_id":"bf13c610-5a0c-4f29-abce-18060835a1cb","local_time":"20210117034535","is_ascension_mode":false,"campfire_choices":[{"floor":6,"key":"REST"},{"floor":11,"key":"REST"},{"floor":15,"key":"REST"},{"floor":23,"key":"REST"}],"circlet_count":0,"master_deck":["Strike_G","Strike_G","Strike_G","Strike_G","Strike_G","Defend_G","Defend_G","Defend_G","Defend_G","Leg Sweep","Tools of the Trade","Slice","Blade Dance","Noxious Fumes","Bane","Underhanded Strike","Bane","Dash","Sadistic Nature","Noxious Fumes","A Thousand Cuts","Prepared+1","Bouncing Flask+1","Writhe","Bouncing Flask"],"relics":["Ring of the Snake","Question Card","Lantern","Orichalcum","WristBlade","Toy Ornithopter"],"acts_visited":["Exordium","TheCity"],"potions_floor_usage":[16,16],"damage_taken":[{"damage":11,"enemies":"2 Louse","floor":1,"turns":4},{"damage":0,"enemies":"Small Slimes","floor":4,"turns":3},{"damage":0,"enemies":"Cultist","floor":5,"turns":3},{"damage":2,"enemies":"Blue Slaver","floor":7,"turns":4},{"damage":38,"enemies":"3 Sentries","floor":8,"turns":9},{"damage":12,"enemies":"Lots of Slimes","floor":10,"turns":5},{"damage":10,"enemies":"Looter","floor":14,"turns":3},{"damage":20,"enemies":"Slime Boss","floor":16,"turns":7},{"damage":20,"enemies":"3 Byrds","floor":18,"turns":5},{"damage":21,"enemies":"2 Thieves","floor":19,"turns":4},{"damage":20,"enemies":"3 Cultists","floor":22,"turns":4},{"damage":25,"enemies":"Sentry and Sphere","floor":24,"turns":3}],"seed_played":"3426291097497932214","potions_obtained":[{"floor":4,"key":"FearPotion"},{"floor":8,"key":"SpeedPotion"},{"floor":10,"key":"SkillPotion"}],"is_trial":false,"path_per_floor":["M","?","?","M","M","R","M","E","T","M","R","?","$","M","R","B",null,"M","M","?","?","M","R","M"],"character_chosen":"THE_SILENT","items_purchased":["Dash","Sadistic Nature"],"campfire_rested":4,"item_purchase_floors":[13,13],"current_hp_per_floor":[52,41,41,41,41,59,57,19,19,7,25,25,25,15,33,13,63,43,22,22,22,2,20,0,0],"gold":102,"neow_bonus":"TRANSFORM_TWO_CARDS","is_daily":false,"chose_seed":false,"campfire_upgraded":0,"win_rate":0.0,"timestamp":1610883935,"path_taken":["M","?","?","?","M","R","M","E","T","M","R","?","$","M","R","BOSS","M","?","?","?","M","R","M"],"items_purchased_type":["Card","Card"],"build_version":"2020-12-22","purchased_purges":0,"victory":false,"max_hp_per_floor":[63,63,63,63,63,63,63,63,63,63,63,63,63,63,63,63,63,63,63,63,63,63,63,63,63],"card_choices":[{"not_picked":["Reflex","Dagger Throw"],"picked":"Slice","floor":1},{"not_picked":["Venomology","Noxious Fumes","Outmaneuver"],"picked":"Blade Dance","floor":4},{"not_picked":["Sucker Punch","Finisher","Reflex"],"picked":"Noxious Fumes","floor":5},{"not_picked":["Dagger Spray","Sucker Punch","Outmaneuver"],"picked":"Bane","floor":7},{"not_picked":["Backflip","Flying Knee","Well Laid Plans"],"picked":"Underhanded Strike","floor":8},{"not_picked":["Quick Slash","Malaise","Heel Hook"],"picked":"Bane","floor":10},{"not_picked":["Deflect","PiercingWail","Slice"],"picked":"Noxious Fumes","floor":14},{"not_picked":["Malaise","After Image","Burst"],"picked":"A Thousand Cuts","floor":16},{"not_picked":["Reflex","PiercingWail+1","Dodge and Roll"],"picked":"Prepared+1","floor":18},{"not_picked":["Footwork","Dagger Spray","PiercingWail+1"],"picked":"Bouncing Flask+1","floor":19},{"not_picked":["Outmaneuver","Poisoned Stab","Dagger Spray+1"],"picked":"Bouncing Flask","floor":22}],"player_experience":25562,"relics_obtained":[{"floor":8,"key":"Lantern"},{"floor":9,"key":"Orichalcum"}],"event_choices":[{"damage_healed":0,"gold_gain":75,"player_choice":"Gather Gold","damage_taken":11,"max_hp_gain":0,"max_hp_loss":0,"event_name":"World of Goop","floor":2,"gold_loss":0},{"damage_healed":0,"gold_gain":0,"player_choice":"Paid Gold","damage_taken":0,"relics_obtained":["Question Card"],"max_hp_gain":0,"max_hp_loss":0,"event_name":"WeMeetAgain","floor":3,"gold_loss":52},{"damage_healed":0,"gold_gain":0,"player_choice":"Bought 0 Potions","damage_taken":0,"max_hp_gain":0,"max_hp_loss":0,"event_name":"The Woman in Blue","floor":12,"gold_loss":0},{"damage_healed":0,"gold_gain":0,"player_choice":"Opened","damage_taken":0,"relics_obtained":["Toy Ornithopter"],"max_hp_gain":0,"max_hp_loss":0,"event_name":"The Mausoleum","floor":20,"gold_loss":0,"cards_obtained":["Writhe"]},{"cards_removed":["Defend_G"],"damage_healed":0,"gold_gain":0,"player_choice":"Gave Gold","damage_taken":0,"max_hp_gain":0,"max_hp_loss":0,"event_name":"Beggar","floor":21,"gold_loss":75}],"is_beta":false,"boss_relics":[{"not_picked":["bronze:MakeshiftBattery","Astrolabe"],"picked":"WristBlade"}],"items_purged_floors":[],"is_endless":false,"potions_floor_spawned":[4,8,10,14],"killed_by":"Sentry and Sphere","ascension_level":0}}