{"host":"nyoujqdnxu3hxf6v","time":1610858788,"event":{"mods":["BaseMod","MarisaÅiñ∂âJÅ@ñÇóùçπÅj","Minty Spire (QoL Compilation)","StSLib","The Servant 0.9.4"],"gold_per_floor":[117,136,61,61,79,114,114,126,126,143,218,248,258,286,286,381,381,398,418,432,451,465,497,497,497],"floor_reached":24,"language":"ENG","playtime":1207,"items_purged":["Strike_P"],"score":292,"play_id":"1f31d60d-e7ed-4e76-98bf-b1387bb06e3e","local_time":"20210116234628","is_ascension_mode":false,"campfire_choices":[{"data":"Eruption","floor":7,"key":"SMITH"},{"floor":15,"key":"REST"}],"circlet_count":0,"master_deck":["Strike_P","Strike_P","Strike_P","Defend_P","Defend_P","Defend_P","Eruption+1","Vigilance","FlurryOfBlows","CutThroughFate","Iron Wave","Wallop+1","Brilliance","ClearTheMind","DevaForm","Conclude","LessonLearned","EmptyFist+1","CutThroughFate+1","FlurryOfBlows","FlurryOfBlows","FlurryOfBlows"],"relics":["PureWater","NeowsBlessing","Pantograph","Mercury Hourglass","Matryoshka","Omamori","Black Star","Happy Flower","Darkstone Periapt"],"acts_visited":["Exordium","TheCity"],"potions_floor_usage":[16,23,23,23,24],"damage_taken":[{"damage":0,"enemies":"Small Slimes","floor":1,"turns":1},{"damage":0,"enemies":"Cultist","floor":2,"turns":1},{"damage":0,"enemies":"Jaw Worm","floor":5,"turns":1},{"damage":36,"enemies":"3 Sentries","floor":6,"turns":11},{"damage":0,"enemies":"Gremlin Gang","floor":8,"turns":3},{"damage":0,"enemies":"2 Fungi Beasts","floor":10,"turns":2},{"damage":0,"enemies":"Lagavulin","floor":12,"turns":4},{"damage":3,"enemies":"Red Slaver","floor":13,"turns":3},{"damage":11,"enemies":"Gremlin Nob","floor":14,"turns":5},{"damage":19,"enemies":"The Guardian","floor":16,"turns":7},{"damage":6,"enemies":"Chosen","floor":18,"turns":5},{"damage":0,"enemies":"Spheric Guardian","floor":19,"turns":2},{"damage":18,"enemies":"Snake Plant","floor":20,"turns":4},{"damage":23,"enemies":"Centurion and Healer","floor":21,"turns":6},{"damage":0,"enemies":"Cultist and Chosen","floor":22,"turns":4},{"damage":24,"enemies":"Book of Stabbing","floor":23,"turns":4},{"damage":5,"enemies":"Snake Plant","floor":24,"turns":1}],"seed_played":"-6193407710363707150","potions_obtained":[{"floor":5,"key":"ColorlessPotion"},{"floor":6,"key":"GamblersBrew"},{"floor":8,"key":"AttackPotion"},{"floor":19,"key":"SpeedPotion"},{"floor":22,"key":"LiquidMemories"},{"floor":23,"key":"EssenceOfSteel"}],"is_trial":false,"path_per_floor":["M","M","$","?","M","E","R","M","T","M","?","E","M","E","R","B",null,"M","M","M","M","M","E","M"],"character_chosen":"WATCHER","items_purchased":[],"campfire_rested":1,"item_purchase_floors":[],"current_hp_per_floor":[72,72,72,72,72,36,36,36,36,36,29,29,26,15,36,42,72,66,66,48,25,25,1,0,0],"gold":497,"neow_bonus":"THREE_ENEMY_KILL","is_daily":false,"chose_seed":false,"campfire_upgraded":1,"win_rate":0.0,"timestamp":1610858788,"path_taken":["M","M","$","?","M","E","R","M","T","?","?","E","M","E","R","BOSS","M","?","?","M","M","E","M"],"items_purchased_type":[],"build_version":"2020-12-22","purchased_purges":1,"victory":false,"max_hp_per_floor":[72,72,72,72,72,72,72,72,72,72,72,72,72,72,72,72,72,72,72,72,72,72,72,72,72],"card_choices":[{"not_picked":["BowlingBash","EmptyBody"],"picked":"FlurryOfBlows","floor":1},{"not_picked":["CrushJoints","Evaluate"],"picked":"CutThroughFate","floor":2},{"not_picked":["FollowUp","EmptyFist","CarveReality"],"picked":"SKIP","floor":5},{"not_picked":["Fasting2","Adaptation"],"picked":"Wallop","floor":6},{"not_picked":["Evaluate","Weave"],"picked":"Brilliance","floor":8},{"not_picked":["EmptyMind","EmptyBody"],"picked":"ClearTheMind","floor":10},{"not_picked":["SashWhip","JustLucky"],"picked":"DevaForm","floor":12},{"not_picked":["Protect","SashWhip","InnerPeace"],"picked":"SKIP","floor":13},{"not_picked":["BattleHymn","Evaluate"],"picked":"Conclude","floor":14},{"not_picked":["Scrawl","Omniscience"],"picked":"LessonLearned","floor":16},{"not_picked":["Adaptation","EmptyBody"],"picked":"EmptyFist+1","floor":18},{"not_picked":["Collect","Vengeance"],"picked":"CutThroughFate+1","floor":19},{"not_picked":["CarveReality","Sanctity+1","Protect"],"picked":"SKIP","floor":20},{"not_picked":["FollowUp","Weave+1"],"picked":"FlurryOfBlows","floor":21},{"not_picked":["Nirvana+1","Collect"],"picked":"FlurryOfBlows","floor":22},{"not_picked":["ClearTheMind","SashWhip"],"picked":"FlurryOfBlows","floor":23}],"player_experience":39853,"relics_obtained":[{"floor":6,"key":"Pantograph"},{"floor":9,"key":"Mercury Hourglass"},{"floor":12,"key":"Matryoshka"},{"floor":14,"key":"Omamori"},{"floor":23,"key":"Happy Flower"},{"floor":23,"key":"Darkstone Periapt"}],"event_choices":[{"cards_removed":["Defend_P"],"damage_healed":0,"gold_gain":0,"player_choice":"Took Card","damage_taken":0,"max_hp_gain":0,"max_hp_loss":0,"event_name":"NoteForYourself","floor":4,"gold_loss":0,"cards_obtained":["Iron Wave"]},{"damage_healed":0,"gold_gain":75,"player_choice":"Touch","damage_taken":7,"max_hp_gain":0,"max_hp_loss":0,"event_name":"FaceTrader","floor":11,"gold_loss":0}],"is_beta":false,"boss_relics":[{"not_picked":["Sozu","Busted Crown"],"picked":"Black Star"}],"items_purged_floors":[3],"is_endless":false,"potions_floor_spawned":[5,6,8,12,19,22,23],"killed_by":"Snake Plant","ascension_level":0}}