{"host":"00tqcjwpycel7e54","time":1610862589,"event":{"mods":["ATMod(阿瑾Mod)","Act Like it!","BaseMod","Colored Powertips","Decade(王小明)","Hermit","Highlight Path","Hubris","Luminous","Marisa（F雨　魔理沙）","Minty Spire (QoL Compilation)","Reimu（博丽灵梦）","Remilia（蕾米莉亚）","Robot Space Explorer","SOS（斯巴达之子）","Shop Mod","Spicy Shops","StSLib","The Administrix","The Animator","The Bug Knight","The Construct","The Cursed","The Gatherer","The Hierophant","The Mystic","The Runesmith","The Servant 0.9.4","WarShipGirlsR/战舰少女R mod","Youmu（魂魄妖梦）","Yuyuko","vexMod","【遗物卡牌】REMEMod"],"gold_per_floor":[11,1,17,32,49,77,77,102,102,102,136,154,154,154,154,251,251,265,265,265],"floor_reached":18,"language":"ZHS","playtime":818,"items_purged":[],"score":228,"play_id":"0d7a3430-3772-4ebd-bc7d-7220d34ab3eb","local_time":"20210117134949","is_ascension_mode":true,"metric_token":2133,"campfire_choices":[{"floor":10.0,"key":"REST"},{"data":"Gatherer:WoolGloves","floor":15,"key":"SMITH"}],"circlet_count":0,"master_deck":["Gatherer:Strike_Gatherer","Gatherer:Strike_Gatherer","Gatherer:Strike_Gatherer","Gatherer:Strike_Gatherer","Gatherer:Strike_Gatherer","Gatherer:Defend_Gatherer","Gatherer:Defend_Gatherer","Gatherer:Defend_Gatherer","Gatherer:Defend_Gatherer","Gatherer:Defend_Gatherer","Gatherer:Centralize","Gatherer:FlowerWhip","Gatherer:TacticalStrike","Gatherer:WoolGloves+1","Gatherer:RecoveryHerb","Gatherer:RecipeChange","Gatherer:QuickSynthesis","Gatherer:Transmute","Gatherer:Liquidism","Gatherer:WitheringStrike","Gatherer:Liquidism","Gatherer:FinishingStrike"],"relics":["Gatherer:AlchemyBag","AT_ATBox","REME_ComplimentaryCards","Ginger","Runesmith:AutoHammer","AT_BladeRuinedKing","hubris:CrystalStatue","Centennial Puzzle","hubris:Icosahedron","Philosopher\u0027s Stone"],"acts_visited":["Exordium","TheCity"],"potions_floor_usage":[],"damage_taken":[{"damage":2.0,"enemies":"2 Louse","floor":1.0,"turns":3.0},{"damage":0.0,"enemies":"Cultist","floor":3.0,"turns":3.0},{"damage":15.0,"enemies":"Jaw Worm","floor":4.0,"turns":5.0},{"damage":3.0,"enemies":"Blue Slaver","floor":5.0,"turns":3.0},{"damage":11.0,"enemies":"3 Sentries","floor":6.0,"turns":5.0},{"damage":22.0,"enemies":"Gremlin Nob","floor":8.0,"turns":4.0},{"damage":0,"enemies":"Lagavulin","floor":11,"turns":7},{"damage":4,"enemies":"2 Fungi Beasts","floor":12,"turns":3},{"damage":30,"enemies":"The Guardian","floor":16,"turns":5},{"damage":10,"enemies":"Shell Parasite","floor":18,"turns":3}],"seed_played":"-3883791216080072706","potions_obtained":[{"floor":3.0,"key":"PowerPotion"},{"floor":6.0,"key":"LiquidMemories"},{"floor":8.0,"key":"SmokeBomb"},{"floor":11,"key":"SpeedPotion"}],"is_trial":false,"path_per_floor":["M","?","M","M","M","E","$","E","T","R","E","M","?","?","R","B",null,"M"],"character_chosen":"THE_GATHERER","items_purchased":[],"campfire_rested":1,"item_purchase_floors":[],"current_hp_per_floor":[70,70,70,55,52,44,44,26,26,47,50,46,46,46,46,20,72,62,62,62],"gold":265,"neow_bonus":"ONE_RARE_RELIC","is_daily":false,"chose_seed":false,"campfire_upgraded":1,"win_rate":0.0,"timestamp":1610862589,"path_taken":["M","?","M","M","M","E","?","E","T","R","E","M","?","?","R","BOSS","M"],"items_purchased_type":[],"build_version":"2020-12-22","purchased_purges":0,"victory":false,"max_hp_per_floor":[72,72,72,72,72,72,72,72,72,72,72,72,72,72,72,72,72,72,72,72],"card_choices":[{"not_picked":["Gatherer:Herbalism","Gatherer:EnergyBasket"],"picked":"Gatherer:TacticalStrike","floor":1.0},{"not_picked":[],"picked":"Gatherer:WoolGloves","floor":2.0},{"not_picked":[],"picked":"Gatherer:RecoveryHerb","floor":2.0},{"not_picked":["Gatherer:Snatch","Gatherer:BambuSword"],"picked":"Gatherer:RecipeChange","floor":3.0},{"not_picked":["Gatherer:DrugPower","Gatherer:Frenzy"],"picked":"Gatherer:QuickSynthesis","floor":4.0},{"not_picked":["Gatherer:WoolGloves","Gatherer:SaveValuables"],"picked":"Gatherer:Transmute","floor":5.0},{"not_picked":["Gatherer:AcidicSpray","Gatherer:Duality"],"picked":"Gatherer:Liquidism","floor":6.0},{"not_picked":["Gatherer:PotentialSlash","Gatherer:CollectorsShot","Gatherer:WoolGloves"],"picked":"SKIP","floor":8.0},{"not_picked":["Gatherer:UpgradeBag","Gatherer:SaveValuables"],"picked":"Gatherer:WitheringStrike","floor":11},{"not_picked":["Gatherer:BambuSword","Gatherer:AcidicSpray"],"picked":"Gatherer:Liquidism","floor":12},{"not_picked":["Gatherer:Photoscythe","Gatherer:ScrollOfPurity"],"picked":"Gatherer:FinishingStrike","floor":16}],"player_experience":729072,"relics_obtained":[{"floor":6.0,"key":"Runesmith:AutoHammer"},{"floor":8.0,"key":"AT_BladeRuinedKing"},{"floor":9.0,"key":"hubris:CrystalStatue"},{"floor":11,"key":"Centennial Puzzle"}],"event_choices":[{"damage_healed":0,"gold_gain":0,"player_choice":"Ignored","damage_taken":0,"max_hp_gain":0,"max_hp_loss":0,"event_name":"Shining Light","floor":14,"gold_loss":0}],"is_beta":false,"boss_relics":[{"not_picked":["REME_ChargedStone","Fusion Hammer"],"picked":"Philosopher\u0027s Stone"}],"items_purged_floors":[],"is_endless":false,"potions_floor_spawned":[3,6,8,11,18],"killed_by":"Shell Parasite","ascension_level":2}}