{"host":"08t08ld674si40tv","time":1610851779,"event":{"mods":["AchievementEnabler","BaseMod","Colored Map","Minty Spire (QoL Compilation)","StSLib","SuperFastMode"],"gold_per_floor":[111,31,31,42,42,77,77,77,77],"floor_reached":8,"language":"KOR","playtime":192,"items_purged":["Strike_G"],"score":108,"play_id":"f2d4cd40-01a7-48f4-89ea-7c37fa9e844a","local_time":"20210117114939","is_ascension_mode":true,"campfire_choices":[{"floor":7,"key":"REST"}],"circlet_count":0,"master_deck":["AscendersBane","Strike_G","Strike_G","Strike_G","Defend_G","Defend_G","Defend_G","Defend_G","Survivor","Neutralize","Accuracy","Backstab","Infinite Blades","Blade Dance","Reflex"],"relics":["Ring of the Snake","Membership Card","Tiny Chest","Ornamental Fan"],"acts_visited":["Exordium"],"potions_floor_usage":[6,8],"damage_taken":[{"damage":0,"enemies":"2 Louse","floor":1,"turns":4},{"damage":1,"enemies":"Small Slimes","floor":4,"turns":4},{"damage":15,"enemies":"3 Sentries","floor":6,"turns":6},{"damage":47,"enemies":"Gremlin Nob","floor":8,"turns":4}],"seed_played":"-4414381877518903376","potions_obtained":[{"floor":1,"key":"Energy Potion"},{"floor":6,"key":"Swift Potion"}],"is_trial":false,"path_per_floor":["M","$","?","M","?","E","R","E"],"character_chosen":"THE_SILENT","items_purchased":["Infinite Blades"],"campfire_rested":1,"item_purchase_floors":[2],"current_hp_per_floor":[59,59,52,51,40,25,44,0,0],"gold":77,"neow_bonus":"TRANSFORM_CARD","is_daily":false,"chose_seed":false,"campfire_upgraded":0,"win_rate":0.0,"timestamp":1610851779,"path_taken":["M","$","?","M","?","E","R","E"],"items_purchased_type":["Card"],"build_version":"2020-12-22","purchased_purges":1,"victory":false,"max_hp_per_floor":[66,66,66,66,66,66,66,66,66],"card_choices":[{"not_picked":["Quick Slash","PiercingWail"],"picked":"Backstab","floor":1},{"not_picked":["Bane","Escape Plan"],"picked":"Blade Dance","floor":4},{"not_picked":["Noxious Fumes","Choke"],"picked":"Reflex","floor":6}],"player_experience":233610,"relics_obtained":[{"floor":6,"key":"Ornamental Fan"}],"event_choices":[{"cards_removed":["Defend_G"],"damage_healed":0,"gold_gain":0,"player_choice":"Card Removal","damage_taken":7,"max_hp_gain":0,"max_hp_loss":0,"event_name":"Golden Wing","floor":3,"gold_loss":0},{"damage_healed":0,"gold_gain":0,"player_choice":"Success","damage_taken":11,"relics_obtained":["Tiny Chest"],"max_hp_gain":0,"max_hp_loss":0,"event_name":"Scrap Ooze","floor":5,"gold_loss":0}],"is_beta":false,"boss_relics":[],"items_purged_floors":[2],"is_endless":false,"potions_floor_spawned":[1,6],"killed_by":"Gremlin Nob","ascension_level":20}}