{"host":"y89x8uui45kcjy42","time":1610856808,"event":{"mods":["2.2 Compatiblity","BaseMod","CapriCore","Colored Map","Colored Powertips","Custom Start","Friendly Minions","Keyboard Shortcuts","Minty Spire (QoL Compilation)","Relic Stats","Slay the Relics Exporter","StSLib","SuperFastMode","Uncapped"],"gold_per_floor":[112,30,180,180,180,208,208,224,295,309,337,337,363,379,379,379,379],"floor_reached":16,"language":"KOR","playtime":363,"items_purged":[],"score":236,"play_id":"dd6cf870-74c7-4506-9a1b-b34364902b55","local_time":"20210117131328","is_ascension_mode":true,"campfire_choices":[{"data":"Immolate","floor":7,"key":"SMITH"},{"data":"Bash","floor":12,"key":"SMITH"},{"data":"Shrug It Off","floor":15,"key":"SMITH"}],"circlet_count":0,"master_deck":["Strike_R","Strike_R","Defend_R","Defend_R+1","Bash+1","Dark Shackles+1","Shrug It Off+1","Immolate+1","Second Wind+1"],"relics":["Burning Blood","Membership Card","Omamori","Singing Bowl","Toy Ornithopter","Charon\u0027s Ashes","Champion Belt"],"acts_visited":["Exordium"],"potions_floor_usage":[2,16,16],"damage_taken":[{"damage":12,"enemies":"Jaw Worm","floor":1,"turns":3},{"damage":40,"enemies":"Lagavulin","floor":6,"turns":7},{"damage":0,"enemies":"2 Louse","floor":8,"turns":1},{"damage":0,"enemies":"Cultist","floor":10,"turns":2},{"damage":2,"enemies":"3 Sentries","floor":11,"turns":2},{"damage":8,"enemies":"Gremlin Nob","floor":13,"turns":3},{"damage":0,"enemies":"Exordium Wildlife","floor":14,"turns":1},{"damage":76,"enemies":"Hexaghost","floor":16,"turns":11}],"seed_played":"-3745365321571046081","potions_obtained":[{"floor":1,"key":"SpeedPotion"},{"floor":6,"key":"Weak Potion"},{"floor":14,"key":"SkillPotion"}],"is_trial":false,"path_per_floor":["M","$","?","?","?","E","R","M","T","M","E","R","E","M","R","B"],"character_chosen":"IRONCLAD","items_purchased":["Shrug It Off","Fruit Juice"],"campfire_rested":0,"item_purchase_floors":[2,2],"current_hp_per_floor":[62,67,67,67,67,35,35,43,43,51,57,57,57,65,65,0,0],"gold":379,"neow_bonus":"RANDOM_COLORLESS","is_daily":false,"chose_seed":false,"campfire_upgraded":3,"win_rate":0.0,"timestamp":1610856808,"path_taken":["M","$","?","?","?","E","R","M","T","M","E","R","E","M","R","BOSS"],"items_purchased_type":["Card","Potion"],"build_version":"2020-12-22","purchased_purges":0,"victory":false,"max_hp_per_floor":[75,80,80,80,80,82,82,84,84,86,88,88,90,92,92,92,92],"relic_stats":{"Singing Bowl":12,"counters":[8,30],"Charon\u0027s Ashes":[9],"Champion Belt":[3],"obtain_stats":[{"Singing Bowl":5,"Charon\u0027s Ashes":14,"Omamori":3,"Membership Card":1,"Champion Belt":14,"War Paint":6,"Burning Blood":0,"Toy Ornithopter":13},{"Singing Bowl":1,"Charon\u0027s Ashes":7,"Omamori":1,"Membership Card":1,"Champion Belt":7,"War Paint":2,"Burning Blood":0,"Toy Ornithopter":6},{"Singing Bowl":3,"Charon\u0027s Ashes":19,"Omamori":3,"Membership Card":3,"Champion Belt":19,"War Paint":10,"Burning Blood":0,"Toy Ornithopter":18}],"Burning Blood":42,"Toy Ornithopter":10},"card_choices":[{"not_picked":["Panacea","Jack Of All Trades"],"picked":"Dark Shackles","floor":0},{"not_picked":["Warcry","Armaments","Infernal Blade"],"picked":"SKIP","floor":1},{"not_picked":["Armaments","Berserk","Clothesline"],"picked":"Singing Bowl","floor":6},{"not_picked":["Anger","Flex","Dual Wield"],"picked":"Singing Bowl","floor":8},{"not_picked":["Entrench","Pommel Strike","Flex"],"picked":"Singing Bowl","floor":10},{"not_picked":["Thunderclap","Spot Weakness","Warcry"],"picked":"Singing Bowl","floor":11},{"not_picked":["Flex","Reckless Charge","Sword Boomerang"],"picked":"Singing Bowl","floor":13},{"not_picked":["Dropkick","Anger","Ghostly Armor"],"picked":"Singing Bowl","floor":14}],"player_experience":618455,"relics_obtained":[{"floor":6,"key":"War Paint"},{"floor":13,"key":"Toy Ornithopter"}],"event_choices":[{"damage_healed":0,"gold_gain":150,"player_choice":"AGREE","damage_taken":0,"max_hp_gain":0,"max_hp_loss":0,"event_name":"Liars Game","floor":3,"gold_loss":0,"cards_obtained":["Doubt"]},{"damage_healed":0,"gold_gain":0,"cards_transformed":["Strike_R"],"player_choice":"Change","damage_taken":0,"max_hp_gain":0,"max_hp_loss":0,"event_name":"Living Wall","floor":4,"gold_loss":0,"cards_obtained":["Immolate"]},{"damage_healed":0,"gold_gain":0,"player_choice":"Gave Potion","damage_taken":0,"relics_obtained":["Singing Bowl"],"max_hp_gain":0,"max_hp_loss":0,"event_name":"WeMeetAgain","floor":5,"gold_loss":0}],"is_beta":false,"boss_relics":[],"items_purged_floors":[],"is_endless":false,"potions_floor_spawned":[1,6,14],"killed_by":"Hexaghost","ascension_level":20}}