{"host":"640uue19m79c7wbt","time":1610918755,"event":{"mods":["BaseMod","Colored Map","Googly Eyes","Highlight Path","Minty Spire (QoL Compilation)","Quick Restart","StSLib"],"gold_per_floor":[114,289,289,289,73,114,114,147,171,171,209,209,233,248,248,378,378,393,468,482,482,507,507,507,528,528,177,208,208,307,332,332,453,516,530,59,73,73,73],"floor_reached":38,"language":"ENG","playtime":1211,"items_purged":["Doubt","Strike_G","Strike_G"],"score":761,"play_id":"d4e10620-e3f2-40f9-809f-99c6f0950bb9","local_time":"20210117162555","is_ascension_mode":true,"campfire_choices":[{"floor":10.0,"key":"REST"},{"data":"Storm of Steel","floor":12.0,"key":"SMITH"},{"data":"Noxious Fumes","floor":15.0,"key":"SMITH"},{"floor":23.0,"key":"REST"},{"floor":29.0,"key":"REST"},{"floor":32.0,"key":"REST"}],"circlet_count":0,"master_deck":["AscendersBane","Strike_G","Strike_G","Strike_G+1","Defend_G","Defend_G","Defend_G","Defend_G+1","Defend_G+1","Survivor","Neutralize","Choke","Cloak And Dagger","Trip","Noxious Fumes+1","Storm of Steel+1","Riddle With Holes","A Thousand Cuts","Tools of the Trade","Accuracy","Reflex","Dagger Spray","Dash","Infinite Blades","Blade Dance","Venomology","Tactician","Prepared","Concentrate","Night Terror","Infinite Blades","Leg Sweep","Parasite"],"relics":["Ring of the Snake","NeowsBlessing","Golden Idol","Ancient Tea Set","Lantern","Regal Pillow","Vajra","Du-Vu Doll","WristBlade","The Courier","Darkstone Periapt","Juzu Bracelet","Tiny House","Shuriken","Nunchaku"],"acts_visited":["Exordium","TheCity","TheBeyond"],"potions_floor_usage":[38,38,38,38],"damage_taken":[{"damage":0.0,"enemies":"Cultist","floor":1.0,"turns":1.0},{"damage":0.0,"enemies":"Lagavulin","floor":6.0,"turns":1.0},{"damage":0.0,"enemies":"3 Sentries","floor":8.0,"turns":1.0},{"damage":10.0,"enemies":"Lagavulin","floor":11.0,"turns":3.0},{"damage":0.0,"enemies":"Small Slimes","floor":13.0,"turns":2.0},{"damage":0.0,"enemies":"2 Louse","floor":14.0,"turns":1.0},{"damage":43.0,"enemies":"The Guardian","floor":16.0,"turns":8.0},{"damage":26.0,"enemies":"2 Thieves","floor":18.0,"turns":4.0},{"damage":13.0,"enemies":"Shell Parasite","floor":20.0,"turns":3.0},{"damage":0.0,"enemies":"Snake Plant","floor":22.0,"turns":2.0},{"damage":11.0,"enemies":"3 Cultists","floor":25.0,"turns":4.0},{"damage":28.0,"enemies":"Gremlin Leader","floor":28.0,"turns":4.0},{"damage":21.0,"enemies":"Shelled Parasite and Fungi","floor":31.0,"turns":3.0},{"damage":45.0,"enemies":"Champ","floor":33.0,"turns":9.0},{"damage":39.0,"enemies":"3 Darklings","floor":35.0,"turns":3.0},{"damage":35.0,"enemies":"Orb Walker","floor":37.0,"turns":5.0},{"damage":28,"enemies":"Writhing Mass","floor":38,"turns":3}],"seed_played":"-2545704677962043332","potions_obtained":[{"floor":6.0,"key":"GamblersBrew"},{"floor":8.0,"key":"BlessingOfTheForge"},{"floor":11.0,"key":"AttackPotion"},{"floor":14.0,"key":"SkillPotion"},{"floor":18.0,"key":"AttackPotion"},{"floor":22.0,"key":"Regen Potion"},{"floor":25.0,"key":"SpeedPotion"},{"floor":34.0,"key":"Regen Potion"},{"floor":37.0,"key":"DistilledChaos"}],"is_trial":false,"path_per_floor":["M","?","?","?","$","E","?","E","T","R","E","R","M","M","R","B",null,"M","?","M","?","M","R","T","M","T","$","E","R","?","M","R","B",null,"M","$","M","M"],"character_chosen":"THE_SILENT","items_purchased":["Cloak And Dagger","Trip","Infinite Blades","Blade Dance","Venomology","Tactician","Shuriken","Nunchaku","Regen Potion"],"campfire_rested":4,"item_purchase_floors":[5,5,27,27,27,27,36,36,36],"current_hp_per_floor":[63,63,49,32,32,32,20,20,20,56,46,46,46,46,46,3,53,27,20,7,7,7,43,43,44,44,44,16,52,52,31,67,22,63,33,33,12,0,0],"gold":73,"neow_bonus":"THREE_ENEMY_KILL","is_daily":false,"chose_seed":false,"campfire_upgraded":2,"win_rate":0.0,"timestamp":1610918755,"path_taken":["M","?","?","?","$","E","?","E","T","R","E","R","M","?","R","BOSS","M","?","?","?","M","R","?","M","T","$","E","R","?","M","R","BOSS","M","$","M","M"],"items_purchased_type":["Card","Card","Card","Card","Card","Card","Relic","Relic","Potion"],"build_version":"2020-12-22","purchased_purges":3,"victory":false,"max_hp_per_floor":[70,70,70,70,70,70,70,70,70,70,70,70,70,70,70,70,70,70,70,70,70,70,70,70,70,70,70,70,70,70,70,70,70,75,75,75,75,81,81],"card_choices":[{"not_picked":["Backflip","All Out Attack"],"picked":"Choke","floor":1.0},{"not_picked":["Infinite Blades","Deadly Poison"],"picked":"Noxious Fumes","floor":6.0},{"not_picked":["Masterful Stab","Flechettes"],"picked":"Storm of Steel","floor":8.0},{"not_picked":["Dodge and Roll","Bane"],"picked":"Riddle With Holes","floor":11.0},{"not_picked":["Dagger Throw","Dagger Spray"],"picked":"A Thousand Cuts","floor":13.0},{"not_picked":["Sucker Punch","Deflect","Bane"],"picked":"SKIP","floor":14.0},{"not_picked":["Wraith Form v2","Die Die Die"],"picked":"Tools of the Trade","floor":16.0},{"not_picked":["Dash","Quick Slash"],"picked":"Accuracy","floor":18.0},{"not_picked":["Dodge and Roll","Prepared"],"picked":"Reflex","floor":20.0},{"not_picked":["Riddle With Holes","Flying Knee"],"picked":"Dagger Spray","floor":22.0},{"not_picked":["Outmaneuver","Acrobatics"],"picked":"Dash","floor":25.0},{"not_picked":["Deflect+1","Heel Hook"],"picked":"Prepared","floor":28.0},{"not_picked":["Setup","Skewer"],"picked":"Concentrate","floor":31.0},{"not_picked":["Glass Knife","Grand Finale"],"picked":"Night Terror","floor":33.0},{"not_picked":["Deflect+1","Noxious Fumes"],"picked":"Infinite Blades","floor":35.0},{"not_picked":["Bane","Slice"],"picked":"Leg Sweep","floor":37.0}],"player_experience":599344,"relics_obtained":[{"floor":6.0,"key":"Ancient Tea Set"},{"floor":8.0,"key":"Regal Pillow"},{"floor":9.0,"key":"Vajra"},{"floor":11.0,"key":"Du-Vu Doll"},{"floor":24.0,"key":"The Courier"},{"floor":26.0,"key":"Darkstone Periapt"},{"floor":28.0,"key":"Juzu Bracelet"}],"event_choices":[{"damage_healed":0.0,"max_hp_gain":0.0,"max_hp_loss":0.0,"gold_gain":175.0,"event_name":"Liars Game","player_choice":"AGREE","floor":2.0,"gold_loss":0.0,"damage_taken":0.0,"cards_obtained":["Doubt"]},{"damage_healed":0.0,"max_hp_gain":0.0,"max_hp_loss":0.0,"gold_gain":0.0,"event_name":"Shining Light","player_choice":"Entered Light","floor":3.0,"gold_loss":0.0,"damage_taken":14.0,"cards_upgraded":["Strike_G","Defend_G"]},{"damage_healed":0.0,"max_hp_gain":0.0,"max_hp_loss":0.0,"gold_gain":0.0,"event_name":"Golden Idol","player_choice":"Take Damage","floor":4.0,"gold_loss":0.0,"damage_taken":17.0,"relics_obtained":["Golden Idol"]},{"damage_healed":0.0,"max_hp_gain":0.0,"max_hp_loss":0.0,"gold_gain":0.0,"event_name":"Scrap Ooze","player_choice":"Success","floor":7.0,"gold_loss":0.0,"damage_taken":12.0,"relics_obtained":["Lantern"]},{"damage_healed":0.0,"max_hp_gain":0.0,"max_hp_loss":0.0,"gold_gain":75.0,"event_name":"FaceTrader","player_choice":"Touch","floor":19.0,"gold_loss":0.0,"damage_taken":7.0},{"damage_healed":0.0,"max_hp_gain":0.0,"max_hp_loss":0.0,"gold_gain":0.0,"event_name":"Ghosts","player_choice":"Ignored","floor":21.0,"gold_loss":0.0,"damage_taken":0.0},{"damage_healed":0.0,"max_hp_gain":0.0,"max_hp_loss":0.0,"gold_gain":99.0,"event_name":"Nest","player_choice":"Stole From Cult","floor":30.0,"gold_loss":0.0,"damage_taken":0.0}],"is_beta":false,"boss_relics":[{"not_picked":["Coffee Dripper","Black Star"],"picked":"WristBlade"},{"not_picked":["Sozu","Runic Dome"],"picked":"Tiny House"}],"items_purged_floors":[5,27,36],"is_endless":false,"potions_floor_spawned":[6,8,11,14,18,22,25,37],"killed_by":"Writhing Mass","ascension_level":12}}