{"host":"bplbr8uekuotory4","time":1610866483,"event":{"mods":["Act Like it!","BaseMod","Custom Start","Gensokyo","GungeonMod","Hermit","KinomotoSakuraMod(木之本樱)","Koishi","Marisa（F雨　魔理沙）","Minty Spire (QoL Compilation)","Prisma Mod","Quick Restart","Reimu（博丽灵梦）","SOS（斯巴达之子）","Spicy Shops","StSLib","TestMod","The Alterego","The Blackbeard","The Cursed","The Marked","The Mystic","The Runesmith","The Saiyan","The Servant 0.9.4","Yuri Mod","[IsaacMod]以撒尖塔","vexMod"],"gold_per_floor":[110,185,585,585,603,638,669,688,688,709,736,753,928,406,406,411,411],"floor_reached":16,"language":"ZHS","playtime":476,"items_purged":["Doubt","alterego_mod:BigMeatyClaws"],"score":190,"play_id":"ab51e514-509d-4781-9e55-896c0fb876a3","local_time":"20210117145443","is_ascension_mode":true,"campfire_choices":[{"data":"alterego_mod:ChallengeComplete","floor":15,"key":"SMITH"}],"circlet_count":0,"master_deck":["alterego_mod:Strike","alterego_mod:Strike","alterego_mod:Strike","alterego_mod:Strike","alterego_mod:Defend","alterego_mod:Defend","alterego_mod:Defend","alterego_mod:Defend","alterego_mod:Impale","alterego_mod:BrynhildrsRune","alterego_mod:RidiculouslyBig","alterego_mod:SideboobHour","alterego_mod:ChallengeComplete+1","alterego_mod:Cooking","alterego_mod:MaintainEyeContact","alterego_mod:GoddessCore"],"relics":["alterego_mod:MasochisticConstitution","testmod-TestBox","HushsDoor","BloodDonationMachine","testmod-DeterminationOfClimber","Ancient Tea Set","Odd Mushroom","vexMod:ScavengeHelm","DemoMod:GlassGuonStoneRelic","GuppysPaw","Medical Kit","DemoMod:OrangeGuonStone"],"acts_visited":["Exordium"],"potions_floor_usage":[1,6,16],"damage_taken":[{"damage":0,"enemies":"2 Louse","floor":1,"turns":1},{"damage":12,"enemies":"Small Slimes","floor":5,"turns":3},{"damage":0,"enemies":"Gremlin Nob","floor":6,"turns":3},{"damage":19,"enemies":"The Mushroom Lair","floor":7,"turns":4},{"damage":2,"enemies":"Jaw Worm","floor":8,"turns":5},{"damage":6,"enemies":"Gremlin Gang","floor":10,"turns":5},{"damage":0,"enemies":"Large Slime","floor":11,"turns":5},{"damage":0,"enemies":"Exordium Wildlife","floor":12,"turns":4},{"damage":0,"enemies":"Hexaghost","floor":16,"turns":2}],"seed_played":"9075495834112984864","potions_obtained":[{"floor":0,"key":"SkillPotion"},{"floor":0,"key":"Explosive Potion"},{"floor":0,"key":"LiquidBronze"},{"floor":6,"key":"Dexterity Potion"},{"floor":8,"key":"PowerPotion"}],"is_trial":false,"path_per_floor":["M","?","?","?","M","E","?","M","T","M","M","M","?","$","R","B"],"character_chosen":"The_Alterego","items_purchased":["GuppysPaw","Medical Kit","DemoMod:OrangeGuonStone"],"campfire_rested":0,"item_purchase_floors":[14,14,14],"current_hp_per_floor":[70,59,59,129,128,130,118,128,128,144,144,144,144,144,144,144,144],"gold":411,"neow_bonus":"THREE_SMALL_POTIONS","is_daily":false,"chose_seed":false,"campfire_upgraded":1,"win_rate":0.0,"timestamp":1610866483,"path_taken":["M","?","?","?","M","E","?","?","T","?","M","M","?","?","R","BOSS"],"items_purchased_type":["Relic","Relic","Relic"],"build_version":"2020-12-22","purchased_purges":2,"victory":false,"max_hp_per_floor":[70,70,70,140,141,141,142,143,143,144,144,144,144,144,144,144,144],"card_choices":[{"not_picked":[],"picked":"Bomb","floor":0},{"not_picked":["alterego_mod:Alter","alterego_mod:PerceptionDisorder"],"picked":"alterego_mod:RidiculouslyBig","floor":1},{"not_picked":["alterego_mod:Skirt","alterego_mod:HighServant"],"picked":"alterego_mod:SideboobHour","floor":5},{"not_picked":["alterego_mod:Support","alterego_mod:PerceptionDisorder"],"picked":"alterego_mod:ChallengeComplete","floor":6},{"not_picked":["alterego_mod:Bloomers","alterego_mod:SakuraPetals"],"picked":"alterego_mod:Cooking","floor":8},{"not_picked":["alterego_mod:MagicResistance","alterego_mod:Complex"],"picked":"alterego_mod:MaintainEyeContact","floor":10},{"not_picked":["alterego_mod:Cycle","alterego_mod:Bounce","alterego_mod:Complex"],"picked":"SKIP","floor":11},{"not_picked":["alterego_mod:DustData","alterego_mod:BiFurious"],"picked":"alterego_mod:GoddessCore","floor":12}],"player_experience":1217176,"relics_obtained":[{"floor":6,"key":"Ancient Tea Set"},{"floor":7,"key":"Odd Mushroom"},{"floor":9,"key":"vexMod:ScavengeHelm"}],"event_choices":[{"damage_healed":0,"gold_gain":75,"player_choice":"Gather Gold","damage_taken":11,"max_hp_gain":0,"max_hp_loss":0,"event_name":"World of Goop","floor":2,"gold_loss":0},{"damage_healed":0,"gold_gain":400,"player_choice":"Sell","damage_taken":0,"max_hp_gain":0,"max_hp_loss":0,"event_name":"恩洛斯的盘子","floor":3,"relics_lost":["DemoMod:GlassGuonStoneRelic"],"gold_loss":0},{"damage_healed":0,"gold_gain":0,"player_choice":"Swap Relic","damage_taken":0,"relics_obtained":["testmod-HarvestTotem"],"max_hp_gain":0,"max_hp_loss":0,"event_name":"给自己的盒子","floor":4,"relics_lost":["testmod-HarvestTotem"],"gold_loss":0},{"damage_healed":0,"gold_gain":0,"player_choice":"Fought Mushrooms","damage_taken":0,"max_hp_gain":0,"max_hp_loss":0,"event_name":"Mushrooms","floor":7,"gold_loss":0},{"damage_healed":0,"gold_gain":175,"player_choice":"AGREE","damage_taken":0,"max_hp_gain":0,"max_hp_loss":0,"event_name":"Liars Game","floor":13,"gold_loss":0,"cards_obtained":["Doubt"]}],"is_beta":false,"boss_relics":[],"items_purged_floors":[14,14],"is_endless":false,"potions_floor_spawned":[6,8,12],"killed_by":"Hexaghost","ascension_level":2}}