{"host":"9n6i2vl93jt4o42q","time":1610927505,"event":{"mods":["BaseMod","Minty Spire (QoL Compilation)","Relic Stats"],"gold_per_floor":[17,17,29,29,44,44,75,90,90,90,140,159,170,182,182,260,260,160,160,160,160],"floor_reached":20,"language":"ENG","playtime":995,"items_purged":[],"score":347,"play_id":"2e481b70-0b35-4ed3-b362-0c60536476c9","local_time":"20210118005145","is_ascension_mode":true,"campfire_choices":[{"data":"Genetic Algorithm","floor":6,"key":"SMITH"},{"floor":10,"key":"REST"},{"floor":15,"key":"REST"}],"circlet_count":0,"master_deck":["AscendersBane","Strike_B","Strike_B","Strike_B","Defend_B","Defend_B","Defend_B","Defend_B","Zap","Dualcast","Panache","Go for the Eyes","Auto Shields","Genetic Algorithm+1","Cold Snap","All For One","Gash","Aggregate","Conserve Battery","White Noise","Creative AI","Gash","Turbo"],"relics":["Cracked Core","Matryoshka","Mummified Hand","PreservedInsect","Cables","Ectoplasm"],"acts_visited":["Exordium","TheCity"],"potions_floor_usage":[8,16,16,18],"damage_taken":[{"damage":0.0,"enemies":"Cultist","floor":1.0,"turns":3.0},{"damage":0.0,"enemies":"Small Slimes","floor":3.0,"turns":3.0},{"damage":2.0,"enemies":"2 Louse","floor":5.0,"turns":2.0},{"damage":34,"enemies":"Lagavulin","floor":7,"turns":10},{"damage":15,"enemies":"Gremlin Gang","floor":8,"turns":5},{"damage":9,"enemies":"2 Fungi Beasts","floor":12,"turns":3},{"damage":3,"enemies":"Blue Slaver","floor":13,"turns":3},{"damage":0,"enemies":"Exordium Wildlife","floor":14,"turns":2},{"damage":18,"enemies":"The Guardian","floor":16,"turns":13},{"damage":26,"enemies":"2 Thieves","floor":18,"turns":5},{"damage":23,"enemies":"Shell Parasite","floor":19,"turns":6},{"damage":13,"enemies":"Snake Plant","floor":20,"turns":1}],"seed_played":"-7193209778712894924","potions_obtained":[{"floor":1.0,"key":"SmokeBomb"},{"floor":5,"key":"BlessingOfTheForge"},{"floor":13,"key":"EntropicBrew"},{"floor":16,"key":"SteroidPotion"}],"is_trial":false,"path_per_floor":["M","?","M","?","M","R","E","M","T","R","?","M","M","M","R","B",null,"M","M","M"],"character_chosen":"DEFECT","items_purchased":[],"campfire_rested":2,"item_purchase_floors":[],"current_hp_per_floor":[64,64,64,53,51,51,17,2,2,23,23,14,11,11,32,14,57,31,8,0,0],"gold":160,"neow_bonus":"RANDOM_COLORLESS_2","is_daily":false,"chose_seed":false,"campfire_upgraded":1,"win_rate":0.0,"timestamp":1610927505,"path_taken":["M","?","M","?","M","R","E","M","T","R","?","M","M","M","R","BOSS","M","M","?"],"items_purchased_type":[],"build_version":"2020-12-22","purchased_purges":0,"victory":false,"max_hp_per_floor":[71,71,71,71,71,71,71,71,71,71,71,71,71,71,71,71,71,71,71,71,71],"relic_stats":{"counters":[12,56],"Mummified Hand":[19],"PreservedInsect":0,"Ectoplasm":135,"obtain_stats":[{"Matryoshka":4,"Mummified Hand":7,"PreservedInsect":9,"Ectoplasm":17,"Cracked Core":0,"Cables":9},{"Matryoshka":2,"Mummified Hand":4,"PreservedInsect":5,"Ectoplasm":9,"Cracked Core":0,"Cables":5},{"Matryoshka":6,"Mummified Hand":18,"PreservedInsect":23,"Ectoplasm":44,"Cracked Core":0,"Cables":23}],"Cables":[26,19,7,0,0]},"card_choices":[{"not_picked":["Violence","Secret Technique"],"picked":"Panache","floor":0.0},{"not_picked":["Reinforced Body","Redo"],"picked":"Go for the Eyes","floor":1.0},{"not_picked":["Gash","Turbo"],"picked":"Genetic Algorithm","floor":3.0},{"not_picked":["Rip and Tear","Undo"],"picked":"Cold Snap","floor":5},{"not_picked":["Auto Shields","Coolheaded"],"picked":"All For One","floor":7},{"not_picked":["Stack","Fusion"],"picked":"Gash","floor":8},{"not_picked":["Reprogram","Barrage"],"picked":"Aggregate","floor":12},{"not_picked":["Streamline","Biased Cognition"],"picked":"Conserve Battery","floor":13},{"not_picked":["Conserve Battery","Doom and Gloom"],"picked":"White Noise","floor":14},{"not_picked":["Multi-Cast","Seek"],"picked":"Creative AI","floor":16},{"not_picked":["Recycle","Stack"],"picked":"Gash","floor":18},{"not_picked":["Ball Lightning","Gash+1"],"picked":"Turbo","floor":19}],"player_experience":2107019,"relics_obtained":[{"floor":7,"key":"Mummified Hand"},{"floor":9,"key":"PreservedInsect"},{"floor":9,"key":"Cables"}],"event_choices":[{"damage_healed":0.0,"max_hp_gain":0.0,"max_hp_loss":0.0,"gold_gain":0.0,"cards_transformed":["Strike_B"],"event_name":"Living Wall","player_choice":"Change","floor":2.0,"gold_loss":0.0,"damage_taken":0.0,"cards_obtained":["Auto Shields"]},{"damage_healed":0.0,"max_hp_gain":0.0,"max_hp_loss":0.0,"gold_gain":0.0,"event_name":"Scrap Ooze","player_choice":"Success","floor":4.0,"gold_loss":0.0,"damage_taken":11.0,"relics_obtained":["Matryoshka"]},{"damage_healed":0,"gold_gain":50,"player_choice":"Pray","damage_taken":0,"max_hp_gain":0,"max_hp_loss":0,"event_name":"Golden Shrine","floor":11,"gold_loss":0}],"is_beta":false,"boss_relics":[{"not_picked":["Astrolabe","SacredBark"],"picked":"Ectoplasm"}],"items_purged_floors":[],"is_endless":false,"potions_floor_spawned":[1,5,13,16],"killed_by":"Snake Plant","ascension_level":19}}