{"host":"Krakhan","time":1610920704,"event":{"mods":["AchievementEnabler","BaseMod","Colored Map","Colored Powertips","Faster Ascension Climbing","Highlight Path","Minty Spire (QoL Compilation)","Rare Cards Sparkle","Relic Stats","StSLib"],"gold_per_floor":[116,191,8,19,37,66,66,66,66,93,109,109,127,154,154,254,254,268,268,32,131,131,164,38,69,69,99,112,124,149,149,149,247,247,262,155,168,69,119,145,145,157,157,175,200,200,213,244,244,244,244,244,43,68,68],"floor_reached":56,"language":"ENG","playtime":3981,"items_purged":["Writhe","Strike_R"],"score":1431,"play_id":"9e5d1c62-c18b-485b-8f50-dbd12dd3cb1c","local_time":"20210117165824","is_ascension_mode":true,"campfire_choices":[{"data":"Bash","floor":8.0,"key":"SMITH"},{"data":"Shrug It Off","floor":12.0,"key":"SMITH"},{"data":"Pummel","floor":15.0,"key":"SMITH"},{"floor":32.0,"key":"REST"},{"data":"Metallicize","floor":41.0,"key":"SMITH"},{"data":"Metallicize","floor":46,"key":"SMITH"},{"floor":49,"key":"RECALL"},{"data":"Evolve","floor":52,"key":"SMITH"}],"circlet_count":0,"master_deck":["Bash+1","Shrug It Off+1","Pummel+1","Anger","Armaments","Twin Strike+1","Feed+1","Sword Boomerang+1","Flame Barrier+1","Carnage+1","Immolate+1","Metallicize+1","Uppercut+1","Disarm+1","Exhume+1","Warcry+1","Shrug It Off+1","Metallicize+1","J.A.X.+1","Demon Form","Havoc+1","Infernal Blade+1","Headbutt+1","Dual Wield+1","Juggernaut","Rage+1","Thunderclap+1","Infernal Blade+1","Evolve+1","Entrench+1","Body Slam+1","Power Through+1","Metallicize+1","Entrench+1","Feel No Pain+1","Reaper+1","Warcry+1"],"relics":["Burning Blood","NeowsBlessing","OrangePellets","Molten Egg 2","Toxic Egg 2","Ice Cream","Boot","Velvet Choker","Dream Catcher","Membership Card","Vajra","Happy Flower","Anchor","WingedGreaves","Meat on the Bone","Centennial Puzzle","Pandora\u0027s Box","Oddly Smooth Stone","Pocketwatch","Ornamental Fan","Lizard Tail","Bottled Lightning","Bottled Tornado","Lee\u0027s Waffle","Turnip"],"acts_visited":["Exordium","TheCity","TheBeyond","TheEnding"],"potions_floor_usage":[45,48,55,55],"damage_taken":[{"damage":0.0,"enemies":"2 Louse","floor":1.0,"turns":1.0},{"damage":0.0,"enemies":"Cultist","floor":4.0,"turns":1.0},{"damage":0.0,"enemies":"Jaw Worm","floor":5.0,"turns":1.0},{"damage":27.0,"enemies":"Gremlin Nob","floor":6.0,"turns":5.0},{"damage":25.0,"enemies":"Lagavulin","floor":10.0,"turns":9.0},{"damage":11.0,"enemies":"3 Louse","floor":11.0,"turns":2.0},{"damage":19.0,"enemies":"Blue Slaver","floor":13.0,"turns":4.0},{"damage":17.0,"enemies":"3 Sentries","floor":14.0,"turns":8.0},{"damage":8.0,"enemies":"Hexaghost","floor":16.0,"turns":8.0},{"damage":0.0,"enemies":"Chosen","floor":18.0,"turns":4.0},{"damage":23.0,"enemies":"Book of Stabbing","floor":23.0,"turns":6.0},{"damage":31.0,"enemies":"Slavers","floor":25.0,"turns":5.0},{"damage":9.0,"enemies":"Gremlin Leader","floor":27.0,"turns":6.0},{"damage":0.0,"enemies":"Shell Parasite","floor":28.0,"turns":3.0},{"damage":3.0,"enemies":"Centurion and Healer","floor":29.0,"turns":8.0},{"damage":5.0,"enemies":"Slavers","floor":30.0,"turns":12.0},{"damage":33.0,"enemies":"Automaton","floor":33.0,"turns":10.0},{"damage":3.0,"enemies":"3 Shapes","floor":35.0,"turns":3.0},{"damage":0.0,"enemies":"Orb Walker","floor":37.0,"turns":2.0},{"damage":44.0,"enemies":"2 Orb Walkers","floor":39.0,"turns":5.0},{"damage":12.0,"enemies":"Nemesis","floor":40.0,"turns":10.0},{"damage":0.0,"enemies":"Jaw Worm Horde","floor":42.0,"turns":4.0},{"damage":3.0,"enemies":"Sphere and 2 Shapes","floor":44.0,"turns":3.0},{"damage":68,"enemies":"Giant Head","floor":45,"turns":12},{"damage":20,"enemies":"Writhing Mass","floor":47,"turns":6},{"damage":20,"enemies":"Nemesis","floor":48,"turns":13},{"damage":79,"enemies":"Awakened One","floor":50,"turns":25},{"damage":98,"enemies":"Shield and Spear","floor":54,"turns":7},{"damage":85,"enemies":"The Heart","floor":55,"turns":9}],"seed_played":"-5966912432309406062","potions_obtained":[{"floor":1.0,"key":"GamblersBrew"},{"floor":10.0,"key":"EssenceOfSteel"},{"floor":14.0,"key":"Block Potion"},{"floor":16.0,"key":"DuplicationPotion"},{"floor":18.0,"key":"Ancient Potion"},{"floor":45,"key":"DistilledChaos"},{"floor":47,"key":"Fruit Juice"},{"floor":48,"key":"Explosive Potion"}],"is_trial":false,"path_per_floor":["M","?","$","M","M","E","$","R","T","E","M","R","M","E","R","B",null,"M","?","$","?","?","E","$","E","T","E","M","M","E","?","R","B",null,"M","$","M","$","?","E","R","M","T","M","E","R","M","E","R","B",null,"R","$","E","B",null],"character_chosen":"IRONCLAD","items_purchased":["OrangePellets","Pummel","Membership Card","Uppercut+1","Happy Flower","Entrench+1","Oddly Smooth Stone","Body Slam+1","Power Through+1","Metallicize","Bottled Tornado","Lee\u0027s Waffle"],"campfire_rested":1,"item_purchase_floors":[3,3,20,20,24,36,36,38,38,38,53,53],"current_hp_per_floor":[80,72,72,78,80,59,59,59,59,40,39,39,30,23,23,25,96,100,100,100,100,100,87,87,66,66,67,73,80,85,85,120,97,124,124,124,128,128,94,92,92,102,102,105,59,59,57,78,78,94,153,153,160,157,90],"gold":68,"neow_bonus":"THREE_ENEMY_KILL","is_daily":false,"chose_seed":false,"campfire_upgraded":6,"win_rate":0.0,"timestamp":1610920704,"path_taken":["M","?","$","M","M","E","?","R","T","E","M","R","M","E","R","BOSS","M","?","$","?","?","E","?","E","T","E","M","M","E","?","R","BOSS","M","$","M","$","?","E","R","M","T","M","E","R","M","E","R","BOSS","R","$","E","BOSS"],"items_purchased_type":["Relic","Card","Relic","Card","Relic","Card","Relic","Card","Card","Card","Relic","Relic"],"build_version":"2020-12-18","purchased_purges":2,"victory":true,"max_hp_per_floor":[80,80,80,80,80,80,80,80,80,80,84,84,88,92,92,96,96,100,100,100,100,100,104,104,108,108,112,112,116,120,120,120,124,124,124,124,128,128,132,136,136,140,140,140,144,144,144,153,153,153,153,153,160,164,164],"relic_stats":{"Lee\u0027s Waffle":7,"Happy Flower":[47],"counters":[29,192],"Boot":[220],"Burning Blood":149,"OrangePellets":[6],"Dream Catcher":1,"Centennial Puzzle":[33],"Lizard Tail":0,"Ornamental Fan":[28],"Pandora\u0027s Box":["Havoc","Infernal Blade","Headbutt","Dual Wield","Juggernaut","Rage","Thunderclap","Infernal Blade"],"Turnip":[2],"obtain_stats":[{"Ice Cream":10,"Vajra":23,"Bottled Tornado":53,"Boot":14,"Burning Blood":0,"Dream Catcher":19,"Centennial Puzzle":30,"Lizard Tail":45,"WingedGreaves":26,"Toxic Egg 2":9,"Lee\u0027s Waffle":53,"NeowsBlessing":0,"Happy Flower":24,"Velvet Choker":17,"Oddly Smooth Stone":36,"OrangePellets":3,"Anchor":25,"Ornamental Fan":40,"Molten Egg 2":6,"Pandora\u0027s Box":34,"Turnip":54,"Membership Card":20,"Bottled Lightning":48,"Meat on the Bone":27,"Pocketwatch":39},{"Ice Cream":5,"Vajra":11,"Bottled Tornado":27,"Boot":8,"Burning Blood":0,"Dream Catcher":10,"Centennial Puzzle":16,"Lizard Tail":24,"WingedGreaves":12,"Toxic Egg 2":4,"Lee\u0027s Waffle":27,"NeowsBlessing":0,"Happy Flower":11,"Velvet Choker":9,"Oddly Smooth Stone":18,"OrangePellets":1,"Anchor":12,"Ornamental Fan":21,"Molten Egg 2":4,"Pandora\u0027s Box":17,"Turnip":28,"Membership Card":10,"Bottled Lightning":26,"Meat on the Bone":13,"Pocketwatch":20},{"Ice Cream":17,"Vajra":49,"Bottled Tornado":176,"Boot":31,"Burning Blood":0,"Dream Catcher":43,"Centennial Puzzle":83,"Lizard Tail":132,"WingedGreaves":54,"Toxic Egg 2":8,"Lee\u0027s Waffle":176,"NeowsBlessing":0,"Happy Flower":49,"Velvet Choker":39,"Oddly Smooth Stone":96,"OrangePellets":1,"Anchor":54,"Ornamental Fan":113,"Molten Egg 2":8,"Pandora\u0027s Box":93,"Turnip":183,"Membership Card":43,"Bottled Lightning":151,"Meat on the Bone":60,"Pocketwatch":103}],"Meat on the Bone":48,"Pocketwatch":[92]},"card_choices":[{"not_picked":["Dropkick","Heavy Blade"],"picked":"Shrug It Off","floor":1.0},{"not_picked":["Headbutt","Body Slam"],"picked":"Anger","floor":4.0},{"not_picked":["Pummel","Sever Soul"],"picked":"Armaments","floor":5.0},{"not_picked":["Combust","Warcry"],"picked":"Twin Strike+1","floor":6.0},{"not_picked":["Burning Pact+1","Disarm+1"],"picked":"Feed+1","floor":10.0},{"not_picked":["Havoc+1","Shrug It Off+1"],"picked":"Sword Boomerang+1","floor":11.0},{"not_picked":["Headbutt+1","Perfected Strike+1"],"picked":"Flame Barrier+1","floor":13.0},{"not_picked":["Thunderclap+1","Shrug It Off+1"],"picked":"Carnage+1","floor":14.0},{"not_picked":["Offering+1","Fiend Fire+1"],"picked":"Immolate+1","floor":16.0},{"not_picked":["Ghostly Armor+1","Flame Barrier+1"],"picked":"Metallicize","floor":18.0},{"not_picked":["Cleave+1","Warcry+1"],"picked":"Disarm+1","floor":23.0},{"not_picked":["Burning Pact+1","Armaments+1"],"picked":"Exhume+1","floor":25.0},{"not_picked":["Carnage+1","Sever Soul+1"],"picked":"Warcry+1","floor":27.0},{"not_picked":["Anger+1","Cleave+1"],"picked":"Shrug It Off+1","floor":28.0},{"not_picked":["Rupture","Sword Boomerang+1","Flex+1"],"picked":"SKIP","floor":29.0},{"not_picked":["Cleave+1","Thunderclap+1"],"picked":"Metallicize+1","floor":30.0},{"not_picked":["Brutality","Corruption"],"picked":"Demon Form","floor":33.0},{"not_picked":["Burning Pact+1","Battle Trance+1"],"picked":"Evolve","floor":35.0},{"not_picked":["Dropkick+1","Pommel Strike+1","Reckless Charge+1"],"picked":"SKIP","floor":37.0},{"not_picked":["Anger+1","Havoc+1"],"picked":"Entrench+1","floor":40.0},{"not_picked":["Flex+1","Thunderclap+1"],"picked":"Feel No Pain+1","floor":42.0},{"not_picked":["Perfected Strike+1","Wild Strike+1","Carnage+1"],"picked":"SKIP","floor":44.0},{"not_picked":["Clash+1","Warcry+1"],"picked":"Reaper+1","floor":45},{"not_picked":["Havoc+1","Sword Boomerang+1","Metallicize"],"picked":"SKIP","floor":47},{"not_picked":["Warcry+1","Flex+1","Seeing Red+1"],"picked":"SKIP","floor":48},{"not_picked":["Iron Wave+1","Demon Form"],"picked":"Warcry+1","floor":54}],"player_experience":1339887,"relics_obtained":[{"floor":6.0,"key":"Molten Egg 2"},{"floor":9.0,"key":"Toxic Egg 2"},{"floor":10.0,"key":"Ice Cream"},{"floor":14.0,"key":"Boot"},{"floor":23.0,"key":"Vajra"},{"floor":25.0,"key":"Anchor"},{"floor":26.0,"key":"WingedGreaves"},{"floor":27.0,"key":"Meat on the Bone"},{"floor":30.0,"key":"Centennial Puzzle"},{"floor":39.0,"key":"Pocketwatch"},{"floor":40.0,"key":"Ornamental Fan"},{"floor":45,"key":"Lizard Tail"},{"floor":48,"key":"Bottled Lightning"},{"floor":54,"key":"Turnip"}],"event_choices":[{"damage_healed":0.0,"max_hp_gain":0.0,"max_hp_loss":0.0,"gold_gain":75.0,"event_name":"FaceTrader","player_choice":"Touch","floor":2.0,"gold_loss":0.0,"damage_taken":8.0},{"damage_healed":0.0,"max_hp_gain":0.0,"max_hp_loss":0.0,"gold_gain":0.0,"event_name":"The Mausoleum","player_choice":"Opened","floor":19.0,"gold_loss":0.0,"damage_taken":0.0,"relics_obtained":["Dream Catcher"],"cards_obtained":["Writhe"]},{"damage_healed":0.0,"max_hp_gain":0.0,"max_hp_loss":0.0,"gold_gain":99.0,"event_name":"Nest","player_choice":"Stole From Cult","floor":21.0,"gold_loss":0.0,"damage_taken":0.0},{"damage_healed":0.0,"max_hp_gain":0.0,"max_hp_loss":0.0,"gold_gain":0.0,"event_name":"Beggar","player_choice":"Ignored","floor":22.0,"gold_loss":0.0,"damage_taken":0.0},{"damage_healed":0.0,"max_hp_gain":0.0,"max_hp_loss":0.0,"gold_gain":0.0,"event_name":"Drug Dealer","player_choice":"Obtain J.A.X.","floor":31.0,"gold_loss":0.0,"damage_taken":0.0,"cards_obtained":["J.A.X."]},{"damage_healed":0.0,"max_hp_gain":0.0,"max_hp_loss":0.0,"gold_gain":0.0,"event_name":"Mysterious Sphere","player_choice":"Fight","floor":39.0,"gold_loss":0.0,"damage_taken":0.0}],"is_beta":true,"boss_relics":[{"not_picked":["Runic Cube","Busted Crown"],"picked":"Velvet Choker"},{"not_picked":["Astrolabe","Calling Bell"],"picked":"Pandora\u0027s Box"}],"items_purged_floors":[20,24],"is_endless":false,"potions_floor_spawned":[1,10,14,16,18,28,39,40,42,45,47,48,54],"ascension_level":1}}