{"host":"1c6nool597j71r7u","time":1610851676,"event":{"mods":["BaseMod","Colored Powertips","Downfall","Minty Spire (QoL Compilation)","StSLib"],"gold_per_floor":[109,120,120,120,130,165,13,13,37,37,55,55,72,92,92,193,193,208,180,180,180,160,85,97,117,117,133,133,149,176,186,186,186,186],"floor_reached":33,"language":"ENG","playtime":3099,"items_purged":["CrushJoints"],"score":296,"play_id":"5602c169-9670-4b3e-865c-f23c85879653","local_time":"20210117004756","is_ascension_mode":false,"campfire_choices":[{"data":"SandsOfTime","floor":8,"key":"SMITH"},{"floor":12,"key":"REST"},{"data":"ClearTheMind","floor":15,"key":"SMITH"},{"floor":28,"key":"REST"},{"data":"Swivel","floor":32,"key":"SMITH"}],"circlet_count":0,"master_deck":["Strike_P+1","Strike_P+1","Strike_P+1","Strike_P+1","Defend_P+1","Defend_P+1","Defend_P+1","Defend_P+1","Eruption","Vigilance+1","Prostrate+1","ForeignInfluence","SandsOfTime+1","Wallop+1","Swivel+1","Evaluate","CutThroughFate","ClearTheMind+1","LessonLearned","SashWhip+1","WindmillStrike","BattleHymn+1","Protect","Conclude+1","FollowUp"],"relics":["PureWater","Nunchaku","VioletLotus","Bag of Preparation","Ice Cream"],"acts_visited":["Exordium","TheCity"],"potions_floor_usage":[6,24,29,30,30,33,33],"damage_taken":[{"damage":0,"enemies":"Small Slimes","floor":1,"turns":4},{"damage":0,"enemies":"Jaw Worm","floor":2,"turns":3},{"damage":0,"enemies":"2 Louse","floor":5,"turns":2},{"damage":25,"enemies":"3 Sentries","floor":6,"turns":12},{"damage":17,"enemies":"2 Fungi Beasts","floor":11,"turns":3},{"damage":7,"enemies":"Exordium Thugs","floor":13,"turns":4},{"damage":0,"enemies":"Exordium Wildlife","floor":14,"turns":2},{"damage":10,"enemies":"Hexaghost","floor":16,"turns":11},{"damage":18,"enemies":"Spheric Guardian","floor":18,"turns":6},{"damage":14,"enemies":"2 Thieves","floor":19,"turns":5},{"damage":4,"enemies":"Snake Plant","floor":24,"turns":6},{"damage":0,"enemies":"Snecko","floor":25,"turns":4},{"damage":16,"enemies":"Centurion and Healer","floor":27,"turns":5},{"damage":6,"enemies":"3 Cultists","floor":29,"turns":4},{"damage":0,"enemies":"Gremlin Leader","floor":30,"turns":5},{"damage":0,"enemies":"Snecko","floor":31,"turns":4},{"damage":53,"enemies":"Automaton","floor":33,"turns":8}],"seed_played":"-9138454574545046506","potions_obtained":[{"floor":2,"key":"StancePotion"},{"floor":5,"key":"EssenceOfSteel"},{"floor":14,"key":"Fire Potion"},{"floor":22,"key":"Weak Potion"},{"floor":25,"key":"SkillPotion"},{"floor":29,"key":"LiquidBronze"},{"floor":31,"key":"GamblersBrew"}],"is_trial":false,"path_per_floor":["M","M","?","?","M","E","$","R","T","?","M","R","M","M","R","B",null,"M","M","?","?","?","$","M","M","T","M","R","M","E","M","R","B"],"character_chosen":"WATCHER","items_purchased":["Wallop","Swivel"],"campfire_rested":2,"item_purchase_floors":[7,7],"current_hp_per_floor":[72,72,72,72,72,47,47,47,47,33,16,37,30,30,30,20,72,54,40,40,40,40,40,36,36,36,20,41,35,35,35,35,0,0],"gold":186,"neow_bonus":"UPGRADE_CARD","is_daily":false,"chose_seed":false,"campfire_upgraded":3,"win_rate":0.0,"timestamp":1610851676,"path_taken":["M","M","?","?","M","E","$","R","T","?","M","R","M","M","R","BOSS","M","M","?","?","?","$","M","M","T","?","R","M","E","M","R","BOSS"],"items_purchased_type":["Card","Card"],"build_version":"2020-12-22","purchased_purges":1,"victory":false,"max_hp_per_floor":[72,72,72,72,72,72,72,72,72,72,72,72,72,72,72,72,72,72,72,72,72,72,72,72,72,72,72,72,72,72,72,72,72,72],"card_choices":[{"not_picked":["Crescendo","WaveOfTheHand"],"picked":"CrushJoints","floor":1},{"not_picked":["Sanctity","Halt"],"picked":"Prostrate","floor":2},{"not_picked":["CrushJoints","FlurryOfBlows"],"picked":"ForeignInfluence","floor":5},{"not_picked":["EmptyFist","MasterReality"],"picked":"SandsOfTime","floor":6},{"not_picked":["FlurryOfBlows","Adaptation"],"picked":"Evaluate","floor":11},{"not_picked":["Crescendo","FlyingSleeves"],"picked":"CutThroughFate","floor":13},{"not_picked":["DeceiveReality","ForeignInfluence"],"picked":"ClearTheMind","floor":14},{"not_picked":["Scrawl","Blasphemy"],"picked":"LessonLearned","floor":16},{"not_picked":["Collect","Wallop"],"picked":"SashWhip+1","floor":18},{"not_picked":["CrushJoints","BowlingBash","ForeignInfluence+1"],"picked":"SKIP","floor":19},{"not_picked":["Halt","EmptyFist"],"picked":"BattleHymn+1","floor":24},{"not_picked":["EmptyMind","WheelKick","Fasting2"],"picked":"SKIP","floor":25},{"not_picked":["CutThroughFate","ForeignInfluence","FearNoEvil"],"picked":"SKIP","floor":27},{"not_picked":["EmptyFist+1","Evaluate"],"picked":"Protect","floor":29},{"not_picked":["Alpha","Indignation+1"],"picked":"Conclude+1","floor":30},{"not_picked":["Nirvana","Study"],"picked":"FollowUp","floor":31}],"player_experience":169611,"relics_obtained":[{"floor":6,"key":"Nunchaku"},{"floor":26,"key":"Bag of Preparation"},{"floor":30,"key":"Ice Cream"}],"event_choices":[{"damage_healed":0,"gold_gain":0,"player_choice":"Grow","damage_taken":0,"max_hp_gain":0,"max_hp_loss":0,"event_name":"Living Wall","floor":3,"gold_loss":0,"cards_upgraded":["Prostrate"]},{"damage_healed":0,"gold_gain":0,"player_choice":"Ignored","damage_taken":0,"max_hp_gain":0,"max_hp_loss":0,"event_name":"Liars Game","floor":4,"gold_loss":0},{"damage_healed":0,"gold_gain":0,"player_choice":"Entered Light","damage_taken":14,"max_hp_gain":0,"max_hp_loss":0,"event_name":"Shining Light","floor":10,"gold_loss":0,"cards_upgraded":["Strike_P","Strike_P"]},{"damage_healed":0,"gold_gain":0,"player_choice":"Simplicity","damage_taken":0,"max_hp_gain":0,"max_hp_loss":0,"event_name":"Back to Basics","floor":20,"gold_loss":0,"cards_upgraded":["Strike_P","Defend_P","Defend_P","Defend_P"]},{"damage_healed":0,"gold_gain":0,"player_choice":"Read","damage_taken":0,"max_hp_gain":0,"max_hp_loss":0,"event_name":"The Library","floor":21,"gold_loss":0,"cards_obtained":["WindmillStrike"]},{"damage_healed":0,"gold_gain":0,"player_choice":"Bought 1 Potion","damage_taken":0,"max_hp_gain":0,"max_hp_loss":0,"event_name":"The Woman in Blue","floor":22,"gold_loss":0}],"is_beta":false,"boss_relics":[{"not_picked":["Busted Crown","SacredBark"],"picked":"VioletLotus"}],"items_purged_floors":[23],"is_endless":false,"potions_floor_spawned":[2,5,14,25,27,29,31],"killed_by":"Automaton","ascension_level":0}}