{"host":"wutzay93uet9pf9y","time":1610859654,"event":{"mods":["BaseMod","Colored Map","Downfall","Minty Spire (QoL Compilation)","StSLib"],"gold_per_floor":[99,110,60,79,79,108,108,136,155,155,55,84,184,200,216,316,316,516,516,529,529,629,662,685,718,803,703,722,736,736,47,58,163,163,163,181,200,220,220,247,247,258,158,193,212,223,326,339,350,350,350,380,25,25,25,25],"floor_reached":57,"language":"ENG","playtime":2168,"items_purged":["Regret","Slimebound:Strike_Slimebound"],"score":1528,"play_id":"aebf27a6-a775-4721-be2c-8640ec7a8614","local_time":"20210117000054","is_ascension_mode":true,"campfire_choices":[{"floor":1.0,"key":"RECALL"},{"data":"Slimebound:LevelUp","floor":11.0,"key":"SMITH"},{"data":"Slimebound:Darklings","floor":18,"key":"SMITH"},{"floor":27,"key":"REST"},{"floor":30,"key":"REST"},{"data":"Slimebound:OneTwoCombo","floor":35,"key":"SMITH"},{"floor":43,"key":"REST"},{"data":"Slimebound:Overexert","floor":54,"key":"SMITH"}],"circlet_count":0,"master_deck":["Slimebound:Strike_Slimebound+1","Slimebound:Strike_Slimebound+1","Slimebound:Defend_Slimebound","Slimebound:Defend_Slimebound","Slimebound:Defend_Slimebound","Slimebound:Defend_Slimebound","Slimebound:Split","Slimebound:CorrosiveSpit+1","Slimebound:SplitAcid","Slimebound:GoopSpray","Slimebound:LevelUp+1","Slimebound:SplitBruiser","Slimebound:SplitMire","Slimebound:SplitBruiser","Slimebound:Darklings+1","Slimebound:Prepare+1","Slimebound:SplitAcid","Slimebound:Overexert+1","Slimebound:LevelUp","Slimebound:GoopSpray","Slimebound:SplitBruiser","Slimebound:ProtectTheBoss+1","Slimebound:ForwardTackle","Slimebound:OneTwoCombo+1","Slimebound:PressTheAttack+1","Slimebound:PressTheAttack","Slimebound:OozeBath","Slimebound:LevelUp+1","Slimebound:SplitBruiser+1","Slimebound:SlimeBarrage","Slimebound:LeadByExample+1","Slimebound:PressTheAttack+1","Slimebound:SplitBruiser+1","Slimebound:SplitAcid+1"],"relics":["Slimebound:AbsorbEndCombat","White Beast Statue","Singing Bowl","Slimebound:MaxSlimesRelic","Bag of Preparation","downfall:HeartBlessingRed","InkBottle","downfall:GremlinWheel","Philosopher\u0027s Stone","Pocketwatch","Bottled Lightning","Boot","PreservedInsect","Bottled Tornado","downfall:HeartBlessingGreen","Frozen Egg 2","Toy Ornithopter","SlaversCollar","HornCleat","downfall:HeartBlessingBlue","Pen Nib","Whetstone","Oddly Smooth Stone","Bottled Flame"],"acts_visited":["Exordium","TheCity","TheBeyond","TheEnding"],"potions_floor_usage":[16,16,20,22,23,25,25,28,31,33,33,33,33,38,40,42,44,45,46,47,49,50,55,56],"damage_taken":[{"damage":8.0,"enemies":"2 Louse","floor":2.0,"turns":2.0},{"damage":5.0,"enemies":"downfall:FleeingMerchant","floor":3.0,"turns":4.0},{"damage":0.0,"enemies":"Small Slimes","floor":4.0,"turns":3.0},{"damage":30.0,"enemies":"Lagavulin","floor":6.0,"turns":7.0},{"damage":13.0,"enemies":"3 Sentries","floor":8.0,"turns":5.0},{"damage":3.0,"enemies":"Cultist","floor":9.0,"turns":3.0},{"damage":7.0,"enemies":"Gremlin Nob","floor":12.0,"turns":3.0},{"damage":8.0,"enemies":"Gremlin Nob","floor":13.0,"turns":4.0},{"damage":8.0,"enemies":"Blue Slaver","floor":14.0,"turns":3.0},{"damage":3.0,"enemies":"2 Fungi Beasts","floor":15.0,"turns":2.0},{"damage":12,"enemies":"WA_ARCHETYPE_RETAIN","floor":16,"turns":4},{"damage":0,"enemies":"Chosen","floor":19,"turns":1},{"damage":4,"enemies":"Shell Parasite","floor":20,"turns":2},{"damage":31,"enemies":"Colosseum Nobs","floor":22,"turns":3},{"damage":4,"enemies":"Gremlin Leader","floor":23,"turns":2},{"damage":20,"enemies":"Slavers","floor":25,"turns":2},{"damage":0,"enemies":"Snecko","floor":28,"turns":2},{"damage":12,"enemies":"Cultist and Chosen","floor":29,"turns":2},{"damage":8,"enemies":"downfall:FleeingMerchant","floor":31,"turns":4},{"damage":16,"enemies":"3 Cultists","floor":32,"turns":3},{"damage":4,"enemies":"SI_MIRROR_ARCHETYPE","floor":33,"turns":3},{"damage":16,"enemies":"3 Shapes","floor":36,"turns":3},{"damage":27,"enemies":"3 Darklings","floor":37,"turns":3},{"damage":15,"enemies":"4 Shapes","floor":38,"turns":3},{"damage":1,"enemies":"Giant Head","floor":40,"turns":4},{"damage":4,"enemies":"Sphere and 2 Shapes","floor":42,"turns":3},{"damage":0,"enemies":"Reptomancer","floor":44,"turns":2},{"damage":30,"enemies":"Writhing Mass","floor":45,"turns":3},{"damage":11,"enemies":"Jaw Worm Horde","floor":46,"turns":2},{"damage":0,"enemies":"downfall:FleeingMerchant","floor":47,"turns":1},{"damage":13,"enemies":"Spire Growth","floor":48,"turns":3},{"damage":0,"enemies":"Transient","floor":49,"turns":5},{"damage":0,"enemies":"IC_BLOCK_ARCHETYPE","floor":50,"turns":4},{"damage":6,"enemies":"downfall:CharBossMerchant","floor":52,"turns":3},{"damage":25,"enemies":"downfall:NeowBoss","floor":55,"turns":9},{"damage":28,"enemies":"downfall:NeowBossFinal","floor":56,"turns":5}],"seed_played":"-1746115452680481621","potions_obtained":[{"floor":6.0,"key":"LiquidMemories"},{"floor":8.0,"key":"Dexterity Potion"},{"floor":9.0,"key":"Regen Potion"},{"floor":12.0,"key":"Block Potion"},{"floor":13.0,"key":"sneckomod:MuddlingPotion"},{"floor":14.0,"key":"LiquidBronze"},{"floor":15.0,"key":"FearPotion"},{"floor":16,"key":"SpeedPotion"},{"floor":19,"key":"champ:CounterPotion"},{"floor":20,"key":"AttackPotion"},{"floor":22,"key":"PowerPotion"},{"floor":23,"key":"BlessingOfTheForge"},{"floor":25,"key":"Slimebound:SpawnSlimePotion"},{"floor":28,"key":"SneckoOil"},{"floor":29,"key":"PowerPotion"},{"floor":31,"key":"EntropicBrew"},{"floor":33,"key":"LiquidBronze"},{"floor":36,"key":"AttackPotion"},{"floor":38,"key":"SpeedPotion"},{"floor":40,"key":"EssenceOfSteel"},{"floor":42,"key":"Explosive Potion"},{"floor":44,"key":"Slimebound:SlimedPotion"},{"floor":45,"key":"Slimebound:SlimedPotion"},{"floor":46,"key":"AttackPotion"},{"floor":47,"key":"Energy Potion"},{"floor":49,"key":"PowerPotion"},{"floor":52,"key":"PowerPotion"}],"is_trial":false,"path_per_floor":["R","M","$","M","?","E","T","E","M","?","R","E","?","M","M","B",null,"R","M","M","?","?","E","T","E","?","R","M","M","R","$","M","B",null,"R","M","M","M","?","E","T","M","R","E","M","M","$","M","M","B",null,"E","$","R","B","B",null],"character_chosen":"SLIMEBOUND","items_purchased":["Slimebound:LevelUp","Frozen Egg 2","Toy Ornithopter","FairyPotion","Slimebound:SplitBruiser","Slimebound:ProtectTheBoss+1","Slimebound:ForwardTackle","Whetstone","Bottled Flame"],"campfire_rested":3,"item_purchase_floors":[3,31,31,31,31,31,31,47,53],"current_hp_per_floor":[65,57,53,54,54,28,28,16,16,16,16,22,18,13,12,2,71,71,71,69,69,40,36,36,16,4,25,27,17,40,33,19,36,79,79,65,42,38,38,46,46,48,85,91,63,58,63,53,65,75,95,90,90,90,76,59],"gold":25,"neow_bonus":"UPGRADE_CARD","is_daily":false,"chose_seed":false,"campfire_upgraded":4,"win_rate":0.0,"timestamp":1610859654,"path_taken":["R","M","$","M","?","E","T","E","M","?","R","E","?","M","M","BOSS","R","M","M","?","?","E","T","E","?","R","M","?","R","?","M","BOSS","R","M","M","?","?","E","T","M","R","E","M","M","$","?","M","BOSS","E","$","R","BOSS","BOSS"],"items_purchased_type":["Card","Relic","Relic","Potion","Card","Card","Card","Relic","Relic"],"build_version":"2020-12-22","purchased_purges":2,"victory":true,"max_hp_per_floor":[65,65,65,65,65,65,65,65,67,67,67,69,69,71,71,71,71,71,71,73,73,73,73,73,73,73,73,75,77,77,77,79,79,79,79,79,79,81,81,81,81,81,91,91,93,93,93,95,95,95,95,95,95,95,95,95],"card_choices":[{"not_picked":["Slimebound:HauntingLick","Slimebound:LeechingTouch"],"picked":"Slimebound:SplitAcid","floor":2.0},{"not_picked":["Slimebound:RejuvenatingLick","Slimebound:LivingWall"],"picked":"Slimebound:GoopSpray","floor":3.0},{"not_picked":["Slimebound:SpikyOuterGoop","Slimebound:HauntingLick","Slimebound:FormOfPuddle"],"picked":"SKIP","floor":4.0},{"not_picked":["Slimebound:ComboTackle","Slimebound:GrowthPunch"],"picked":"Slimebound:SplitBruiser","floor":6.0},{"not_picked":["Slimebound:SlimeBrawl","Slimebound:DivideAndConquer"],"picked":"Slimebound:SplitMire","floor":8.0},{"not_picked":["Slimebound:DisruptingSlam","Slimebound:ItLooksTasty","Slimebound:ProtectTheBoss"],"picked":"Singing Bowl","floor":9.0},{"not_picked":["Slimebound:FlameTackle","Slimebound:ViciousTackle","Slimebound:RollThrough"],"picked":"Singing Bowl","floor":12.0},{"not_picked":["Slimebound:FinishingTackle","Slimebound:GoopSpray","Slimebound:SamplingLick"],"picked":"Singing Bowl","floor":14.0},{"not_picked":["Slimebound:ComboTackle","Slimebound:GoopSpray"],"picked":"Slimebound:SplitBruiser","floor":15.0},{"not_picked":["Slimebound:SelfFormingGoo","Slimebound:LeechLife"],"picked":"Slimebound:Darklings","floor":16},{"not_picked":["Slimebound:GrowthPunch","Slimebound:FinishingTackle"],"picked":"Slimebound:Prepare+1","floor":19},{"not_picked":["Slimebound:GoopSpray","Slimebound:GrowthPunch+1","Slimebound:SamplingLick"],"picked":"Singing Bowl","floor":20},{"not_picked":["Slimebound:ViciousTackle","Slimebound:SplitMire"],"picked":"Slimebound:SplitAcid","floor":22},{"not_picked":["Slimebound:SlimeSpikes","Slimebound:Dissolve+1"],"picked":"Slimebound:Overexert","floor":23},{"not_picked":["Slimebound:SplitBruiser+1","Slimebound:Prepare"],"picked":"Slimebound:LevelUp","floor":25},{"not_picked":["Slimebound:ItLooksTasty","Slimebound:RainOfGoop","Slimebound:FinishingTackle"],"picked":"Singing Bowl","floor":28},{"not_picked":["Slimebound:GoopTackle","Slimebound:Grow","Slimebound:Chomp"],"picked":"Singing Bowl","floor":29},{"not_picked":["Slimebound:SlimeSpikes","Slimebound:RollThrough+1"],"picked":"Slimebound:GoopSpray","floor":31},{"not_picked":["Slimebound:LeechingTouch+1","Slimebound:LivingWall","Slimebound:ComboTackle"],"picked":"Singing Bowl","floor":32},{"not_picked":["Slimebound:RallyTheTroops","Slimebound:SelfFormingGoo+1"],"picked":"Slimebound:OneTwoCombo","floor":33},{"not_picked":["Slimebound:RollThrough+1","Slimebound:SlimeBrawl"],"picked":"Slimebound:PressTheAttack+1","floor":36},{"not_picked":["Slimebound:SplitMire","Slimebound:ComboTackle+1"],"picked":"Slimebound:PressTheAttack","floor":37},{"not_picked":["Slimebound:GoopTackle","Slimebound:ServeAndProtect+1","Slimebound:RollThrough+1"],"picked":"Singing Bowl","floor":38},{"not_picked":["Slimebound:SplitLeeching","Slimebound:PressTheAttack"],"picked":"Slimebound:LevelUp+1","floor":40},{"not_picked":["Slimebound:ItLooksTasty","Slimebound:LeechEnergy"],"picked":"Slimebound:SplitBruiser+1","floor":42},{"not_picked":["Slimebound:ComboTackle+1","Slimebound:CheckThePlaybook"],"picked":"Slimebound:SlimeBarrage","floor":44},{"not_picked":["Slimebound:GoopSpray","Slimebound:RollThrough+1","Slimebound:FinishingTackle"],"picked":"Singing Bowl","floor":45},{"not_picked":["Slimebound:Equalize","Slimebound:FlameTackle"],"picked":"Slimebound:LeadByExample+1","floor":46},{"not_picked":["Slimebound:Replication+1","Slimebound:SplitMire+1"],"picked":"Slimebound:PressTheAttack+1","floor":47},{"not_picked":["Slimebound:ViciousTackle+1","Slimebound:LivingWall","Slimebound:LeechEnergy+1"],"picked":"Singing Bowl","floor":48},{"not_picked":["Slimebound:DouseInSlime","Slimebound:BestDefense+1"],"picked":"Slimebound:SplitBruiser+1","floor":49},{"not_picked":["Slimebound:GoopTackle+1","Slimebound:FirmFortitude"],"picked":"Slimebound:SplitAcid+1","floor":52}],"player_experience":303846,"relics_obtained":[{"floor":6.0,"key":"Singing Bowl"},{"floor":7.0,"key":"Slimebound:MaxSlimesRelic"},{"floor":8.0,"key":"Bag of Preparation"},{"floor":12.0,"key":"InkBottle"},{"floor":13.0,"key":"downfall:GremlinWheel"},{"floor":22,"key":"Pocketwatch"},{"floor":22,"key":"Bottled Lightning"},{"floor":23,"key":"Boot"},{"floor":24,"key":"PreservedInsect"},{"floor":25,"key":"Bottled Tornado"},{"floor":40,"key":"HornCleat"},{"floor":44,"key":"Pen Nib"},{"floor":52,"key":"Oddly Smooth Stone"}],"event_choices":[{"damage_healed":0.0,"max_hp_gain":0.0,"max_hp_loss":0.0,"gold_gain":0.0,"event_name":"Big Fish","player_choice":"Box","floor":5.0,"gold_loss":0.0,"damage_taken":0.0,"relics_obtained":["White Beast Statue"],"cards_obtained":["Regret"]},{"damage_healed":0,"gold_gain":200,"player_choice":"Gold","damage_taken":0,"max_hp_gain":0,"max_hp_loss":0,"event_name":"Wheel of Change","floor":18,"gold_loss":0},{"damage_healed":0,"gold_gain":0,"player_choice":"Ignored","damage_taken":0,"max_hp_gain":0,"max_hp_loss":0,"event_name":"Ghosts","floor":21,"gold_loss":0}],"is_beta":false,"boss_relics":[{"not_picked":["Fusion Hammer","Coffee Dripper"],"picked":"Philosopher\u0027s Stone"},{"not_picked":["Calling Bell","Snecko Eye"],"picked":"SlaversCollar"}],"items_purged_floors":[47,53],"is_endless":false,"potions_floor_spawned":[6,8,9,12,13,14,15,16,19,20,22,23,25,28,29,31,32,33,36,37,38,40,42,44,45,46,47,48,49,52],"ascension_level":1}}