{"host":"lb27wy21808d043q","time":1610922340,"event":{"mods":["AchievementEnabler","BaseMod","BetterRewards","Clockwork Mod","Colored Map","Conspire","Curses Come First","Halation","Highlight Path","Hubris","Infinite Spire","Marisa????????","Minty Spire (QoL Compilation)","Replay The Spire","StSLib","The Bug Knight","The Servant 0.9.4","Yuri Mod"],"gold_per_floor":[99,151,51,51,64,90,90,90],"floor_reached":7,"language":"ENG","playtime":563,"items_purged":[],"score":47,"play_id":"d81cf49d-39ab-42ea-b984-5be5d9658d40","local_time":"20210117232540","daily_mods":["Draft","Vintage","Heirloom","Time Dilation","Flight","DeadlyEvents","Elite Swarm","Lethality"],"is_ascension_mode":false,"campfire_choices":[],"circlet_count":0,"master_deck":["HollowMod:ShadowDash","HollowMod:AbyssShriek","HollowMod:ChannelNail","HollowMod:PureNailStrike","HollowMod:ShadowDash","HollowMod:DungDefenderAura","HollowMod:HowlingWraiths","HollowMod:VengefulSpirit","HollowMod:ChannelNail","HollowMod:CloakDash","HollowMod:VengefulVoid","HollowMod:ShadowDash","HollowMod:SharpenedNail","HollowMod:HeavyBlow","HollowMod:SoulStrike","HollowMod:MantisMark","Ghostly","infinitespire:TheBestDefense","HollowMod:SlysStrikes"],"relics":["HollowMod:VesselMask","replay:Trail_Library","halation:SwordOfLegend","hubris:DisguiseKit","Gremlin Food","Bag of Marbles","halation:QuantumPhysicsTextbook"],"acts_visited":["Exordium"],"potions_floor_usage":[],"damage_taken":[{"damage":0,"enemies":"Cultist","floor":5,"turns":2},{"damage":27,"enemies":"Lagavulin","floor":6,"turns":6},{"damage":31,"enemies":"3 Sentries","floor":7,"turns":4}],"seed_played":"125868592341467361","potions_obtained":[{"floor":6,"key":"SpeedPotion"}],"is_trial":true,"path_per_floor":["?","T","?","?","M","E","E"],"character_chosen":"THE_BUGKNIGHT","items_purchased":[],"campfire_rested":0,"item_purchase_floors":[],"current_hp_per_floor":[75,75,75,58,58,31,0,0],"gold":90,"neow_bonus":"","is_daily":false,"chose_seed":false,"campfire_upgraded":0,"win_rate":0.0,"timestamp":1610922340,"path_taken":["?","?","?","?","M","E","?"],"items_purchased_type":[],"build_version":"2020-12-22","purchased_purges":0,"victory":false,"max_hp_per_floor":[75,75,75,75,75,75,75,75],"card_choices":[{"not_picked":["HollowMod:NewJinnsSoul","HollowMod:CrystalDash"],"picked":"HollowMod:ShadowDash","floor":0},{"not_picked":["HollowMod:SiblingsSouls","HollowMod:GoodIntentions"],"picked":"HollowMod:AbyssShriek","floor":0},{"not_picked":["HollowMod:NewJinnsSoul","HollowMod:CloakDash"],"picked":"HollowMod:ChannelNail","floor":0},{"not_picked":["HollowMod:SoulShaman","HollowMod:LifebloodCocoon"],"picked":"HollowMod:PureNailStrike","floor":0},{"not_picked":["HollowMod:NewGlowingWomb","HollowMod:CloakDash"],"picked":"HollowMod:ShadowDash","floor":0},{"not_picked":["HollowMod:HeavyBlow","HollowMod:CornifersMapStart"],"picked":"HollowMod:DungDefenderAura","floor":0},{"not_picked":["HollowMod:CloakDash","HollowMod:InfectedCysts"],"picked":"HollowMod:HowlingWraiths","floor":0},{"not_picked":["HollowMod:BrokenVessel","HollowMod:DreamGate"],"picked":"HollowMod:VengefulSpirit","floor":0},{"not_picked":["HollowMod:SiblingsSouls","HollowMod:CrystalDash"],"picked":"HollowMod:ChannelNail","floor":0},{"not_picked":["HollowMod:CycloneSlash","HollowMod:NewLittleFool"],"picked":"HollowMod:CloakDash","floor":0},{"not_picked":["HollowMod:InfectedCysts","HollowMod:ShadowDash"],"picked":"HollowMod:VengefulVoid","floor":0},{"not_picked":["HollowMod:SiblingsSouls","HollowMod:SoulSplash"],"picked":"HollowMod:ShadowDash","floor":0},{"not_picked":["HollowMod:BaldurShell","HollowMod:InfectionAssault"],"picked":"HollowMod:SharpenedNail","floor":0},{"not_picked":["HollowMod:CloakDash","HollowMod:SharpenedShadows"],"picked":"HollowMod:HeavyBlow","floor":0},{"not_picked":["HollowMod:ChannelNail","HollowMod:VengefulSpirit"],"picked":"HollowMod:SoulStrike","floor":0},{"not_picked":["infinitespire:SevenWalls","infinitespire:Execution"],"picked":"infinitespire:TheBestDefense","floor":4},{"not_picked":["HollowMod:PureVessel","HollowMod:ElderbugsWisdom","Double Tap"],"picked":"HollowMod:SlysStrikes","floor":6}],"player_experience":23113,"relics_obtained":[{"floor":2,"key":"Gremlin Food"},{"floor":5,"key":"Bag of Marbles"},{"floor":6,"key":"halation:QuantumPhysicsTextbook"}],"event_choices":[{"damage_healed":0,"gold_gain":0,"player_choice":"Argue","damage_taken":0,"max_hp_gain":0,"max_hp_loss":0,"event_name":"conspire:LoneGhost","floor":3,"gold_loss":0}],"is_beta":false,"boss_relics":[],"items_purged_floors":[],"is_endless":false,"potions_floor_spawned":[6],"killed_by":"3 Sentries","ascension_level":0}}