{"host":"KYO","time":1610884736,"event":{"mods":["ATMod(°¢èªMod)","BaseMod","Minty Spire (QoL Compilation)","Permanent Neow","Shop Mod","StSLib","SuperFastMode","[IsaacMod]ÒÔÈö¼âËþ","¡¾ÒÅÎï¿¨ÅÆ¡¿REMEMod"],"gold_per_floor":[118,118,10,10,22,22,53,53,98,124,164,164,190,203,203,280,280,290,290,306,322,334,367,377,411,411,441,441,453,453,453,453],"floor_reached":31,"language":"ZHS","playtime":1234,"items_purged":[],"score":680,"play_id":"805a485e-58fe-4f0b-b4e4-a67cf6e310d4","local_time":"20210117195856","is_ascension_mode":true,"campfire_choices":[{"data":"AT_LightSaberMaster","floor":6.0,"key":"SMITH"},{"data":"Tools of the Trade","floor":8.0,"key":"SMITH"},{"floor":15.0,"key":"REST"},{"data":"AT_Dispersion","floor":28,"key":"SMITH"},{"data":"REME_Scribble","floor":30,"key":"SMITH"}],"circlet_count":0,"master_deck":["AscendersBane","Strike_R","Strike_R","Strike_R","Strike_R","Defend_R","Bash","REME_BattleFury","AT_LightSaberMaster+1","Tools of the Trade+1","Shrug It Off+1","Rupture","Headbutt","REME_Scribble+1","AT_Dispersion+1"],"relics":["Burning Blood","HushsDoor","AT_ATBox","REME_ComplimentaryCards","BloodDonationMachine","Omamori","Toy Ornithopter","Orichalcum","BelialBook","GuppysPaw","Coffee Dripper","DoctorsRemote","Bag of Preparation","AT_TimeSand","Mercury Hourglass"],"acts_visited":["Exordium","TheCity"],"potions_floor_usage":[27],"damage_taken":[{"damage":9.0,"enemies":"Jaw Worm","floor":1.0,"turns":4.0},{"damage":1.0,"enemies":"Cultist","floor":5.0,"turns":3.0},{"damage":20.0,"enemies":"Lagavulin","floor":7.0,"turns":6.0},{"damage":5.0,"enemies":"Gremlin Nob","floor":10.0,"turns":3.0},{"damage":14.0,"enemies":"2 Louse","floor":11.0,"turns":3.0},{"damage":14.0,"enemies":"3 Sentries","floor":13.0,"turns":6.0},{"damage":12.0,"enemies":"2 Fungi Beasts","floor":14.0,"turns":4.0},{"damage":22.0,"enemies":"Hexaghost","floor":16.0,"turns":9.0},{"damage":13.0,"enemies":"Spheric Guardian","floor":18.0,"turns":5.0},{"damage":7.0,"enemies":"Chosen","floor":20.0,"turns":5.0},{"damage":32.0,"enemies":"Snecko","floor":21.0,"turns":6.0},{"damage":28.0,"enemies":"Centurion and Healer","floor":22.0,"turns":4.0},{"damage":2.0,"enemies":"Gremlin Leader","floor":23.0,"turns":3.0},{"damage":16.0,"enemies":"Shelled Parasite and Fungi","floor":24.0,"turns":4.0},{"damage":6.0,"enemies":"REME_1_Revenger","floor":25.0,"turns":6.0},{"damage":18,"enemies":"Book of Stabbing","floor":27,"turns":4},{"damage":15,"enemies":"Cultist and Chosen","floor":29,"turns":5},{"damage":16,"enemies":"Slavers","floor":31,"turns":1}],"seed_played":"3134893712681750683","potions_obtained":[{"floor":7.0,"key":"SkillPotion"},{"floor":10.0,"key":"REME_GoldPotion"},{"floor":11.0,"key":"LiquidMemories"},{"floor":21.0,"key":"Fruit Juice"},{"floor":22.0,"key":"ColorlessPotion"},{"floor":25.0,"key":"PowerPotion"},{"floor":29,"key":"Weak Potion"}],"is_trial":false,"path_per_floor":["M","?","$","?","M","R","E","R","T","E","M","?","E","M","R","B",null,"M","?","M","M","M","E","M","E","T","E","R","M","R","E"],"character_chosen":"IRONCLAD","items_purchased":["Omamori"],"campfire_rested":1,"item_purchase_floors":[3],"current_hp_per_floor":[47,47,37,30,35,35,21,21,21,22,19,19,16,10,32,21,62,55,55,54,28,16,27,19,21,21,18,18,13,13,0,0],"gold":453,"neow_bonus":"RANDOM_COLORLESS_2","is_daily":false,"chose_seed":false,"campfire_upgraded":4,"win_rate":0.0,"timestamp":1610884736,"path_taken":["M","?","$","?","?","R","E","R","T","E","?","?","E","M","R","BOSS","M","?","M","M","M","E","M","E","T","E","R","M","R","E"],"items_purchased_type":["Relic"],"build_version":"2020-12-18","purchased_purges":0,"victory":false,"max_hp_per_floor":[75,75,75,75,75,75,75,75,75,75,75,75,75,75,75,75,75,75,75,75,75,80,82,81,80,80,81,81,85,85,82,82],"card_choices":[{"not_picked":["REME_EyeOfCthun","AT_FalsePromise"],"picked":"REME_BattleFury","floor":0.0},{"not_picked":["Warcry","REME_SingleHolding"],"picked":"Bomb","floor":1.0},{"not_picked":["Combust","Flame Barrier","Wild Strike"],"picked":"SKIP","floor":5.0},{"not_picked":["True Grit","Flex","Sentinel"],"picked":"SKIP","floor":7.0},{"not_picked":["AT_DiedThrough","Body Slam","Thunderclap"],"picked":"SKIP","floor":10.0},{"not_picked":["Clash","Iron Wave"],"picked":"Shrug It Off","floor":11.0},{"not_picked":["Flex","Exhume","Iron Wave"],"picked":"SKIP","floor":13.0},{"not_picked":["Fire Breathing","Bloodletting","Armaments"],"picked":"SKIP","floor":14.0},{"not_picked":["Dark Embrace","Havoc","Ghostly Armor"],"picked":"SKIP","floor":18.0},{"not_picked":["Seeing Red","AT_BodySlamDance","Twin Strike"],"picked":"SKIP","floor":20.0},{"not_picked":["Wild Strike","Cleave","Shrug It Off"],"picked":"SKIP","floor":21.0},{"not_picked":["Iron Wave","Sword Boomerang"],"picked":"REME_Scribble","floor":22.0},{"not_picked":["Warcry+1","Clothesline+1","Power Through"],"picked":"SKIP","floor":23.0},{"not_picked":["Sword Boomerang","Rupture"],"picked":"AT_Dispersion","floor":24.0},{"not_picked":["AT_IchimonjiDouble","REME_TheLastStrike","Infernal Blade"],"picked":"SKIP","floor":25.0},{"not_picked":["Pommel Strike","Shockwave","Exhume"],"picked":"SKIP","floor":27},{"not_picked":["Ghostly Armor","Armaments","REME_SingleHolding"],"picked":"SKIP","floor":29}],"player_experience":619737,"relics_obtained":[{"floor":7.0,"key":"Toy Ornithopter"},{"floor":9.0,"key":"Orichalcum"},{"floor":10.0,"key":"BelialBook"},{"floor":13.0,"key":"GuppysPaw"},{"floor":23.0,"key":"DoctorsRemote"},{"floor":25.0,"key":"Bag of Preparation"},{"floor":26.0,"key":"AT_TimeSand"},{"floor":27,"key":"Mercury Hourglass"}],"event_choices":[{"cards_removed":["Defend_R"],"damage_healed":0.0,"max_hp_gain":0.0,"max_hp_loss":0.0,"gold_gain":0.0,"event_name":"Purifier","player_choice":"Purged","floor":2.0,"gold_loss":0.0,"damage_taken":0.0},{"cards_removed":["Strike_R"],"damage_healed":0.0,"max_hp_gain":0.0,"max_hp_loss":0.0,"gold_gain":0.0,"event_name":"Golden Wing","player_choice":"Card Removal","floor":4.0,"gold_loss":0.0,"damage_taken":7.0},{"damage_healed":0.0,"max_hp_gain":0.0,"max_hp_loss":0.0,"gold_gain":0.0,"event_name":"Upgrade Shrine","player_choice":"Upgraded","floor":12.0,"gold_loss":0.0,"damage_taken":0.0,"cards_upgraded":["Shrug It Off"]},{"damage_healed":0.0,"max_hp_gain":0.0,"max_hp_loss":0.0,"gold_gain":0.0,"cards_transformed":["Defend_R","Defend_R"],"event_name":"Drug Dealer","player_choice":"Became Test Subject","floor":19.0,"gold_loss":0.0,"damage_taken":0.0,"cards_obtained":["Rupture","Headbutt"]}],"is_beta":true,"boss_relics":[{"not_picked":["Fusion Hammer","Runic Pyramid"],"picked":"Coffee Dripper"},{"not_picked":[]}],"items_purged_floors":[],"is_endless":false,"potions_floor_spawned":[7,10,11,21,22,25,29],"killed_by":"Slavers","ascension_level":20}}