{"host":"gsmj583br51y3r1c","time":1610908556,"event":{"mods":["AchievementEnabler","BaseMod","Better Note","Better Third Choice","Colored Map","Dark Map","Downfall","Hermit","Highlight Path","Infinite Spire","Marisa????????","Minty Spire (QoL Compilation)","Permanent Neow","Quick Restart","StSLib","The Bug Knight","The Cursed","The Marked","The Mystic","The Servant 0.9.4","everything is the same but u backflip on backflip"],"gold_per_floor":[209,54,54,71,86,112,124,124,178,258,258,258,7,20,20,120,120,145,85,360,372,7,21,21,21],"floor_reached":24,"language":"ENG","playtime":2575,"items_purged":["hermit:Strike_Hermit","hermit:Defend_Hermit"],"score":196,"play_id":"ebdb6ccb-9c2f-4ed2-b75f-959d1b5ca46a","local_time":"20210117203556","is_ascension_mode":false,"campfire_choices":[{"data":"hermit:TakeCover","floor":8,"key":"SMITH"},{"data":"hermit:Dive","floor":12,"key":"SMITH"},{"floor":15,"key":"RECALL"}],"circlet_count":0,"master_deck":["hermit:Strike_Hermit","hermit:Strike_Hermit","hermit:Strike_Hermit","hermit:Defend_Hermit","hermit:Defend_Hermit","hermit:Snapshot","hermit:Covet","hermit:Manifest","Pain","hermit:Dive+1","hermit:TakeCover+1","hermit:Enervate","hermit:BigShot","hermit:DeadOrAlive","hermit:FullyLoaded","Regret","hermit:FlashPowder+1","hermit:Enervate","hermit:Midnight","hermit:Determination","hermit:BigShot","hermit:Brawl","hermit:GhostlyPresence"],"relics":["hermit:Momento","Tiny Chest","WarpedTongs","The Courier","infinitespire:Eraser","infinitespire:EmpoweringShard","hermit:BartenderGlass","Membership Card","Juzu Bracelet"],"acts_visited":["Exordium","TheCity"],"potions_floor_usage":[5,6,6,18,18,18,21,21,23,23,23,24,24],"damage_taken":[{"damage":0,"enemies":"2 Louse","floor":1,"turns":3},{"damage":0,"enemies":"Cultist","floor":4,"turns":3},{"damage":13,"enemies":"infinitespire:Voidling","floor":5,"turns":4},{"damage":10,"enemies":"3 Sentries","floor":6,"turns":8},{"damage":7,"enemies":"Blue Slaver","floor":7,"turns":2},{"damage":0,"enemies":"Looter","floor":14,"turns":3},{"damage":24,"enemies":"The Guardian","floor":16,"turns":14},{"damage":0,"enemies":"Spheric Guardian","floor":18,"turns":2},{"damage":3,"enemies":"Shelled Parasite and Fungi","floor":21,"turns":4},{"damage":10,"enemies":"Cultist and Chosen","floor":23,"turns":7},{"damage":0,"enemies":"Gremlin Leader","floor":24,"turns":2}],"seed_played":"8469233281641661129","potions_obtained":[{"floor":1,"key":"CultistPotion"},{"floor":4,"key":"Dexterity Potion"},{"floor":5,"key":"ColorlessPotion"},{"floor":7,"key":"Swift Potion"},{"floor":16,"key":"Fire Potion"},{"floor":18,"key":"Fire Potion"},{"floor":23,"key":"SkillPotion"}],"is_trial":false,"path_per_floor":["M","$","?","M","M","E","M","R","T","T","?","R","$","M","R","B",null,"M","$","?","M","$","M","E"],"character_chosen":"HERMIT","items_purchased":["Tiny Chest","hermit:BigShot","infinitespire:EmpoweringShard","Membership Card","hermit:Enervate","hermit:Midnight","hermit:Determination","hermit:BigShot","hermit:Brawl","Juzu Bracelet"],"campfire_rested":0,"item_purchase_floors":[2,13,13,22,22,22,22,22,22,22],"current_hp_per_floor":[75,75,75,75,69,59,52,52,52,52,52,52,52,52,52,28,75,75,75,75,72,72,62,62,62],"gold":21,"neow_bonus":"HUNDRED_GOLD","is_daily":false,"chose_seed":false,"campfire_upgraded":2,"win_rate":0.0,"timestamp":1610908556,"path_taken":["M","$","?","?","?","E","M","R","T","?","?","R","$","M","R","BOSS","M","?","?","M","$","M","E"],"items_purchased_type":["Relic","Card","Relic","Relic","Card","Card","Card","Card","Card","Relic"],"build_version":"2020-12-22","purchased_purges":2,"victory":false,"max_hp_per_floor":[75,75,75,75,75,75,75,75,75,75,75,75,75,75,75,75,75,75,75,75,75,75,75,75,75],"card_choices":[{"not_picked":["hermit:HoleUp","hermit:Grudge"],"picked":"hermit:Manifest","floor":1},{"not_picked":["hermit:DeadMansHand","hermit:Glare"],"picked":"hermit:Dive","floor":4},{"not_picked":["hermit:Adapt","hermit:HoleUp"],"picked":"hermit:TakeCover","floor":5},{"not_picked":["hermit:Roulette","hermit:Dive"],"picked":"hermit:Enervate","floor":6},{"not_picked":["hermit:TrackingShot","hermit:WideOpen","hermit:NoHoldsBarred"],"picked":"SKIP","floor":7},{"not_picked":["hermit:TrackingShot","hermit:SprayPray","hermit:Ricochet"],"picked":"SKIP","floor":14},{"not_picked":["hermit:RoundhouseKick","hermit:Reprieve"],"picked":"hermit:DeadOrAlive","floor":16},{"not_picked":["hermit:Ricochet","hermit:Misfire+1"],"picked":"hermit:FullyLoaded","floor":18},{"not_picked":["hermit:BodyArmor","hermit:Malice"],"picked":"hermit:FlashPowder+1","floor":21},{"not_picked":["hermit:Dive","hermit:CalledShot"],"picked":"hermit:GhostlyPresence","floor":23}],"player_experience":416338,"relics_obtained":[{"floor":6,"key":"The Courier"},{"floor":10,"key":"infinitespire:Eraser"}],"event_choices":[{"damage_healed":0,"gold_gain":0,"player_choice":"Rummage","damage_taken":0,"relics_obtained":["WarpedTongs"],"max_hp_gain":0,"max_hp_loss":0,"event_name":"Accursed Blacksmith","floor":3,"gold_loss":0,"cards_obtained":["Pain"]},{"cards_removed":["hermit:Defend_Hermit"],"damage_healed":0,"gold_gain":0,"player_choice":"Purged","damage_taken":0,"max_hp_gain":0,"max_hp_loss":0,"event_name":"Purifier","floor":11,"gold_loss":0},{"damage_healed":0,"gold_gain":275,"player_choice":"Desecrate","damage_taken":0,"max_hp_gain":0,"max_hp_loss":0,"event_name":"Golden Shrine","floor":20,"gold_loss":0,"cards_obtained":["Regret"]}],"is_beta":false,"boss_relics":[{"not_picked":["Fusion Hammer","hermit:DentedPlate"],"picked":"hermit:BartenderGlass"}],"items_purged_floors":[19,22],"is_endless":false,"potions_floor_spawned":[1,4,5,7,16,18,23],"killed_by":"Gremlin Leader","ascension_level":0}}