{"host":"7k7fhzlbqzyu5ijh","time":1610856967,"event":{"mods":["AchievementEnabler","BaseMod","Bestiary","Colored Powertips","Filter the Spire","Highlight Path","Minty Spire (QoL Compilation)","Potion Indicator Mod","RNG Fix","Relic Stats"],"gold_per_floor":[117,131,161,171,121,149,149,182,194,236,248,260,32,42,42,147,147,167,167,178,93,106,28,28,48,48,63,63,78,109,121,121,220,220,232,9,9,9,9,9,22,56,56,73,91,91,124,142,142,142,142,142,41,71,71,71],"floor_reached":55,"language":"ENG","playtime":6012,"items_purged":["Strike_P","Writhe"],"score":1038,"play_id":"721152e8-de75-48d2-a3e0-a25889abacbf","local_time":"20210116231607","is_ascension_mode":true,"campfire_choices":[{"data":"Wallop","floor":11.0,"key":"SMITH"},{"floor":15.0,"key":"REST"},{"data":"MentalFortress","floor":24.0,"key":"SMITH"},{"data":"Wallop","floor":28.0,"key":"SMITH"},{"data":"WheelKick","floor":32.0,"key":"SMITH"},{"floor":40,"key":"RECALL"},{"floor":46,"key":"REST"},{"floor":49,"key":"REST"},{"data":"Vault","floor":52,"key":"SMITH"}],"circlet_count":0,"master_deck":["Strike_P+1","Defend_P","Defend_P+1","Defend_P+1","Defend_P+1","Eruption","Vigilance+1","FlyingSleeves","EmptyFist","ForeignInfluence+1","Wallop+1","Conclude","Wireheading+1","Tantrum+1","SashWhip","FearNoEvil+1","Protect+1","LessonLearned+1","Wallop+1","CutThroughFate+1","MentalFortress+1","Adaptation+1","JustLucky+1","Prostrate+1","FearNoEvil","Vault+1","MentalFortress+1","FlurryOfBlows","Parasite","Dark Shackles","Dark Shackles","FlurryOfBlows+1","Regret","BattleHymn+1"],"relics":["PureWater","War Paint","MawBank","Eternal Feather","Bronze Scales","Pen Nib","Cursed Key","Letter Opener","InkBottle","Mango","Runic Pyramid","Molten Egg 2","Whetstone","Damaru","Happy Flower"],"acts_visited":["Exordium","TheCity","TheBeyond","TheEnding"],"potions_floor_usage":[33,33,33,42,44,45,48,50,55,55],"damage_taken":[{"damage":2.0,"enemies":"Small Slimes","floor":1.0,"turns":4.0},{"damage":2.0,"enemies":"Jaw Worm","floor":2.0,"turns":2.0},{"damage":0.0,"enemies":"Cultist","floor":3.0,"turns":4.0},{"damage":4.0,"enemies":"Large Slime","floor":4.0,"turns":7.0},{"damage":12.0,"enemies":"3 Sentries","floor":6.0,"turns":3.0},{"damage":4.0,"enemies":"Gremlin Nob","floor":8.0,"turns":4.0},{"damage":0.0,"enemies":"Lagavulin","floor":10.0,"turns":4.0},{"damage":0.0,"enemies":"Blue Slaver","floor":14.0,"turns":2.0},{"damage":3.0,"enemies":"The Guardian","floor":16.0,"turns":6.0},{"damage":0.0,"enemies":"Shell Parasite","floor":18.0,"turns":3.0},{"damage":15.0,"enemies":"2 Thieves","floor":20.0,"turns":3.0},{"damage":4.0,"enemies":"Centurion and Healer","floor":22.0,"turns":3.0},{"damage":6.0,"enemies":"Snecko","floor":25.0,"turns":4.0},{"damage":4.0,"enemies":"Snake Plant","floor":27.0,"turns":3.0},{"damage":0.0,"enemies":"Sentry and Sphere","floor":29.0,"turns":3.0},{"damage":20.0,"enemies":"Gremlin Leader","floor":30.0,"turns":7.0},{"damage":0.0,"enemies":"Centurion and Healer","floor":31.0,"turns":3.0},{"damage":6,"enemies":"Collector","floor":33,"turns":10},{"damage":15,"enemies":"3 Darklings","floor":35,"turns":5},{"damage":3,"enemies":"Orb Walker","floor":41,"turns":4},{"damage":42,"enemies":"Nemesis","floor":42,"turns":8},{"damage":16,"enemies":"Spire Growth","floor":44,"turns":4},{"damage":4,"enemies":"Transient","floor":45,"turns":6},{"damage":14,"enemies":"Reptomancer","floor":47,"turns":7},{"damage":10,"enemies":"Sphere and 2 Shapes","floor":48,"turns":6},{"damage":53,"enemies":"Time Eater","floor":50,"turns":11},{"damage":31,"enemies":"Shield and Spear","floor":54,"turns":7},{"damage":56,"enemies":"The Heart","floor":55,"turns":3}],"seed_played":"-7797906694380868344","potions_obtained":[{"floor":1.0,"key":"Weak Potion"},{"floor":4.0,"key":"Explosive Potion"},{"floor":10.0,"key":"BlessingOfTheForge"},{"floor":20.0,"key":"DuplicationPotion"},{"floor":25.0,"key":"Dexterity Potion"},{"floor":29.0,"key":"Strength Potion"},{"floor":30.0,"key":"SpeedPotion"},{"floor":31.0,"key":"Weak Potion"},{"floor":42,"key":"DuplicationPotion"},{"floor":44,"key":"CultistPotion"},{"floor":47,"key":"SneckoOil"},{"floor":48,"key":"SkillPotion"},{"floor":54,"key":"GamblersBrew"}],"is_trial":false,"path_per_floor":["M","M","M","M","?","E","?","E","T","E","R","?","$","M","R","B",null,"M","?","M","?","M","$","R","M","T","M","R","M","E","M","R","B",null,"M","$","?","T","?","R","M","E","T","M","M","R","E","M","R","B",null,"R","$","E","B"],"character_chosen":"WATCHER","items_purchased":["FearNoEvil","EntropicBrew","MentalFortress","GamblersBrew","FlurryOfBlows","Strength Potion","Strength Potion"],"campfire_rested":3,"item_purchase_floors":[13,13,23,36,36,53,53],"current_hp_per_floor":[63,61,61,57,57,45,38,34,34,34,43,18,18,18,48,45,65,65,65,50,50,46,46,58,52,52,48,63,63,57,57,72,66,81,66,66,66,66,56,74,71,29,29,13,9,52,38,28,71,18,69,86,86,55,0,0],"gold":71,"neow_bonus":"THREE_CARDS","is_daily":false,"chose_seed":false,"campfire_upgraded":5,"win_rate":0.0,"timestamp":1610856967,"path_taken":["M","M","M","M","?","E","?","E","T","E","R","?","$","M","R","BOSS","M","?","M","?","M","?","R","M","T","M","R","M","E","M","R","BOSS","M","$","?","?","?","R","M","E","T","?","M","R","E","M","R","BOSS","R","$","E","BOSS"],"items_purchased_type":["Card","Potion","Card","Potion","Card","Potion","Potion"],"build_version":"2020-12-22","purchased_purges":2,"victory":false,"max_hp_per_floor":[72,72,72,72,72,72,72,72,72,72,72,72,72,72,72,72,72,72,72,72,72,72,72,72,72,72,72,72,72,86,86,86,86,86,86,86,86,86,86,86,86,86,86,86,86,86,86,86,86,86,86,86,86,86,86,86],"relic_stats":{"Happy Flower":[1],"counters":[28,136],"Bronze Scales":[276],"Eternal Feather":131,"Pen Nib":[32],"Letter Opener":[36],"Whetstone":["JustLucky","CutThroughFate"],"War Paint":["Vigilance","ForeignInfluence"],"MawBank":60,"Cursed Key":3,"obtain_stats":[{"Happy Flower":54,"Damaru":47,"Eternal Feather":9,"Mango":30,"Pen Nib":12,"Letter Opener":21,"Whetstone":42,"War Paint":6,"MawBank":8,"Cursed Key":17,"Bronze Scales":10,"Molten Egg 2":38,"PureWater":0,"InkBottle":26,"Runic Pyramid":34},{"Happy Flower":27,"Damaru":24,"Eternal Feather":6,"Mango":16,"Pen Nib":7,"Letter Opener":11,"Whetstone":21,"War Paint":5,"MawBank":6,"Cursed Key":9,"Bronze Scales":7,"Molten Egg 2":19,"PureWater":0,"InkBottle":13,"Runic Pyramid":18},{"Happy Flower":133,"Damaru":109,"Eternal Feather":24,"Mango":62,"Pen Nib":28,"Letter Opener":42,"Whetstone":92,"War Paint":20,"MawBank":24,"Cursed Key":36,"Bronze Scales":28,"Molten Egg 2":80,"PureWater":0,"InkBottle":49,"Runic Pyramid":75}],"InkBottle":[42]},"card_choices":[{"not_picked":["ClearTheMind","Protect"],"picked":"FlyingSleeves","floor":0.0},{"not_picked":["Halt","EmptyBody"],"picked":"EmptyFist","floor":1.0},{"not_picked":["Pray","JustLucky"],"picked":"ForeignInfluence","floor":2.0},{"not_picked":["CutThroughFate","ThirdEye"],"picked":"Wallop","floor":3.0},{"not_picked":["CrushJoints","FlyingSleeves"],"picked":"Conclude","floor":4.0},{"not_picked":["Halt","Perseverance"],"picked":"Wireheading","floor":6.0},{"not_picked":["ThirdEye","Crescendo"],"picked":"Tantrum","floor":8.0},{"not_picked":["CrushJoints","Conclude"],"picked":"SashWhip","floor":10.0},{"not_picked":["Weave","Scrawl"],"picked":"Protect","floor":14.0},{"not_picked":["Devotion","ConjureBlade"],"picked":"LessonLearned","floor":16.0},{"not_picked":["Crescendo","EmptyBody","PathToVictory"],"picked":"SKIP","floor":18.0},{"not_picked":["FlyingSleeves","Collect"],"picked":"Wallop","floor":20.0},{"not_picked":["SignatureMove","Fasting2"],"picked":"CutThroughFate","floor":22.0},{"not_picked":["SashWhip+1","WaveOfTheHand"],"picked":"Adaptation+1","floor":25.0},{"not_picked":["SignatureMove","WaveOfTheHand"],"picked":"JustLucky","floor":27.0},{"not_picked":["Protect","FollowUp"],"picked":"Prostrate+1","floor":29.0},{"not_picked":["ConjureBlade","Protect","FearNoEvil"],"picked":"SKIP","floor":30.0},{"not_picked":["ConjureBlade","Protect"],"picked":"FearNoEvil","floor":30.0},{"not_picked":["FollowUp","Adaptation+1","Crescendo"],"picked":"SKIP","floor":31.0},{"not_picked":["Brilliance","Wish"],"picked":"Vault","floor":33},{"not_picked":["CrushJoints","Fasting2+1"],"picked":"MentalFortress+1","floor":35},{"not_picked":["Blind","Bandage Up"],"picked":"Dark Shackles","floor":39},{"not_picked":["The Bomb","Metamorphosis"],"picked":"Dark Shackles","floor":39},{"not_picked":["EmptyFist+1","Weave+1","Halt"],"picked":"SKIP","floor":41},{"not_picked":["FollowUp+1","CarveReality+1"],"picked":"FlurryOfBlows+1","floor":42},{"not_picked":["EmptyMind","CrushJoints+1","PathToVictory+1"],"picked":"SKIP","floor":44},{"not_picked":["Weave+1","FlyingSleeves+1","Consecrate+1"],"picked":"SKIP","floor":45},{"not_picked":["CrushJoints+1","SandsOfTime+1","Devotion"],"picked":"SKIP","floor":47},{"not_picked":["DeceiveReality+1","ClearTheMind+1","CrushJoints+1"],"picked":"SKIP","floor":48},{"not_picked":["Worship","SashWhip+1"],"picked":"BattleHymn+1","floor":54}],"player_experience":454547,"relics_obtained":[{"floor":6.0,"key":"War Paint"},{"floor":8.0,"key":"MawBank"},{"floor":9.0,"key":"Eternal Feather"},{"floor":10.0,"key":"Bronze Scales"},{"floor":26.0,"key":"InkBottle"},{"floor":30.0,"key":"Mango"},{"floor":38,"key":"Molten Egg 2"},{"floor":42,"key":"Whetstone"},{"floor":47,"key":"Damaru"},{"floor":54,"key":"Happy Flower"}],"event_choices":[{"cards_removed":["Strike_P"],"damage_healed":0.0,"max_hp_gain":0.0,"max_hp_loss":0.0,"gold_gain":0.0,"event_name":"The Cleric","player_choice":"Card Removal","floor":5.0,"gold_loss":50.0,"damage_taken":0.0},{"cards_removed":["Strike_P"],"damage_healed":0.0,"max_hp_gain":0.0,"max_hp_loss":0.0,"gold_gain":0.0,"event_name":"Golden Wing","player_choice":"Card Removal","floor":7.0,"gold_loss":0.0,"damage_taken":7.0},{"damage_healed":0.0,"max_hp_gain":0.0,"max_hp_loss":0.0,"gold_gain":0.0,"event_name":"Scrap Ooze","player_choice":"Success","floor":12.0,"gold_loss":0.0,"damage_taken":25.0,"relics_obtained":["Pen Nib"]},{"damage_healed":0.0,"max_hp_gain":0.0,"max_hp_loss":0.0,"gold_gain":0.0,"event_name":"The Library","player_choice":"Read","floor":19.0,"gold_loss":0.0,"damage_taken":0.0,"cards_obtained":["WheelKick"]},{"damage_healed":0.0,"max_hp_gain":0.0,"max_hp_loss":0.0,"gold_gain":0.0,"event_name":"Addict","player_choice":"Obtained Relic","floor":21.0,"gold_loss":85.0,"damage_taken":0.0,"relics_obtained":["Letter Opener"]},{"cards_removed":["WheelKick"],"damage_healed":0,"gold_gain":0,"player_choice":"Removed Attack","damage_taken":0,"max_hp_gain":0,"max_hp_loss":0,"event_name":"Falling","floor":37,"gold_loss":0},{"damage_healed":0,"gold_gain":0,"player_choice":"Memory 3","damage_taken":10,"max_hp_gain":0,"max_hp_loss":0,"event_name":"SensoryStone","floor":39,"gold_loss":0}],"is_beta":false,"boss_relics":[{"not_picked":["SacredBark","Pandora\u0027s Box"],"picked":"Cursed Key"},{"not_picked":["Fusion Hammer","Tiny House"],"picked":"Runic Pyramid"}],"items_purged_floors":[13,36],"is_endless":false,"potions_floor_spawned":[1,4,10,14,20,25,29,30,31,42,44,47,48,54],"killed_by":"The Heart","ascension_level":7}}