{"host":"u9h06qdlnp3wgzsw","time":1610868469,"event":{"mods":["BaseMod","Downfall","Hermit","Minty Spire (QoL Compilation)","Rare Cards Sparkle","Shop Mod","StSLib","The Hierophant"],"gold_per_floor":[99,118,129,139,154,154,154,168,182,82,101,128,28,39,56,56,56],"floor_reached":16,"language":"ENG","playtime":1187,"items_purged":[],"score":133,"play_id":"5d204f17-4bce-4ce5-8a3b-ad152ebe19f6","local_time":"20210117022749","is_ascension_mode":false,"campfire_choices":[{"floor":1,"key":"RECALL"},{"floor":10,"key":"REST"},{"floor":13,"key":"REST"}],"circlet_count":0,"master_deck":["bronze:Strike","bronze:Strike","bronze:Strike","bronze:Strike","bronze:Defend","bronze:Defend","bronze:Defend","bronze:Defend","bronze:Replicate","bronze:Goto","bronze:Separator","bronze:Fortify","bronze:Separator","bronze:BuggyMess","bronze:CleanCode","bronze:BuggyMess","bronze:Constructor","bronze:Repair","bronze:Fortify","bronze:Fortify"],"relics":["bronze:BronzeCore","Anchor","downfall:BrokenWingStatue","downfall:HeartBlessingBlue","Turnip","downfall:HeartBlessingGreen"],"acts_visited":["Exordium"],"potions_floor_usage":[9,12,16],"damage_taken":[{"damage":0,"enemies":"Small Slimes","floor":2,"turns":4},{"damage":5,"enemies":"Cultist","floor":3,"turns":5},{"damage":0,"enemies":"2 Louse","floor":4,"turns":2},{"damage":7,"enemies":"Blue Slaver","floor":5,"turns":3},{"damage":3,"enemies":"Exordium Thugs","floor":8,"turns":4},{"damage":34,"enemies":"Gremlin Gang","floor":9,"turns":6},{"damage":7,"enemies":"3 Louse","floor":11,"turns":4},{"damage":41,"enemies":"3 Sentries","floor":12,"turns":9},{"damage":1,"enemies":"Exordium Wildlife","floor":14,"turns":4},{"damage":0,"enemies":"2 Fungi Beasts","floor":15,"turns":3},{"damage":59,"enemies":"SI_SHIV_ARCHETYPE","floor":16,"turns":10}],"seed_played":"-2575641566878130466","potions_obtained":[{"floor":3,"key":"Fruit Juice"},{"floor":5,"key":"Ancient Potion"},{"floor":9,"key":"SteroidPotion"}],"is_trial":false,"path_per_floor":["R","M","M","M","M","?","T","M","M","R","M","E","R","M","M","B"],"character_chosen":"THE_AUTOMATON","items_purchased":[],"campfire_rested":2,"item_purchase_floors":[],"current_hp_per_floor":[70,70,65,65,58,58,58,55,26,61,54,13,38,44,44,0,0],"gold":56,"neow_bonus":"RANDOM_COMMON_RELIC","is_daily":false,"chose_seed":false,"campfire_upgraded":0,"win_rate":0.0,"timestamp":1610868469,"path_taken":["R","M","M","M","M","?","T","M","M","R","M","E","R","M","M","BOSS"],"items_purchased_type":[],"build_version":"2020-12-22","purchased_purges":0,"victory":false,"max_hp_per_floor":[70,70,70,70,70,70,70,70,75,85,85,85,85,85,85,85,85],"card_choices":[{"not_picked":["bronze:Constructor","bronze:BitShift"],"picked":"bronze:Separator","floor":2},{"not_picked":["bronze:DelayedSlice","bronze:WildBeam"],"picked":"bronze:Fortify","floor":3},{"not_picked":["bronze:DelayedSlice","bronze:BugBarrage"],"picked":"bronze:Separator","floor":4},{"not_picked":["bronze:DelayedSlice","bronze:CutThrough"],"picked":"bronze:BuggyMess","floor":5},{"not_picked":["bronze:DigitalCarnage","bronze:Turbo"],"picked":"bronze:CleanCode","floor":8},{"not_picked":["bronze:Overload","bronze:Shield"],"picked":"bronze:BuggyMess","floor":9},{"not_picked":["bronze:NullPointer","bronze:Shield"],"picked":"bronze:Constructor","floor":11},{"not_picked":["bronze:Iterate","bronze:Break"],"picked":"bronze:Repair","floor":12},{"not_picked":["bronze:Allocate","bronze:BitShift"],"picked":"bronze:Fortify","floor":14},{"not_picked":["bronze:Allocate","bronze:Invalidate"],"picked":"bronze:Fortify","floor":15}],"player_experience":781971,"relics_obtained":[{"floor":12,"key":"Turnip"}],"event_choices":[],"is_beta":false,"boss_relics":[],"items_purged_floors":[],"is_endless":false,"potions_floor_spawned":[3,5,9],"killed_by":"SI_SHIV_ARCHETYPE","ascension_level":0}}