{"host":"d66n7ln59ex8canu","time":1610907458,"event":{"mods":["AchievementEnabler","BaseMod","Colored Map","Minty Spire (QoL Compilation)","Quick Restart","StSLib"],"gold_per_floor":[211,211,221,138,153,179,179,179,179,189,189,202,202,202,202,202,202],"floor_reached":16,"language":"ENG","playtime":383,"items_purged":[],"score":135,"play_id":"cadf083f-2eed-4802-84a9-d47c6717609d","local_time":"20210117131738","is_ascension_mode":true,"campfire_choices":[{"data":"Loop","floor":7,"key":"SMITH"},{"data":"Chill","floor":11,"key":"SMITH"},{"data":"Chill","floor":15,"key":"SMITH"}],"circlet_count":0,"master_deck":["Strike_B","Strike_B","Strike_B","Strike_B","Defend_B","Defend_B","Defend_B","Defend_B","Zap+1","Dualcast","Melter","Blizzard+1","Ball Lightning","Loop+1","Chill+1","Conserve Battery","Blizzard","Chill+1"],"relics":["Cracked Core","Cables","Meat on the Bone","Golden Idol"],"acts_visited":["Exordium"],"potions_floor_usage":[],"damage_taken":[{"damage":7,"enemies":"Jaw Worm","floor":1,"turns":3},{"damage":1,"enemies":"Cultist","floor":3,"turns":3},{"damage":15,"enemies":"Small Slimes","floor":5,"turns":3},{"damage":20,"enemies":"Gremlin Nob","floor":6,"turns":4},{"damage":16,"enemies":"2 Fungi Beasts","floor":10,"turns":3},{"damage":0,"enemies":"Exordium Wildlife","floor":12,"turns":2},{"damage":35,"enemies":"Slime Boss","floor":16,"turns":8}],"seed_played":"-2772479508044780845","potions_obtained":[{"floor":6,"key":"Energy Potion"},{"floor":10,"key":"Dexterity Potion"}],"is_trial":false,"path_per_floor":["M","?","M","$","M","E","R","?","T","M","R","M","?","$","R","B"],"character_chosen":"DEFECT","items_purchased":["Ball Lightning","Loop"],"campfire_rested":0,"item_purchase_floors":[4,4],"current_hp_per_floor":[61,61,60,60,45,25,25,25,25,21,21,33,33,33,33,0,0],"gold":202,"neow_bonus":"HUNDRED_GOLD","is_daily":false,"chose_seed":false,"campfire_upgraded":3,"win_rate":0.0,"timestamp":1610907458,"path_taken":["M","?","?","$","M","E","R","?","T","M","R","M","?","?","R","BOSS"],"items_purchased_type":["Card","Card"],"build_version":"2020-12-22","purchased_purges":0,"victory":false,"max_hp_per_floor":[75,75,75,75,75,75,75,75,75,75,75,75,69,69,69,69,69],"card_choices":[{"not_picked":["Stack","Leap"],"picked":"Melter","floor":1},{"not_picked":["Streamline","Compile Driver"],"picked":"Blizzard","floor":3},{"not_picked":["Storm","White Noise"],"picked":"Chill","floor":5},{"not_picked":["Compile Driver","Hyperbeam"],"picked":"Conserve Battery","floor":6},{"not_picked":["Hologram","Leap"],"picked":"Blizzard","floor":10},{"not_picked":["Loop","Steam Power"],"picked":"Chill","floor":12}],"player_experience":324449,"relics_obtained":[{"floor":6,"key":"Cables"},{"floor":9,"key":"Meat on the Bone"}],"event_choices":[{"damage_healed":0,"gold_gain":0,"player_choice":"Upgraded","damage_taken":0,"max_hp_gain":0,"max_hp_loss":0,"event_name":"Upgrade Shrine","floor":2,"gold_loss":0,"cards_upgraded":["Zap"]},{"damage_healed":0,"gold_gain":0,"player_choice":"Grow","damage_taken":0,"max_hp_gain":0,"max_hp_loss":0,"event_name":"Living Wall","floor":8,"gold_loss":0,"cards_upgraded":["Blizzard"]},{"damage_healed":0,"gold_gain":0,"player_choice":"Lose Max HP","damage_taken":0,"relics_obtained":["Golden Idol"],"max_hp_gain":0,"max_hp_loss":6,"event_name":"Golden Idol","floor":13,"gold_loss":0}],"is_beta":false,"boss_relics":[],"items_purged_floors":[],"is_endless":false,"potions_floor_spawned":[6,10],"killed_by":"Slime Boss","ascension_level":7}}