{"host":"kw4o7b3ro2ktmmbe","time":1610888091,"event":{"mods":["BaseMod","Evolution","Minty Spire (QoL Compilation)","StSLib"],"gold_per_floor":[116,127,147,147,160,160,160,160,160,170,170,189,209,209,209,283,283,294,312,312,141,157,157,186,25,25,25,45,45,55,55,55,126,126,126,126],"floor_reached":35,"language":"ENG","playtime":2071,"items_purged":[],"score":683,"play_id":"cbb3e167-ee1a-44c9-be6b-ef8df967a085","local_time":"20210118015451","is_ascension_mode":true,"campfire_choices":[{"data":"SandsOfTime","floor":6.0,"key":"SMITH"},{"data":"PathToVictory","floor":11.0,"key":"SMITH"},{"data":"PathToVictory","floor":15.0,"key":"SMITH"},{"floor":23.0,"key":"REST"},{"floor":27.0,"key":"REST"},{"data":"PathToVictory","floor":32.0,"key":"SMITH"}],"circlet_count":0,"master_deck":["AscendersBane","Strike_P+1","Strike_P+1","Strike_P+1","Strike_P+1","Defend_P+1","Defend_P+1","Defend_P+1","Defend_P+1","Eruption","Vigilance","Wireheading","PathToVictory+1","SandsOfTime+1","PathToVictory+1","Ragnarok","Adaptation","CutThroughFate+1","Perseverance","PathToVictory+1","MasterReality"],"relics":["PureWater","EVO:Axolotl","Pantograph","Mercury Hourglass","Pen Nib","Sozu","OrangePellets","Kunai","Regal Pillow","HornCleat","Philosopher\u0027s Stone"],"acts_visited":["Exordium","TheCity","TheBeyond"],"potions_floor_usage":[],"damage_taken":[{"damage":0.0,"enemies":"Small Slimes","floor":1.0,"turns":3.0},{"damage":0.0,"enemies":"Jaw Worm","floor":2.0,"turns":2.0},{"damage":4.0,"enemies":"Cultist","floor":3.0,"turns":4.0},{"damage":7.0,"enemies":"Large Slime","floor":5.0,"turns":5.0},{"damage":6.0,"enemies":"Exordium Wildlife","floor":10.0,"turns":3.0},{"damage":3.0,"enemies":"Blue Slaver","floor":12.0,"turns":3.0},{"damage":10.0,"enemies":"3 Louse","floor":13.0,"turns":3.0},{"damage":24.0,"enemies":"The Guardian","floor":16.0,"turns":7.0},{"damage":21.0,"enemies":"2 Thieves","floor":18.0,"turns":3.0},{"damage":0.0,"enemies":"Chosen","floor":19.0,"turns":3.0},{"damage":29.0,"enemies":"Shelled Parasite and Fungi","floor":22.0,"turns":4.0},{"damage":31.0,"enemies":"Slavers","floor":24.0,"turns":4.0},{"damage":4.0,"enemies":"Snecko","floor":28.0,"turns":3.0},{"damage":13.0,"enemies":"Snake Plant","floor":30.0,"turns":3.0},{"damage":31,"enemies":"Collector","floor":33,"turns":5},{"damage":69,"enemies":"3 Darklings","floor":35,"turns":3}],"seed_played":"4771619149910731893","potions_obtained":[{"floor":1.0,"key":"Weak Potion"},{"floor":2.0,"key":"EssenceOfSteel"},{"floor":3.0,"key":"LiquidMemories"},{"floor":16.0,"key":"Fire Potion"}],"is_trial":false,"path_per_floor":["M","M","M","?","M","R","?","?","T","M","R","M","M","?","R","B",null,"M","M","?","$","M","R","E","$","T","R","M","$","M","?","R","B",null,"M"],"character_chosen":"WATCHER","items_purchased":["OrangePellets","Regal Pillow"],"campfire_rested":2,"item_purchase_floors":[21,25],"current_hp_per_floor":[67,67,63,63,56,56,56,51,51,45,45,42,32,32,32,33,64,43,43,43,43,14,36,5,5,5,42,38,38,25,25,25,19,60,0,0],"gold":126,"neow_bonus":"TEN_PERCENT_HP_BONUS","is_daily":false,"chose_seed":false,"campfire_upgraded":4,"win_rate":0.0,"timestamp":1610888091,"path_taken":["M","M","M","?","M","R","?","?","T","?","R","M","M","?","R","BOSS","M","?","?","$","M","R","E","$","T","R","M","?","M","?","R","BOSS","M"],"items_purchased_type":["Relic","Relic"],"build_version":"2020-12-22","purchased_purges":0,"victory":false,"max_hp_per_floor":[74,74,74,74,74,74,74,74,74,74,74,74,74,74,74,74,74,74,74,74,74,74,74,74,74,74,74,74,74,74,74,74,74,74,74,74],"card_choices":[{"not_picked":["InnerPeace","EmptyFist"],"picked":"Wireheading","floor":1.0},{"not_picked":["WaveOfTheHand","Swivel"],"picked":"FollowUp","floor":2.0},{"not_picked":["WaveOfTheHand","CutThroughFate"],"picked":"PathToVictory","floor":3.0},{"not_picked":["Tantrum","Crescendo"],"picked":"SandsOfTime","floor":5.0},{"not_picked":["EmptyMind","ClearTheMind"],"picked":"PathToVictory","floor":10.0},{"not_picked":["Collect","EmptyBody","Worship"],"picked":"SKIP","floor":12.0},{"not_picked":["Judgement","Protect","Conclude"],"picked":"SKIP","floor":13.0},{"not_picked":["SpiritShield","Scrawl"],"picked":"Ragnarok","floor":16.0},{"not_picked":["WheelKick","CarveReality"],"picked":"Adaptation","floor":18.0},{"not_picked":["Consecrate","ThirdEye"],"picked":"CutThroughFate+1","floor":19.0},{"not_picked":["EmptyBody","Study","WreathOfFlame"],"picked":"SKIP","floor":22.0},{"not_picked":["Pray","Swivel"],"picked":"Perseverance","floor":24.0},{"not_picked":["Protect","Crescendo+1","DeceiveReality"],"picked":"SKIP","floor":28.0},{"not_picked":["FlyingSleeves","EmptyFist","FlurryOfBlows+1"],"picked":"SKIP","floor":30.0},{"not_picked":["Blasphemy","ConjureBlade"],"picked":"MasterReality","floor":33}],"player_experience":1805784,"relics_obtained":[{"floor":9.0,"key":"Mercury Hourglass"},{"floor":24.0,"key":"Kunai"},{"floor":26.0,"key":"HornCleat"}],"event_choices":[{"damage_healed":0.0,"max_hp_gain":0.0,"max_hp_loss":0.0,"gold_gain":0.0,"event_name":"The Cleric","player_choice":"Leave","floor":4.0,"gold_loss":0.0,"damage_taken":0.0},{"damage_healed":0.0,"max_hp_gain":0.0,"max_hp_loss":0.0,"gold_gain":0.0,"event_name":"Liars Game","player_choice":"Ignored","floor":7.0,"gold_loss":0.0,"damage_taken":0.0},{"damage_healed":0.0,"max_hp_gain":0.0,"max_hp_loss":0.0,"gold_gain":0.0,"event_name":"Scrap Ooze","player_choice":"Success","floor":8.0,"gold_loss":0.0,"damage_taken":5.0,"relics_obtained":["Pantograph"]},{"cards_removed":["FollowUp"],"damage_healed":0.0,"max_hp_gain":0.0,"max_hp_loss":0.0,"gold_gain":0.0,"event_name":"WeMeetAgain","player_choice":"Gave Card","floor":14.0,"gold_loss":0.0,"damage_taken":0.0,"relics_obtained":["Pen Nib"]},{"damage_healed":0.0,"max_hp_gain":0.0,"max_hp_loss":0.0,"gold_gain":0.0,"event_name":"Back to Basics","player_choice":"Simplicity","floor":20.0,"gold_loss":0.0,"damage_taken":0.0,"cards_upgraded":["Strike_P","Strike_P","Strike_P","Strike_P","Defend_P","Defend_P","Defend_P","Defend_P"]},{"damage_healed":0.0,"max_hp_gain":0.0,"max_hp_loss":0.0,"gold_gain":0.0,"event_name":"The Library","player_choice":"Read","floor":31.0,"gold_loss":0.0,"damage_taken":0.0,"cards_obtained":["PathToVictory"]}],"is_beta":false,"boss_relics":[{"not_picked":["Astrolabe","Calling Bell"],"picked":"Sozu"},{"not_picked":["Empty Cage","Black Star"],"picked":"Philosopher\u0027s Stone"}],"items_purged_floors":[],"is_endless":false,"potions_floor_spawned":[1,2,3,16,19,24,28,33],"killed_by":"3 Darklings","ascension_level":17}}