{"host":"qljev0q3rb9h3k1a","time":1610914243,"event":{"mods":["AchievementEnabler","Ascension Unlocker","BaseMod","Colored Map","Minty Spire (QoL Compilation)","Permanent Neow","Quick Restart","Relic Filter","StSLib","SuperFastMode"],"gold_per_floor":[110,110,110,124,124,138,138,148,148,159,176,176,195,195,195,290,290,310,670,683,515,529,529,276,276,301,301,311,311,328,343,343,343,343],"floor_reached":33,"language":"ENG","playtime":993,"items_purged":["Strike_G+1"],"score":266,"play_id":"8b45bb2a-d648-497e-aa79-1aafb5506b7e","local_time":"20210117151043","is_ascension_mode":false,"campfire_choices":[{"data":"Catalyst","floor":7,"key":"SMITH"},{"data":"Catalyst","floor":12,"key":"SMITH"},{"data":"Neutralize","floor":15,"key":"SMITH"},{"data":"Madness","floor":23,"key":"SMITH"},{"data":"Night Terror","floor":25,"key":"SMITH"},{"data":"Poisoned Stab","floor":27,"key":"SMITH"},{"data":"Poisoned Stab","floor":29,"key":"SMITH"},{"data":"Poisoned Stab","floor":32,"key":"SMITH"}],"circlet_count":0,"master_deck":["Defend_G","Defend_G","Defend_G+1","Defend_G","Defend_G","Survivor","Neutralize+1","Catalyst+1","Corpse Explosion","Poisoned Stab+1","Catalyst+1","Poisoned Stab+1","Poisoned Stab+1","Night Terror+1","Madness+1","Backflip+1","Tactician+1"],"relics":["Ring of the Snake","HornCleat","SlaversCollar","Bottled Lightning","Tiny Chest"],"acts_visited":["Exordium","TheCity"],"potions_floor_usage":[11,30,33,33],"damage_taken":[{"damage":1,"enemies":"Cultist","floor":1,"turns":4},{"damage":0,"enemies":"Jaw Worm","floor":4,"turns":3},{"damage":0,"enemies":"2 Louse","floor":6,"turns":1},{"damage":7,"enemies":"Exordium Wildlife","floor":8,"turns":3},{"damage":0,"enemies":"Lots of Slimes","floor":10,"turns":1},{"damage":0,"enemies":"Gremlin Gang","floor":11,"turns":1},{"damage":2,"enemies":"Looter","floor":13,"turns":2},{"damage":10,"enemies":"Hexaghost","floor":16,"turns":5},{"damage":5,"enemies":"3 Byrds","floor":18,"turns":2},{"damage":5,"enemies":"Shell Parasite","floor":20,"turns":5},{"damage":0,"enemies":"Snecko","floor":22,"turns":3},{"damage":12,"enemies":"Centurion and Healer","floor":28,"turns":5},{"damage":2,"enemies":"Chosen and Byrds","floor":30,"turns":2},{"damage":6,"enemies":"Snake Plant","floor":31,"turns":3},{"damage":0,"enemies":"Collector","floor":33,"turns":3}],"seed_played":"-46176392035933720","potions_obtained":[{"floor":1,"key":"SmokeBomb"},{"floor":10,"key":"SkillPotion"},{"floor":16,"key":"SpeedPotion"},{"floor":18,"key":"Poison Potion"},{"floor":20,"key":"Weak Potion"},{"floor":31,"key":"GhostInAJar"}],"is_trial":false,"path_per_floor":["M","?","?","M","?","M","R","M","T","M","M","R","M","$","R","B",null,"M","?","M","$","M","R","$","R","T","R","M","R","M","M","R","B"],"character_chosen":"THE_SILENT","items_purchased":["Madness","Bottled Lightning"],"campfire_rested":0,"item_purchase_floors":[21,24],"current_hp_per_floor":[48,48,34,34,27,27,27,20,20,20,20,20,18,18,18,8,70,65,29,24,24,24,24,24,24,24,24,12,12,10,4,4,4,4],"gold":343,"neow_bonus":"TRANSFORM_TWO_CARDS","is_daily":false,"chose_seed":false,"campfire_upgraded":8,"win_rate":0.0,"timestamp":1610914243,"path_taken":["M","?","?","M","?","M","R","M","T","M","M","R","M","$","R","BOSS","M","?","?","$","M","R","$","R","T","R","M","R","?","M","R","BOSS"],"items_purchased_type":["Card","Relic"],"build_version":"2020-12-22","purchased_purges":1,"victory":false,"max_hp_per_floor":[70,70,70,70,70,70,70,70,70,70,70,70,70,70,70,70,70,70,70,70,70,70,70,70,70,70,70,70,70,70,70,70,70,70],"card_choices":[{"not_picked":["Accuracy","Flying Knee","Flechettes"],"picked":"SKIP","floor":1},{"not_picked":["Deflect","Prepared","Outmaneuver"],"picked":"SKIP","floor":4},{"not_picked":["Dodge and Roll","Sucker Punch"],"picked":"Poisoned Stab","floor":6},{"not_picked":["Prepared","Dash"],"picked":"Catalyst","floor":8},{"not_picked":["Dodge and Roll","Terror"],"picked":"Poisoned Stab","floor":10},{"not_picked":["Sucker Punch","Terror"],"picked":"Poisoned Stab","floor":11},{"not_picked":["Infinite Blades","Night Terror","Dagger Throw"],"picked":"SKIP","floor":13},{"not_picked":["Die Die Die","Doppelganger"],"picked":"Night Terror","floor":16},{"not_picked":["Bane","Dagger Throw","Slice"],"picked":"SKIP","floor":18},{"not_picked":["Infinite Blades","Dagger Spray","Backflip"],"picked":"SKIP","floor":20},{"not_picked":["Cloak And Dagger","Sucker Punch","Finisher"],"picked":"SKIP","floor":22},{"not_picked":["Noxious Fumes","PiercingWail"],"picked":"Backflip+1","floor":28},{"not_picked":["Flying Knee","Dodge and Roll+1","Dagger Spray"],"picked":"SKIP","floor":30},{"not_picked":["Sucker Punch","Backstab"],"picked":"Tactician+1","floor":31}],"player_experience":23589,"relics_obtained":[{"floor":9,"key":"HornCleat"},{"floor":26,"key":"Tiny Chest"}],"event_choices":[{"cards_removed":["Strike_G"],"damage_healed":0,"gold_gain":0,"player_choice":"Forget","damage_taken":0,"max_hp_gain":0,"max_hp_loss":0,"event_name":"Living Wall","floor":2,"gold_loss":0},{"damage_healed":0,"gold_gain":0,"player_choice":"Entered Light","damage_taken":14,"max_hp_gain":0,"max_hp_loss":0,"event_name":"Shining Light","floor":3,"gold_loss":0,"cards_upgraded":["Defend_G","Strike_G"]},{"cards_removed":["Strike_G"],"damage_healed":0,"gold_gain":0,"player_choice":"Card Removal","damage_taken":7,"max_hp_gain":0,"max_hp_loss":0,"event_name":"Golden Wing","floor":5,"gold_loss":0},{"damage_healed":0,"gold_gain":360,"player_choice":"GOLD GOLD GOLD GOLD ","damage_taken":36,"max_hp_gain":0,"max_hp_loss":0,"event_name":"Knowing Skull","floor":19,"potions_obtained":[],"gold_loss":0,"cards_obtained":[]}],"is_beta":false,"boss_relics":[{"not_picked":["Sozu","Philosopher\u0027s Stone"],"picked":"SlaversCollar"}],"items_purged_floors":[21],"is_endless":false,"potions_floor_spawned":[1,10,16,18,20,31],"killed_by":"Collector","ascension_level":0}}