{"host":"u7y9frlpoazak2mn","time":1610852129,"event":{"mods":["2.2 Compatiblity","A Magickal Journey","Alarm Clock","Aspiration","Astrologer","Bard","BaseMod","Beaked The Cultist","Better Altar","Better Match","Better Note","Better Sensory Stone","Better Skull","Better Third Choice","Better-Laid Plans","BetterRewards","Chen","Colored Powertips","Conspire","Curses Come First","Dark Map","Displayed Cursed Tome","Downfall","Energized Spire","Fox Events","Friendly Minions","GifTheSpireLib","Glutton Mod","Halation","Hermit","Hubris","Infinite Spire","Jedi Mod","KinomotoSakuraMod(????)","Mad Scientist","Marisa????????","Mimic Mod","Minty Spire (QoL Compilation)","Prisma Mod","Random Character Button","Rare Cards Sparkle","Relic Stats","Retaliation","Robot Space Explorer","Shade Mod","Somnambulant","Spikes Relics","StS++","StSLib","Stuff the Spire","Td1madao Mod","The Administrix","The Blackbeard","The Blue Laboratory","The Construct","The Cursed","The Disciple","The Druid","The Forsaken","The Hierophant","The Judge","The Juggle","The Marked","The Mystic","The Necromancer","The Runesmith","The Servant 0.9.4","The Valiant","The Witch","TheSwordswoman","TheVacant","Transform Curses","Uncapped","Waifu the Spire","Wandering Minibosses","WarShipGirlsR/????R mod","Yohane!","vexMod"],"gold_per_floor":[119,119,134,134,83,109,109,109,109],"floor_reached":8,"language":"ENG","playtime":319,"items_purged":[],"score":79,"play_id":"2d955748-52a2-44b0-8d5e-a9154fd719cb","local_time":"20210116215529","is_ascension_mode":false,"campfire_choices":[{"floor":7,"key":"REST"}],"circlet_count":0,"master_deck":["PrismaMod:IllyaCommonAttack","PrismaMod:IllyaCommonDefend","PrismaMod:IllyaCommonAttack","PrismaMod:IllyaCommonDefend","PrismaMod:IllyaCommonAttack","PrismaMod:IllyaCommonDefend","PrismaMod:IllyaCommonAttack","PrismaMod:IllyaCommonDefend","PrismaMod:IllyaCommonAttack","PrismaMod:IllyaCommonDefend","PrismaMod:IllyaUncommonAttack","PrismaMod:IllyaUncommonDefend","PrismaMod:IllyaGrail+1","PrismaMod:IllyaFeed","PrismaMod:IllyaBoysLove","PrismaMod:IllyaTestament"],"relics":["PrismaMod:PrismaRuby","NeowsBlessing","aspiration:Lifesprig","halation:BottledLove","hubris:TenFootPole"],"acts_visited":["Exordium"],"potions_floor_usage":[],"damage_taken":[{"damage":0,"enemies":"Jaw Worm","floor":1,"turns":1},{"damage":0,"enemies":"Small Slimes","floor":3,"turns":1},{"damage":0,"enemies":"3 Sentries","floor":6,"turns":1},{"damage":6,"enemies":"Lagavulin","floor":8,"turns":2}],"seed_played":"-6932912919907583118","potions_obtained":[{"floor":1,"key":"SteroidPotion"},{"floor":3,"key":"conspire:TimeTravelPotion"}],"is_trial":false,"path_per_floor":["M","?","M","?","$","E","R","E"],"character_chosen":"ILLYA","items_purchased":["PrismaMod:IllyaBoysLove"],"campfire_rested":1,"item_purchase_floors":[5],"current_hp_per_floor":[75,53,53,53,53,53,75,69,69],"gold":109,"neow_bonus":"THREE_ENEMY_KILL","is_daily":false,"chose_seed":false,"campfire_upgraded":0,"win_rate":0.0,"timestamp":1610852129,"path_taken":["M","?","M","?","$","E","R","E"],"items_purchased_type":["Card"],"build_version":"2020-12-22","purchased_purges":0,"victory":false,"max_hp_per_floor":[75,75,75,75,75,75,75,75,75],"relic_stats":{"counters":[4,5],"obtain_stats":[{"PrismaMod:PrismaRuby":0,"aspiration:Lifesprig":2,"NeowsBlessing":0,"halation:BottledLove":2,"hubris:TenFootPole":6},{"PrismaMod:PrismaRuby":0,"aspiration:Lifesprig":1,"NeowsBlessing":0,"halation:BottledLove":1,"hubris:TenFootPole":3},{"PrismaMod:PrismaRuby":0,"aspiration:Lifesprig":1,"NeowsBlessing":0,"halation:BottledLove":1,"hubris:TenFootPole":3}]},"card_choices":[{"not_picked":["PrismaMod:IllyaFriendMaker","PrismaMod:IllyaRussianRoulette"],"picked":"PrismaMod:IllyaGrail","floor":1},{"not_picked":["PrismaMod:IllyaSaphire","PrismaMod:IllyaRussianRoulette"],"picked":"PrismaMod:IllyaFeed","floor":3},{"not_picked":["PrismaMod:IllyaCarnivalAttack","PrismaMod:IllyaRussianRoulette"],"picked":"PrismaMod:IllyaTestament","floor":6}],"player_experience":359422,"relics_obtained":[{"floor":6,"key":"hubris:TenFootPole"}],"event_choices":[{"damage_healed":0,"gold_gain":1,"player_choice":"Relic Relic ","damage_taken":22,"max_hp_gain":0,"max_hp_loss":0,"event_name":"betterThird:BetterScrap","floor":2,"gold_loss":0,"cards_obtained":["Devotion"]},{"damage_healed":0,"gold_gain":0,"player_choice":"Upgraded","damage_taken":0,"max_hp_gain":0,"max_hp_loss":0,"event_name":"Upgrade Shrine","floor":4,"gold_loss":0,"cards_upgraded":["PrismaMod:IllyaGrail"]}],"is_beta":false,"boss_relics":[],"items_purged_floors":[],"is_endless":false,"potions_floor_spawned":[1,3],"killed_by":"Lagavulin","ascension_level":0}}