{"host":"mgc7o2tpy0ck407l","time":1610922091,"event":{"mods":["Alarm Clock","AlwaysNeverKeys","BaseMod","Better Altar","Better Match","Better Note","Better Sensory Stone","Better Skull","Better Third Choice","Better Vampires","Block Reminder","Booster Modes","Challenge The Spire","Colored Map","Colored Powertips","Disable Question Mark Monsters","Displayed Cursed Tome","Emptier Cage","Energized Spire","Evolution","Infinite Spire","Minty Spire (QoL Compilation)","Permanent Neow","Quick Restart","Rare Cards Sparkle","Reorder Act Four","Spicy Shops","StSLib","SuperFastMode","Transform Curses","Unceasing Turn Reminder"],"gold_per_floor":[111,80,80,96,271,304,304,304,304,304,320,2,31,31,31,127,127,142,160,160,160,174,174,200,219,219,219,252,66,83,96,96,191,191,209,259,259,102,102,133,133,41,116,134,134,51,51,67,67,67,67,21,21,48,48,48],"floor_reached":55,"language":"ENG","playtime":1930,"items_purged":["Doubt"],"score":852,"play_id":"6ac4e514-c150-481e-bb72-a3585a7fe05c","local_time":"20210117172131","is_ascension_mode":true,"campfire_choices":[{"data":"Survivor","floor":7.0,"key":"SMITH"},{"data":"infinitespire:TheBestDefense","floor":10.0,"key":"SMITH"},{"data":"Dagger Spray","floor":15.0,"key":"SMITH"},{"floor":23.0,"key":"REST"},{"data":"Adrenaline","floor":27.0,"key":"SMITH"},{"data":"Flash of Steel","floor":32.0,"key":"SMITH"},{"data":"Masterful Stab+1","floor":41.0,"key":"PURGE"},{"data":"Deep Breath","floor":45.0,"key":"SMITH"},{"data":"Deep Breath","floor":47.0,"key":"SMITH"},{"data":"Dagger Spray","floor":49.0,"key":"SMITH"},{"data":"Deflect","floor":53.0,"key":"SMITH"}],"circlet_count":0,"master_deck":["Dagger Spray+1","Dagger Spray","Dagger Spray","Dagger Spray+1","Dodge and Roll","Dodge and Roll","Dodge and Roll","Dodge and Roll","Apotheosis+1","infinitespire:TheBestDefense+1","Footwork+1","Adrenaline+1","Deflect+1","Flash of Steel+1","Blade Dance+1","Cloak And Dagger+1","Blade Dance+1","Outmaneuver+1","Deflect+1","Deep Breath+1","Deep Breath+1","Deflect","Adrenaline"],"relics":["Ring of the Snake","EVO:Axolotl","betterThird:SlimedRelic","Regal Pillow","Letter Opener","Bottled Tornado","Anchor","Black Star","Bloody Idol","Blood Vial","Omamori","Bird Faced Urn","Blue Candle","Happy Flower","infinitespire:Satchel","Astrolabe","Peace Pipe","Sling","Art of War","Dream Catcher","Bottled Flame","infinitespire:Magic Flask","Incense Burner"],"acts_visited":["Exordium","TheCity","TheBeyond","TheEnding"],"potions_floor_usage":[54,55,55],"damage_taken":[{"damage":2.0,"enemies":"2 Louse","floor":1.0,"turns":2.0},{"damage":0.0,"enemies":"Jaw Worm","floor":4.0,"turns":4.0},{"damage":3.0,"enemies":"Lagavulin","floor":6.0,"turns":8.0},{"damage":0.0,"enemies":"Cultist","floor":11.0,"turns":2.0},{"damage":1.0,"enemies":"Gremlin Nob","floor":13.0,"turns":4.0},{"damage":4.0,"enemies":"The Guardian","floor":16.0,"turns":7.0},{"damage":0.0,"enemies":"3 Byrds","floor":18.0,"turns":2.0},{"damage":0.0,"enemies":"Spheric Guardian","floor":19.0,"turns":1.0},{"damage":0.0,"enemies":"3 Cultists","floor":22.0,"turns":1.0},{"damage":11.0,"enemies":"Slavers","floor":24.0,"turns":5.0},{"damage":0.0,"enemies":"Sentry and Sphere","floor":25.0,"turns":3.0},{"damage":0.0,"enemies":"Gremlin Leader","floor":28.0,"turns":4.0},{"damage":0.0,"enemies":"Chosen and Byrds","floor":30.0,"turns":2.0},{"damage":0.0,"enemies":"Centurion and Healer","floor":31.0,"turns":1.0},{"damage":1.0,"enemies":"Champ","floor":33.0,"turns":4.0},{"damage":0.0,"enemies":"Orb Walker","floor":35.0,"turns":2.0},{"damage":0.0,"enemies":"Mind Bloom Boss Battle","floor":36.0,"turns":2.0},{"damage":0.0,"enemies":"Reptomancer","floor":40.0,"turns":1.0},{"damage":3.0,"enemies":"3 Shapes","floor":44.0,"turns":2.0},{"damage":0.0,"enemies":"3 Darklings","floor":48.0,"turns":2.0},{"damage":59.0,"enemies":"Time Eater","floor":50.0,"turns":12.0},{"damage":23,"enemies":"Shield and Spear","floor":54,"turns":3},{"damage":62,"enemies":"The Heart","floor":55,"turns":5}],"seed_played":"4310096949485135201","potions_obtained":[{"floor":4.0,"key":"Regen Potion"},{"floor":11.0,"key":"SteroidPotion"},{"floor":18.0,"key":"SteroidPotion"},{"floor":36.0,"key":"Fruit Juice"},{"floor":54,"key":"FearPotion"}],"is_trial":false,"path_per_floor":["M","?","?","M","?","E","R","?","T","R","M","$","E","?","R","B",null,"M","M","?","?","M","R","E","M","T","R","E","$","M","M","R","B",null,"M","?","?","$","?","E","R","$","T","M","R","$","R","M","R","B",null,"$","R","E","B"],"character_chosen":"THE_SILENT","items_purchased":["Bottled Tornado","Flash of Steel","Sling","Deep Breath","Deep Breath","Deflect"],"campfire_rested":1,"item_purchase_floors":[12,29,38,42,46,52],"current_hp_per_floor":[68,57,57,57,57,54,54,37,37,37,37,37,36,36,36,32,70,70,70,70,17,24,60,56,65,65,65,70,70,70,70,70,70,70,70,70,70,70,66,66,66,66,66,66,66,66,66,66,66,7,66,66,66,53,9,9],"gold":48,"neow_bonus":"UPGRADE_CARD","is_daily":false,"chose_seed":false,"campfire_upgraded":9,"win_rate":0.0,"timestamp":1610922091,"path_taken":["M","?","?","?","?","E","R","?","T","R","M","$","E","?","R","BOSS","M","M","?","?","M","R","E","M","T","R","E","$","M","M","R","BOSS","M","?","?","$","?","E","R","$","T","M","R","?","R","?","R","BOSS","$","R","E","BOSS"],"items_purchased_type":["Relic","Card","Relic","Card","Card","Card"],"build_version":"2020-12-22","purchased_purges":1,"victory":false,"max_hp_per_floor":[70,70,70,70,70,70,70,70,70,70,70,70,70,70,70,70,70,70,70,70,70,70,70,70,70,70,70,70,70,70,70,70,70,70,70,70,70,70,66,66,66,66,66,66,66,66,66,66,66,66,66,66,66,71,71,71],"card_choices":[{"not_picked":["Crippling Poison","Acrobatics","Finisher"],"picked":"SKIP","floor":1.0},{"not_picked":["Slice","Deflect","Poisoned Stab"],"picked":"SKIP","floor":4.0},{"not_picked":["Storm of Steel","Poisoned Stab","Masterful Stab"],"picked":"SKIP","floor":6.0},{"not_picked":["infinitespire:Punishment","infinitespire:SealOfDarkness+"],"picked":"infinitespire:TheBestDefense","floor":8.0},{"not_picked":["Backflip","Dagger Throw"],"picked":"Footwork","floor":11.0},{"not_picked":["PiercingWail","Finisher","Expertise"],"picked":"SKIP","floor":13.0},{"not_picked":["Tools of the Trade","Corpse Explosion"],"picked":"Adrenaline","floor":16.0},{"not_picked":["Flying Knee","Underhanded Strike","Deflect"],"picked":"SKIP","floor":18.0},{"not_picked":["Deadly Poison","Bane"],"picked":"Deflect","floor":19.0},{"not_picked":["Dagger Spray","Deadly Poison","PiercingWail"],"picked":"SKIP","floor":22.0},{"not_picked":["Underhanded Strike+1","Tactician+1","Outmaneuver+1"],"picked":"SKIP","floor":24.0},{"not_picked":["Expertise","Deadly Poison","Endless Agony"],"picked":"SKIP","floor":25.0},{"not_picked":["Acrobatics","Flying Knee","Dagger Throw"],"picked":"SKIP","floor":28.0},{"not_picked":["Underhanded Strike","Well Laid Plans"],"picked":"Blade Dance+1","floor":30.0},{"not_picked":["Masterful Stab","Wraith Form v2"],"picked":"Cloak And Dagger+1","floor":31.0},{"not_picked":["Predator","Quick Slash+1","Caltrops"],"picked":"SKIP","floor":35.0},{"not_picked":["Skewer","All Out Attack+1"],"picked":"Deflect+1","floor":36.0},{"not_picked":["Acrobatics+1","Bane+1","Cloak And Dagger"],"picked":"SKIP","floor":40.0},{"not_picked":["Bouncing Flask+1","Dash","Backflip"],"picked":"SKIP","floor":44.0},{"not_picked":["Deadly Poison+1","Dagger Spray","Slice+1"],"picked":"SKIP","floor":48.0},{"not_picked":["Prepared","Dagger Throw"],"picked":"Adrenaline","floor":54}],"player_experience":758174,"relics_obtained":[{"floor":6.0,"key":"Regal Pillow"},{"floor":9.0,"key":"Letter Opener"},{"floor":13.0,"key":"Anchor"},{"floor":24.0,"key":"Omamori"},{"floor":24.0,"key":"Bird Faced Urn"},{"floor":26.0,"key":"Blue Candle"},{"floor":28.0,"key":"Happy Flower"},{"floor":28.0,"key":"infinitespire:Satchel"},{"floor":36.0,"key":"Peace Pipe"},{"floor":40.0,"key":"Art of War"},{"floor":40.0,"key":"Dream Catcher"},{"floor":43.0,"key":"Bottled Flame"},{"floor":54,"key":"infinitespire:Magic Flask"},{"floor":54,"key":"Incense Burner"}],"event_choices":[{"damage_healed":0.0,"max_hp_gain":0.0,"max_hp_loss":0.0,"gold_gain":0.0,"event_name":"betterThird:BetterGoop","player_choice":"Slimed","floor":2.0,"gold_loss":31.0,"damage_taken":11.0},{"damage_healed":0.0,"max_hp_gain":0.0,"max_hp_loss":0.0,"gold_gain":1.0,"event_name":"betterStone:BetterStone","player_choice":"4","floor":3.0,"gold_loss":0.0,"damage_taken":0.0,"cards_obtained":["Apotheosis"]},{"damage_healed":0.0,"max_hp_gain":0.0,"max_hp_loss":0.0,"gold_gain":175.0,"event_name":"betterThird:BetterSerpent","player_choice":"AGREE","floor":5.0,"gold_loss":0.0,"damage_taken":96.0},{"damage_healed":0.0,"max_hp_gain":0.0,"max_hp_loss":0.0,"gold_gain":0.0,"event_name":"Living Wall","player_choice":"Grow","floor":14.0,"gold_loss":0.0,"damage_taken":0.0,"cards_upgraded":["Footwork"]},{"cards_removed":["infinitespire:TheBestDefense"],"damage_healed":0.0,"max_hp_gain":0.0,"max_hp_loss":0.0,"gold_gain":0.0,"event_name":"betterNote:BetterNote","player_choice":"Give","floor":20.0,"gold_loss":0.0,"damage_taken":0.0,"cards_obtained":["None"]},{"damage_healed":0.0,"max_hp_gain":70.0,"max_hp_loss":17.0,"gold_gain":0.0,"event_name":"betterAltar:BetterAltar","player_choice":" Idol Vial ","floor":21.0,"potions_obtained":[],"relics_lost":[],"gold_loss":0.0,"damage_taken":53.0,"relics_obtained":["Bloody Idol","Blood Vial"]},{"damage_healed":0.0,"max_hp_gain":0.0,"max_hp_loss":0.0,"gold_gain":0.0,"event_name":"MindBloom","player_choice":"Fight","floor":36.0,"gold_loss":0.0,"damage_taken":0.0},{"cards_removed":["Dagger Spray"],"damage_healed":0.0,"max_hp_gain":0.0,"max_hp_loss":0.0,"gold_gain":0.0,"event_name":"Falling","player_choice":"Removed Attack","floor":37.0,"gold_loss":0.0,"damage_taken":0.0},{"damage_healed":0.0,"max_hp_gain":0.0,"max_hp_loss":4.0,"gold_gain":0.0,"event_name":"Winding Halls","player_choice":"Max HP","floor":39.0,"gold_loss":0.0,"damage_taken":0.0}],"is_beta":false,"boss_relics":[{"not_picked":["Cursed Key","energizedSpire:HighHeels"],"picked":"Black Star"},{"not_picked":["SacredBark","Empty Cage"],"picked":"Astrolabe"}],"items_purged_floors":[12],"is_endless":false,"potions_floor_spawned":[4,11,18,19,22,28,33,36,54],"killed_by":"The Heart","ascension_level":1}}