{"host":"fkig9nrckec4xsh0","time":1610866647,"event":{"mods":["BaseMod","Colored Map","Minty Spire (QoL Compilation)","Quick Restart","Replay The Spire","StSLib"],"gold_per_floor":[112,112,126,126,126,140,159,159,194,224,224,295,308,340,340,38,38,142,142,161,80,80,92,92,92,92,92,163,182,217,236,236,264,264,164,164],"floor_reached":35,"language":"ENG","playtime":1340,"items_purged":["Pain"],"score":404,"play_id":"b70315c8-6e75-4493-b06e-eb1af0cf3a83","local_time":"20210117015727","is_ascension_mode":true,"campfire_choices":[{"data":"Toxin Wave","floor":8,"key":"SMITH"},{"floor":15,"key":"REST"},{"data":"Deadly Poison","floor":25,"key":"SMITH"},{"data":"Bite","floor":27,"key":"SMITH"},{"floor":32,"key":"REST"},{"data":"Bite","floor":34,"key":"SMITH"}],"circlet_count":0,"master_deck":["Defend_G","Defend_G","Defend_G","Defend_G","Defend_G","Survivor","Neutralize+1","Toxin Wave+1","Underhanded Strike+1","Dagger Throw","Dagger Throw","ReplayTheSpireMod:Speed Training","Deadly Poison+1","ReplayTheSpireMod:Scrap Shanks+1","A Thousand Cuts+1","CurseOfTheBell","Blade Dance","Caltrops+1","Sucker Punch+1","Well Laid Plans+1","Bite+1","Bite","Bite","Bite","Bite+1","Distraction+1","Tactician+1","Bouncing Flask+1","Backstab+1"],"relics":["Ring of the Snake","WarpedTongs","Regal Pillow","Mirror","Replay:Wax Seal","Centennial Puzzle","Frozen Egg 2","Calling Bell","ReplayTheSpireMod:TigerMarble","Divine Protection","FossilizedHelix","Boot","Replay:WaspNest","Iron Hammer","Dream Catcher"],"acts_visited":["Exordium","TheCity"],"potions_floor_usage":[14,29,30,33,35,35],"damage_taken":[{"damage":0,"enemies":"Small Slimes","floor":1,"turns":5},{"damage":2,"enemies":"Cultist","floor":3,"turns":3},{"damage":9,"enemies":"Jaw Worm","floor":6,"turns":3},{"damage":18,"enemies":"Large Slime","floor":7,"turns":5},{"damage":20,"enemies":"3 Sentries","floor":9,"turns":7},{"damage":4,"enemies":"Exordium Wildlife","floor":13,"turns":3},{"damage":14,"enemies":"Gremlin Nob","floor":14,"turns":4},{"damage":40,"enemies":"Hexaghost","floor":18,"turns":11},{"damage":5,"enemies":"Shell Parasite","floor":20,"turns":4},{"damage":18,"enemies":"Spheric Guardian","floor":23,"turns":4},{"damage":23,"enemies":"Centurion and Healer","floor":29,"turns":5},{"damage":46,"enemies":"Book of Stabbing","floor":30,"turns":4},{"damage":6,"enemies":"Snake Plant","floor":31,"turns":4},{"damage":1,"enemies":"Slavers","floor":33,"turns":3},{"damage":55,"enemies":"Automaton","floor":35,"turns":6}],"seed_played":"4799634696239839672","potions_obtained":[{"floor":1,"key":"Dexterity Potion"},{"floor":3,"key":"Swift Potion"},{"floor":13,"key":"FairyPotion"},{"floor":18,"key":"Regen Potion"},{"floor":23,"key":"Toxic Potion"},{"floor":29,"key":"ColorlessPotion"},{"floor":30,"key":"Toxic Potion"},{"floor":33,"key":"Strength Potion"}],"is_trial":false,"path_per_floor":["M","?","M","PTL","PTL","M","M","R","E","?","T","?","M","E","R","$","R_BF","B",null,"M","$","?","M","?","R","?","R","T","M","E","M","R","E","R","B"],"character_chosen":"THE_SILENT","items_purchased":["Frozen Egg 2","ReplayTheSpireMod:Scrap Shanks+1","Caltrops+1"],"campfire_rested":2,"item_purchase_floors":[16,16,21],"current_hp_per_floor":[70,70,68,68,68,59,41,41,21,21,21,21,17,3,39,39,70,30,60,55,55,55,37,37,37,37,37,37,40,14,11,40,42,42,0,0],"gold":164,"neow_bonus":"UPGRADE_CARD","is_daily":false,"chose_seed":false,"campfire_upgraded":4,"win_rate":0.0,"timestamp":1610866647,"path_taken":["M","?","?","PTL","PTL","M","M","R","E","?","T","?","M","E","R","?","R_BF","BOSS","M","?","?","M","?","R","?","R","T","M","E","?","R","E","R","BOSS"],"items_purchased_type":["Relic","Card","Card"],"build_version":"2020-12-22","purchased_purges":1,"victory":false,"max_hp_per_floor":[70,70,70,70,70,70,70,70,70,70,70,70,70,70,70,70,70,70,70,70,70,70,70,70,70,49,49,49,49,49,49,49,49,49,49,49],"card_choices":[{"not_picked":["Endless Agony","ReplayTheSpireMod:Scrap Shanks"],"picked":"Toxin Wave","floor":1},{"not_picked":["Blade Dance","Escape Plan"],"picked":"Underhanded Strike","floor":3},{"not_picked":["Calculated Gamble","Slice"],"picked":"Dagger Throw","floor":6},{"not_picked":["Deadly Poison","Dodge and Roll"],"picked":"Dagger Throw","floor":7},{"not_picked":["Accuracy","Quick Slash"],"picked":"ReplayTheSpireMod:Speed Training","floor":9},{"not_picked":["Escape Plan","Sucker Punch"],"picked":"Deadly Poison","floor":13},{"not_picked":["Bane","Malaise","Predator"],"picked":"SKIP","floor":14},{"not_picked":["ReplayTheSpireMod:From All Sides","Poison Darts"],"picked":"A Thousand Cuts+1","floor":18},{"not_picked":["Prepared","Well Laid Plans+1"],"picked":"Blade Dance","floor":20},{"not_picked":["Calculated Gamble","Finisher"],"picked":"Sucker Punch+1","floor":23},{"not_picked":["Blade Dance","Malaise"],"picked":"Distraction+1","floor":29},{"not_picked":["Deadly Poison","Acrobatics"],"picked":"Tactician+1","floor":30},{"not_picked":["Dash","ReplayTheSpireMod:Speed Training"],"picked":"Bouncing Flask+1","floor":31},{"not_picked":["Sucker Punch","Backflip"],"picked":"Backstab+1","floor":33}],"player_experience":329101,"relics_obtained":[{"floor":9,"key":"Regal Pillow"},{"floor":11,"key":"Replay:Wax Seal"},{"floor":14,"key":"Centennial Puzzle"},{"floor":19,"key":"ReplayTheSpireMod:TigerMarble"},{"floor":19,"key":"Divine Protection"},{"floor":19,"key":"FossilizedHelix"},{"floor":28,"key":"Replay:WaspNest"},{"floor":30,"key":"Iron Hammer"},{"floor":33,"key":"Dream Catcher"}],"event_choices":[{"damage_healed":0,"gold_gain":0,"player_choice":"Rummage","damage_taken":0,"relics_obtained":["WarpedTongs"],"max_hp_gain":0,"max_hp_loss":0,"event_name":"Accursed Blacksmith","floor":2,"gold_loss":0,"cards_obtained":["Pain"]},{"damage_healed":0,"gold_gain":30,"player_choice":"Searched \u00273\u0027 times","damage_taken":0,"relics_obtained":["Mirror"],"max_hp_gain":0,"max_hp_loss":0,"event_name":"Dead Adventurer","floor":10,"gold_loss":0},{"damage_healed":0,"gold_gain":71,"player_choice":"Gained Gold","damage_taken":0,"max_hp_gain":0,"max_hp_loss":0,"event_name":"Golden Wing","floor":12,"gold_loss":0},{"damage_healed":0,"gold_gain":0,"player_choice":"Read","damage_taken":0,"max_hp_gain":0,"max_hp_loss":0,"event_name":"The Library","floor":24,"gold_loss":0,"cards_obtained":["Well Laid Plans"]},{"damage_healed":0,"gold_gain":0,"player_choice":"Became a vampire","damage_taken":0,"max_hp_gain":0,"max_hp_loss":21,"event_name":"Vampires","floor":26,"gold_loss":0,"cards_obtained":["Bite","Bite","Bite","Bite","Bite"]}],"is_beta":false,"boss_relics":[{"not_picked":["Snecko Eye","Replay:Wanted Poster"],"picked":"Calling Bell"}],"items_purged_floors":[16],"is_endless":false,"potions_floor_spawned":[1,3,13,18,23,29,30,33],"killed_by":"Automaton","ascension_level":5}}