{"host":"dn6kke80v5f7isus","time":1610920091,"event":{"mods":["AchievementEnabler","Act Like it!","BaseMod","Colored Powertips","Custom Start","Defuse TimeMaze Blight","Duelist Mod","Gremlin Skip","Highlight Path","Hubris","Infinite Spire","Minty Spire (QoL Compilation)","Rare Cards Sparkle","Replay The Spire","StSLib","Uncapped"],"gold_per_floor":[135,148,148,85,97,126,126,126,126,141,141,141,141,192,192,343,343,376,389,304,72,72,72,72],"floor_reached":23,"language":"ENG","playtime":706,"items_purged":["theDuelist:Sparks"],"score":233,"play_id":"69f5d635-e835-4b69-8ffd-74e11386deb3","local_time":"20210117164811","is_ascension_mode":true,"campfire_choices":[{"floor":7,"key":"REST"},{"data":"theDuelist:VoidExpansion","floor":13,"key":"SMITH"},{"data":"theDuelist:MindAir","floor":15,"key":"SMITH"}],"circlet_count":0,"master_deck":["theDuelist:CastleWalls","theDuelist:CastleWalls","theDuelist:DarkMagician","theDuelist:MysticalElf","theDuelist:MysticalElf","theDuelist:NeoMagic","theDuelist:NeoMagic","theDuelist:VoidExpansion+1","theDuelist:HellfireOrbCard","theDuelist:MindAir+1","theDuelist:DarkPaladin","theDuelist:WeepingIdol+1"],"relics":["theDuelist:MillenniumPuzzle","theDuelist:CardPoolRelic","theDuelist:CardPoolBasicRelic","theDuelist:BoosterPackPoolRelic","theDuelist:CardPoolAddRelic","theDuelist:CardPoolMinusRelic","theDuelist:CardPoolSaveRelic","theDuelist:CardPoolOptionsRelic","NeowsBlessing","theDuelist:KaibaToken","ReplayTheSpireMod:Spearhead","infinitespire:Freezer","Golden Idol","Meat on the Bone","SacredBark","Shuriken","Cauldron"],"acts_visited":["Exordium","TheCity"],"potions_floor_usage":[6,6],"damage_taken":[{"damage":0,"enemies":"2 Louse","floor":1,"turns":1},{"damage":0,"enemies":"Jaw Worm","floor":2,"turns":1},{"damage":0,"enemies":"Small Slimes","floor":5,"turns":1},{"damage":36,"enemies":"Lagavulin","floor":6,"turns":9},{"damage":2,"enemies":"Exordium Thugs","floor":10,"turns":8},{"damage":0,"enemies":"3 Sentries","floor":14,"turns":6},{"damage":43,"enemies":"Hexaghost","floor":16,"turns":12},{"damage":27,"enemies":"2 Thieves","floor":18,"turns":5},{"damage":20,"enemies":"3 Byrds","floor":19,"turns":6},{"damage":0,"enemies":"Replay:Snechameleon","floor":23,"turns":1}],"seed_played":"-6488712858103651319","potions_obtained":[{"floor":1,"key":"Toxic Potion"},{"floor":5,"key":"theDuelist:WaterBottle"},{"floor":18,"key":"Strength Potion"},{"floor":21,"key":"theDuelist:TributeBottle"},{"floor":21,"key":"theDuelist:ElectricPotion"}],"is_trial":false,"path_per_floor":["M","M","?","?","M","E","R","?","T","M","?","?","R","E","R","B",null,"M","M","?","$","?","E"],"character_chosen":"THE_DUELIST","items_purchased":["Cauldron"],"campfire_rested":1,"item_purchase_floors":[21],"current_hp_per_floor":[80,80,74,74,74,38,62,62,62,60,80,60,60,60,60,29,80,53,45,45,45,45,45,45],"gold":72,"neow_bonus":"THREE_ENEMY_KILL","is_daily":false,"chose_seed":false,"campfire_upgraded":2,"win_rate":0.0,"timestamp":1610920091,"path_taken":["M","M","?","?","M","E","R","?","T","?","?","?","R","E","R","BOSS","M","M","?","$","?","E"],"items_purchased_type":["Relic"],"build_version":"2020-12-22","purchased_purges":1,"victory":false,"max_hp_per_floor":[80,80,80,80,80,80,80,80,80,80,80,80,80,80,80,80,80,80,80,80,80,80,80,80],"card_choices":[{"not_picked":["theDuelist:SangaThunder","theDuelist:DarkMagicianGirl","theDuelist:Mudballman","theDuelist:SpellShatteringArrow","theDuelist:MysticalElf"],"picked":"SKIP","floor":1},{"not_picked":["theDuelist:BlizzardWarrior","theDuelist:SangaThunder","theDuelist:SpiritHarp","theDuelist:MysticalElf","theDuelist:MindAir"],"picked":"SKIP","floor":2},{"not_picked":["theDuelist:BlizzardWarrior","theDuelist:DarkMagicianGirl","theDuelist:ThousandEyesIdol","theDuelist:FlyingSaucer","theDuelist:MagiciansRobe"],"picked":"SKIP","floor":5},{"not_picked":["theDuelist:ExodiaLL","theDuelist:AltarTribute","theDuelist:Illusionist","theDuelist:GiantTrunade","theDuelist:WitchBlackRose"],"picked":"SKIP","floor":6},{"not_picked":["theDuelist:EarthOrbCard","theDuelist:LightningOrbCard","theDuelist:BlackOrbCard","theDuelist:DragonOrbCard"],"picked":"theDuelist:HellfireOrbCard","floor":10},{"not_picked":["theDuelist:MagiciansRobe","theDuelist:TimeWizard","theDuelist:BadReaction"],"picked":"theDuelist:MindAir","floor":14},{"not_picked":["theDuelist:ExodiaNecross","theDuelist:Wildfire","theDuelist:GrandSpellbookTower","theDuelist:ThousandEyesRestrict"],"picked":"theDuelist:DarkPaladin","floor":16},{"not_picked":["theDuelist:ClearKuriboh","theDuelist:ForbiddenChalice","theDuelist:PotAvarice","theDuelist:BlockGolem"],"picked":"theDuelist:WeepingIdol+1","floor":18},{"not_picked":["theDuelist:BlizzardWarrior","theDuelist:DarkMagician","theDuelist:MysticalElf","theDuelist:AncientElf+1","theDuelist:StatueAnguishPattern"],"picked":"SKIP","floor":19}],"player_experience":560749,"relics_obtained":[{"floor":6,"key":"ReplayTheSpireMod:Spearhead"},{"floor":9,"key":"infinitespire:Freezer"},{"floor":14,"key":"Meat on the Bone"}],"event_choices":[{"damage_healed":0,"gold_gain":0,"player_choice":"Dig - random Duelist relic","duelist":true,"damage_taken":0,"max_hp_gain":0,"max_hp_loss":0,"event_name":"Aknamkanon\u0027s Tomb","floor":3,"gold_loss":0},{"damage_healed":0,"gold_gain":0,"player_choice":"Purchased Void Expansion for 63 Gold.","duelist":true,"damage_taken":0,"max_hp_gain":0,"max_hp_loss":0,"event_name":"Card Trader","floor":4,"gold_loss":0},{"damage_healed":26,"gold_gain":0,"player_choice":"Banana","damage_taken":0,"max_hp_gain":0,"max_hp_loss":0,"event_name":"Big Fish","floor":11,"gold_loss":0},{"damage_healed":0,"gold_gain":0,"player_choice":"Take Damage","damage_taken":20,"relics_obtained":["Golden Idol"],"max_hp_gain":0,"max_hp_loss":0,"event_name":"Golden Idol","floor":12,"gold_loss":0},{"damage_healed":0,"gold_gain":0,"player_choice":"Obtained Relic","damage_taken":0,"relics_obtained":["Shuriken"],"max_hp_gain":0,"max_hp_loss":0,"event_name":"Addict","floor":20,"gold_loss":85},{"cards_removed":["theDuelist:Sparks"],"damage_healed":0,"gold_gain":0,"player_choice":"Purged","damage_taken":0,"max_hp_gain":0,"max_hp_loss":0,"event_name":"Purifier","floor":22,"gold_loss":0}],"is_beta":false,"boss_relics":[{"not_picked":["Replay:Bronze Core","hubris:HollowSoul"],"picked":"SacredBark"}],"items_purged_floors":[21],"is_endless":false,"potions_floor_spawned":[1,5,18],"killed_by":"Replay:Snechameleon","ascension_level":1}}