{"host":"r4r4helli6evr3pz","time":1610926310,"event":{"mods":["A Magickal Journey","AchievementEnabler","Act Like it!","Aspiration","BaseMod","Better Note","BetterRewards","Challenge The Spire","Conspire","Curses Come First","DeckTracker","Evolution","GifTheSpireLib","Gold Saver","GungeonMod","Hermit","Hubris","Hyrulean Relics","Infinite Spire","JesterMod","Lobotomy","Mimic Mod","Minty Spire (QoL Compilation)","Quick Restart","Random Character Button","Relic Sorter","Relic Stats","Replay The Spire","Reworked Bosses","Shop Mod","Somnambulant","StSLib","Stuff the Spire","The Blackbeard","The Bug Knight","The Clintock","The Construct","The Cursed","The Druid","The Forsaken","The Hierophant","The Necromancer","The Poker Player","The Problem Sleuth","The Runesmith","vexMod"],"gold_per_floor":[250,265,275,285,302,302,335,335,335,27,44,44,55,7,7,7,7,7],"floor_reached":16,"language":"RUS","playtime":725,"items_purged":[],"score":101,"play_id":"794a9581-a23c-4bf9-9917-1b4d0307a13b","local_time":"20210118033150","is_ascension_mode":true,"campfire_choices":[{"data":"blackbeard:BuriedTreasure","floor":6,"key":"SMITH"},{"floor":8,"key":"REST"},{"floor":15,"key":"REST"}],"circlet_count":0,"master_deck":["blackbeard:BlackbeardStrike","blackbeard:BlackbeardStrike","blackbeard:BlackbeardStrike","blackbeard:BlackbeardStrike","blackbeard:IntimidatingStrike","blackbeard:BlackbeardDefend","blackbeard:BlackbeardDefend","blackbeard:BlackbeardDefend","blackbeard:Cutlass","Murderer","blackbeard:Dagger","Scorched","blackbeard:Shrapnel+1","HappyTeddy","blackbeard:Sword","Alriune","blackbeard:Fencing","FairyFestival","blackbeard:BuriedTreasure+1","MeatLantern","blackbeard:Dagger","BeautyBeast","blackbeard:DelayedPain","BlackSwan","blackbeard:Scrap","blackbeard:Spear"],"relics":["blackbeard:LoadTheCannons","MerchantsRug","EVO:Axolotl","CogitoBucket","AdjustmentMirror","Blood Vial"],"acts_visited":["Exordium"],"potions_floor_usage":[7,13],"damage_taken":[{"damage":0,"enemies":"Cultist","floor":1,"turns":4},{"damage":0,"enemies":"Small Slimes","floor":2,"turns":4},{"damage":0,"enemies":"2 Louse","floor":3,"turns":1},{"damage":0,"enemies":"Exordium Thugs","floor":4,"turns":2},{"damage":0,"enemies":"Large Slime","floor":5,"turns":3},{"damage":78,"enemies":"Blue Slaver","floor":7,"turns":5},{"damage":0,"enemies":"3 Louse","floor":11,"turns":1},{"damage":20,"enemies":"Looter","floor":13,"turns":1},{"damage":75,"enemies":"Fading Forest","floor":16,"turns":2}],"seed_played":"-3786473148027023134","potions_obtained":[{"floor":5,"key":"DistilledChaos"},{"floor":7,"key":"Fire Potion"},{"floor":11,"key":"Toxic Potion"},{"floor":13,"key":"SteroidPotion"}],"is_trial":false,"path_per_floor":["M","M","M","M","M","R","M","R","T","$","M","?","M","$","R","B"],"character_chosen":"BLACKBEARD_CLASS","items_purchased":["MerchantsRug","Blood Vial","blackbeard:Spear"],"campfire_rested":2,"item_purchase_floors":[10,10,14],"current_hp_per_floor":[75,75,75,75,75,75,2,24,24,24,26,26,9,9,31,0,0,0],"gold":7,"neow_bonus":"","is_daily":false,"chose_seed":false,"campfire_upgraded":1,"win_rate":0.0,"timestamp":1610926310,"path_taken":["M","?","?","M","?","R","M","R","T","$","M","?","M","?","R","BOSS"],"items_purchased_type":["Relic","Relic","Card"],"build_version":"2020-12-22","purchased_purges":0,"victory":false,"max_hp_per_floor":[75,75,75,75,75,75,75,75,75,75,75,75,75,75,75,75,75,75],"relic_stats":{"Blood Vial":6,"counters":[10,24],"obtain_stats":[{"Blood Vial":10,"MerchantsRug":10,"CogitoBucket":0,"blackbeard:LoadTheCannons":0,"DemoMod:GlassGuonStoneRelic":3,"EVO:Axolotl":0,"AdjustmentMirror":7},{"Blood Vial":7,"MerchantsRug":7,"CogitoBucket":0,"blackbeard:LoadTheCannons":0,"DemoMod:GlassGuonStoneRelic":3,"EVO:Axolotl":0,"AdjustmentMirror":7},{"Blood Vial":20,"MerchantsRug":20,"CogitoBucket":0,"blackbeard:LoadTheCannons":0,"DemoMod:GlassGuonStoneRelic":9,"EVO:Axolotl":0,"AdjustmentMirror":20}]},"card_choices":[{"not_picked":["Murderer","WhitesApple","CherryBlossoms"],"picked":"Singing Bowl","floor":1},{"not_picked":["FairyFestival","VoidDream"],"picked":"Murderer","floor":1},{"not_picked":["blackbeard:Sharpening","blackbeard:GoldenStrike"],"picked":"blackbeard:Dagger","floor":1},{"not_picked":["ShyLook","CrumblingArmor"],"picked":"Scorched","floor":2},{"not_picked":["blackbeard:GhostInTheRum","blackbeard:WiseDefense"],"picked":"blackbeard:Shrapnel","floor":2},{"not_picked":["CrumblingArmor","OSAHOGD","OldLady"],"picked":"Singing Bowl","floor":3},{"not_picked":["LittlePrince","SingingMachine"],"picked":"HappyTeddy","floor":3},{"not_picked":["blackbeard:BlindAttacks","blackbeard:Toast"],"picked":"blackbeard:Sword","floor":3},{"not_picked":["GreedKing","Bloodbath","Porccubus"],"picked":"Singing Bowl","floor":4},{"not_picked":["BlackSwan","VoidDream"],"picked":"Alriune","floor":4},{"not_picked":["blackbeard:SwordDance","blackbeard:CannonBarrage"],"picked":"blackbeard:Fencing","floor":4},{"not_picked":["DespairKnight","Freischutz"],"picked":"FairyFestival","floor":5},{"not_picked":["blackbeard:RearmingStrike","blackbeard:SmithingHammer"],"picked":"blackbeard:BuriedTreasure","floor":5},{"not_picked":["OldLady","CrumblingArmor"],"picked":"MeatLantern","floor":7},{"not_picked":["blackbeard:Toast","blackbeard:BeatUp"],"picked":"blackbeard:Dagger","floor":7},{"not_picked":["MHz","WallGazer"],"picked":"BeautyBeast","floor":11},{"not_picked":["blackbeard:Shrapnel","blackbeard:Sharpening"],"picked":"blackbeard:DelayedPain","floor":11},{"not_picked":["BigBadWolf","LaLuna"],"picked":"BlackSwan","floor":13},{"not_picked":["blackbeard:TerrorOfTheSeas","blackbeard:Sharpening"],"picked":"blackbeard:Scrap","floor":13}],"player_experience":671026,"relics_obtained":[],"event_choices":[{"damage_healed":0,"gold_gain":0,"player_choice":"Upgraded","damage_taken":0,"max_hp_gain":0,"max_hp_loss":0,"event_name":"Upgrade Shrine","floor":12,"gold_loss":0,"cards_upgraded":["blackbeard:Shrapnel"]}],"is_beta":false,"boss_relics":[],"items_purged_floors":[],"is_endless":false,"potions_floor_spawned":[5,7,11,13],"killed_by":"Fading Forest","ascension_level":1}}