{"host":"p245q48pmopyklqs","time":1610880264,"event":{"mods":["BaseMod","DeckTracker","Downfall","Minty Spire (QoL Compilation)","StSLib","SuperFastMode"],"gold_per_floor":[99,99,155,155,65,65,89,120,120,5,5,35,49,49,62,166,166,166,178,19,19,33,33,104,119,131,157,157,157,174,31,46,145,145,145,145,164,164,181,181,252,252,267,22,35,35,69,69,89,89,89,89],"floor_reached":50,"language":"ENG","playtime":2435,"items_purged":["Slimebound:Strike_Slimebound","Slimebound:Strike_Slimebound"],"score":595,"play_id":"858a386c-5314-41dd-9c62-e04d24faaeae","local_time":"20210117194424","is_ascension_mode":true,"campfire_choices":[{"data":"Slimebound:CorrosiveSpit","floor":1.0,"key":"SMITH"},{"data":"Slimebound:Grow","floor":6.0,"key":"SMITH"},{"floor":11.0,"key":"REST"},{"data":"Slimebound:Split","floor":18.0,"key":"SMITH"},{"data":"Slimebound:LevelUp","floor":23.0,"key":"SMITH"},{"floor":29.0,"key":"REST"},{"data":"Slimebound:MassRepurpose","floor":35.0,"key":"SMITH"},{"data":"Slimebound:SelfFormingGoo","floor":40.0,"key":"SMITH"},{"data":"Slimebound:SelfFormingGoo","floor":46,"key":"SMITH"}],"circlet_count":0,"master_deck":["Slimebound:Defend_Slimebound+1","Slimebound:Defend_Slimebound","Slimebound:Split+1","Slimebound:CorrosiveSpit+1","Slimebound:Repurpose","Slimebound:FinishingTackle+1","Slimebound:Grow+1","Slimebound:SlimeBarrage+1","Slimebound:ProtectTheBoss","Slimebound:SplitLeeching","Slimebound:GoopSpray","downfall:Malfunctioning","Slimebound:SelfFormingGoo+1","Slimebound:LevelUp+1","Slimebound:HauntingLick","Slimebound:MassRepurpose+1","Slimebound:ServeAndProtect","Slimebound:SelfFormingGoo+1","Slimebound:SplitAcid","Parasite","Slimebound:PressTheAttack+1","Slimebound:SplitLeeching"],"relics":["Slimebound:AbsorbEndCombat","downfall:HeartsMalice","PreservedInsect","Slimebound:MaxSlimesRelic","Potion Belt","Slimebound:TarBlob","Slimebound:AggressiveSlimeRelic","The Courier","Ancient Tea Set","Cauldron","MealTicket","Blood Vial","Whetstone","Empty Cage","White Beast Statue","Torii"],"acts_visited":["Exordium","TheCity","TheBeyond"],"potions_floor_usage":[45,50,50,50,50],"damage_taken":[{"damage":0.0,"enemies":"Jaw Worm","floor":2.0,"turns":1.0},{"damage":0.0,"enemies":"Lagavulin Event","floor":3.0,"turns":1.0},{"damage":0.0,"enemies":"2 Louse","floor":4.0,"turns":1.0},{"damage":9.0,"enemies":"downfall:FleeingMerchant","floor":5.0,"turns":4.0},{"damage":23.0,"enemies":"Lagavulin","floor":8.0,"turns":5.0},{"damage":11.0,"enemies":"downfall:FleeingMerchant","floor":10.0,"turns":4.0},{"damage":6.0,"enemies":"Gremlin Nob","floor":12.0,"turns":3.0},{"damage":10.0,"enemies":"Small Slimes","floor":13.0,"turns":3.0},{"damage":11.0,"enemies":"Blue Slaver","floor":15.0,"turns":4.0},{"damage":4.0,"enemies":"DF_ARCHETYPE_STREAMLINE","floor":16.0,"turns":9.0},{"damage":7.0,"enemies":"Shell Parasite","floor":19.0,"turns":4.0},{"damage":8.0,"enemies":"downfall:FleeingMerchant","floor":20.0,"turns":4.0},{"damage":11.0,"enemies":"Spheric Guardian","floor":22.0,"turns":4.0},{"damage":30.0,"enemies":"Cultist and Chosen","floor":25.0,"turns":7.0},{"damage":14.0,"enemies":"Centurion and Healer","floor":26.0,"turns":5.0},{"damage":30.0,"enemies":"Slavers","floor":27.0,"turns":3.0},{"damage":21.0,"enemies":"Sentry and Sphere","floor":30.0,"turns":6.0},{"damage":11.0,"enemies":"downfall:FleeingMerchant","floor":31.0,"turns":4.0},{"damage":6.0,"enemies":"Cultist and Chosen","floor":32.0,"turns":4.0},{"damage":21.0,"enemies":"WA_ARCHETYPE_CALM","floor":33.0,"turns":7.0},{"damage":3.0,"enemies":"3 Shapes","floor":37.0,"turns":5.0},{"damage":27.0,"enemies":"3 Darklings","floor":39.0,"turns":7.0},{"damage":6,"enemies":"Sphere and 2 Shapes","floor":43,"turns":5},{"damage":6,"enemies":"Writhing Mass","floor":45,"turns":4},{"damage":6,"enemies":"Giant Head","floor":47,"turns":7},{"damage":5,"enemies":"4 Shapes","floor":49,"turns":5},{"damage":54,"enemies":"SI_POISON_ARCHETYPE","floor":50,"turns":6}],"seed_played":"-4714129707875841244","potions_obtained":[{"floor":3.0,"key":"BlessingOfTheForge"},{"floor":12.0,"key":"FairyPotion"},{"floor":13.0,"key":"sneckomod:MuddlingPotion"},{"floor":22.0,"key":"Regen Potion"},{"floor":25.0,"key":"SkillPotion"},{"floor":26.0,"key":"AttackPotion"},{"floor":31.0,"key":"AttackPotion"},{"floor":31.0,"key":"SpeedPotion"},{"floor":31.0,"key":"Slimebound:SpawnSlimePotion"},{"floor":31.0,"key":"Slimebound:SlimyTonguePotion"},{"floor":31.0,"key":"AttackPotion"},{"floor":33.0,"key":"Slimebound:SlimedPotion"},{"floor":37.0,"key":"SkillPotion"},{"floor":45,"key":"PowerPotion"},{"floor":47,"key":"PowerPotion"},{"floor":49,"key":"LiquidMemories"}],"is_trial":false,"path_per_floor":["R","M","?","M","$","R","T","E","?","$","R","E","M","?","M","B",null,"R","M","$","?","M","R","T","M","M","E","?","R","M","$","M","B",null,"R","?","M","?","M","R","T","T","M","$","M","R","E","?","M","B"],"character_chosen":"SLIMEBOUND","items_purchased":["Slimebound:AggressiveSlimeRelic","Cauldron","MealTicket","Blood Vial","Whetstone","Slimebound:SplitAcid","White Beast Statue"],"campfire_rested":2,"item_purchase_floors":[20,31,31,31,31,44,44],"current_hp_per_floor":[65,65,65,65,58,58,58,37,37,29,48,43,34,34,23,27,65,65,59,52,52,43,43,43,16,20,4,4,23,6,15,21,9,65,65,65,63,63,42,42,42,42,41,56,54,54,54,44,44,0,0,0],"gold":89,"neow_bonus":"THREE_ENEMY_KILL","is_daily":false,"chose_seed":false,"campfire_upgraded":7,"win_rate":0.0,"timestamp":1610880264,"path_taken":["R","M","?","M","$","R","T","E","?","?","R","E","M","?","M","BOSS","R","M","$","?","?","R","T","M","M","E","?","R","M","?","M","BOSS","R","?","M","?","?","R","T","?","M","$","?","R","E","?","M","BOSS"],"items_purchased_type":["Relic","Relic","Relic","Relic","Relic","Card","Relic"],"build_version":"2020-12-22","purchased_purges":2,"victory":false,"max_hp_per_floor":[65,65,65,65,65,65,65,65,65,65,65,65,65,65,65,65,65,65,65,65,65,65,65,65,65,65,65,65,65,65,65,65,65,65,65,65,65,65,65,65,65,65,65,65,65,65,65,65,65,65,65,65],"card_choices":[{"not_picked":["Slimebound:Replication","Slimebound:SplitLeeching"],"picked":"Slimebound:Repurpose","floor":2.0},{"not_picked":["Slimebound:SplitMire","Slimebound:SamplingLick"],"picked":"Slimebound:FinishingTackle","floor":3.0},{"not_picked":["Slimebound:SplitMire","Slimebound:GoopSpray"],"picked":"Slimebound:Grow","floor":4.0},{"not_picked":["Slimebound:GoopTackle","Slimebound:Recycling"],"picked":"Slimebound:SlimeBarrage","floor":5.0},{"not_picked":["Slimebound:SamplingLick","Slimebound:Dissolve","Slimebound:Gluttony"],"picked":"SKIP","floor":8.0},{"not_picked":["Slimebound:ComboTackle","Slimebound:RainOfGoop"],"picked":"Slimebound:ProtectTheBoss","floor":10.0},{"not_picked":["Slimebound:Equalize","Slimebound:DuplicatedForm"],"picked":"Slimebound:SplitLeeching","floor":12.0},{"not_picked":["Slimebound:LivingWall","Slimebound:HungryTackle"],"picked":"Slimebound:GoopSpray","floor":13.0},{"not_picked":["Slimebound:GoopSpray","Slimebound:FormOfPuddle","Slimebound:AcidTongue"],"picked":"SKIP","floor":15.0},{"not_picked":["Slimebound:FirmFortitude","Slimebound:DuplicatedForm"],"picked":"Slimebound:SelfFormingGoo","floor":16.0},{"not_picked":["Slimebound:LeechingTouch","Slimebound:SplitMire+1"],"picked":"Slimebound:LevelUp","floor":19.0},{"not_picked":["Slimebound:RollThrough+1","Slimebound:GrowthPunch","Slimebound:SplitAcid"],"picked":"SKIP","floor":20.0},{"not_picked":["Slimebound:GoopTackle","Slimebound:SlimeSpikes","Slimebound:SplitLeeching"],"picked":"SKIP","floor":22.0},{"not_picked":["Slimebound:RollThrough","Slimebound:LivingWall","Slimebound:Schlurp"],"picked":"SKIP","floor":25.0},{"not_picked":["Slimebound:SlimeSpikes","Slimebound:LivingWall","Slimebound:Equalize"],"picked":"SKIP","floor":26.0},{"not_picked":["Slimebound:GoopSpray","Slimebound:LeechEnergy","Slimebound:Teamwork"],"picked":"SKIP","floor":27.0},{"not_picked":["Slimebound:SplitLeeching","Slimebound:SlimeSpikes","Slimebound:SplitMire+1"],"picked":"SKIP","floor":30.0},{"not_picked":["Slimebound:Schlurp","Slimebound:ProtectTheBoss+1","Slimebound:SplitBruiser"],"picked":"SKIP","floor":31.0},{"not_picked":["Slimebound:RollThrough","Slimebound:LivingWall","Slimebound:SplitMire"],"picked":"SKIP","floor":32.0},{"not_picked":["Slimebound:OozeBath","Slimebound:Recycling"],"picked":"Slimebound:MassRepurpose","floor":33.0},{"not_picked":["Slimebound:GoopSpray+1","Slimebound:SplitMire"],"picked":"Slimebound:ServeAndProtect","floor":37.0},{"not_picked":["Slimebound:GoopTackle+1","Slimebound:SpikyOuterGoop+1","Slimebound:Grow"],"picked":"SKIP","floor":39.0},{"not_picked":["Slimebound:Schlurp","Slimebound:Nibble+1","Slimebound:ForwardTackle"],"picked":"SKIP","floor":43},{"not_picked":["Slimebound:SplitLeeching","Slimebound:LeechingTouch+1"],"picked":"Slimebound:PressTheAttack+1","floor":45},{"not_picked":["Slimebound:AcidTongue","Slimebound:Recycling","Slimebound:ItLooksTasty"],"picked":"SKIP","floor":47},{"not_picked":["Slimebound:Prepare","Slimebound:GoopSpray+1"],"picked":"Slimebound:SplitLeeching","floor":49}],"player_experience":2376339,"relics_obtained":[{"floor":3.0,"key":"PreservedInsect"},{"floor":7.0,"key":"Nunchaku"},{"floor":8.0,"key":"Slimebound:MaxSlimesRelic"},{"floor":12.0,"key":"Potion Belt"},{"floor":24.0,"key":"The Courier"},{"floor":27.0,"key":"Ancient Tea Set"},{"floor":47,"key":"Torii"}],"event_choices":[{"cards_removed":["Slimebound:Defend_Slimebound"],"damage_healed":0.0,"max_hp_gain":0.0,"max_hp_loss":0.0,"gold_gain":0.0,"event_name":"The Cleric","player_choice":"Card Removal","floor":9.0,"gold_loss":0.0,"damage_taken":0.0},{"damage_healed":0.0,"max_hp_gain":0.0,"max_hp_loss":0.0,"gold_gain":0.0,"event_name":"Mysterious Sphere","player_choice":"Ignored","floor":36.0,"gold_loss":0.0,"damage_taken":0.0}],"is_beta":false,"boss_relics":[{"not_picked":["Pandora\u0027s Box","Fusion Hammer"],"picked":"Slimebound:TarBlob"},{"not_picked":["Runic Dome","Philosopher\u0027s Stone"],"picked":"Empty Cage"}],"items_purged_floors":[5,10],"is_endless":false,"potions_floor_spawned":[3,12,13,22,25,26,33,37,45,47,49],"killed_by":"SI_POISON_ARCHETYPE","ascension_level":3}}