{"host":"792mtbovsoa03nb3","time":1610853697,"event":{"mods":["BaseMod","Conspire","Curses Come First","Dota2Spire","Halation","Hubris","Infinite Spire","Minty Spire (QoL Compilation)","Replay The Spire","StS++","StSLib"],"gold_per_floor":[114,114,315,335,108,108,139,139,164,183,183,203,203,217,217,317,317,333,89,109,124,124,156,170,170,170,180,180,180,55,65,65,170,170,186,23,23,33,33,62,62,80,80,80,80],"floor_reached":44,"language":"ENG","playtime":1474,"items_purged":["ReplayTheSpireMod:Splinters","Strike_R","Parasite","Strike_R"],"score":483,"play_id":"0ea49324-2d3b-4732-82b1-71c24953a542","local_time":"20210116192137","is_ascension_mode":false,"campfire_choices":[{"data":"Iron Wave","floor":6,"key":"SMITH"},{"data":"Reaper","floor":8,"key":"SMITH"},{"data":"Thunderclap","floor":13,"key":"SMITH"},{"data":"Armaments","floor":15,"key":"SMITH"},{"data":"Berserk","floor":25,"key":"SMITH"},{"data":"Iron Wave","floor":28,"key":"SMITH"},{"data":"Iron Wave","floor":32,"key":"SMITH"},{"data":"Reaper","floor":41,"key":"SMITH"}],"circlet_count":0,"master_deck":["Strike_R","Strike_R","Strike_R","Defend_R","Defend_R","Defend_R","Defend_R","Bash","Iron Wave+1","Thunderclap","Cleave","Reaper+1","Thunderclap+1","Armaments+1","Berserk+1","Iron Wave+1","Disarm+1","Iron Wave+1","Thunderclap","True Grit+1","Reaper+1","ReplayTheSpireMod:Muscle Training+1","ReplayTheSpireMod:Faulty Equipment","HandOfGreed","conspire:HitWhereItHurts"],"relics":["Burning Blood","NeowsBlessing","Ring of Fury","Ring of Peace","WingedGreaves","hubris:TenFootPole","Philosopher\u0027s Stone","Replay:Baseball","Dota2Spire:DrumOfEndurance","halation:PromiseList","Lizard Tail","halation:RedSoulGem","Mark of Pain","ReplayTheSpireMod:CursedCoin","halation:PapillonHeart","Thread and Needle","Bag of Preparation","infinitespire:WardingShard"],"acts_visited":["Exordium","TheCity","TheBeyond"],"potions_floor_usage":[16,21,40,40,40,40,42,44],"damage_taken":[{"damage":0,"enemies":"Jaw Worm","floor":1,"turns":1},{"damage":0,"enemies":"2 Louse","floor":4,"turns":1},{"damage":0,"enemies":"3 Sentries","floor":7,"turns":1},{"damage":6,"enemies":"Cultist","floor":10,"turns":4},{"damage":7,"enemies":"Looter","floor":12,"turns":4},{"damage":13,"enemies":"Large Slime","floor":14,"turns":6},{"damage":70,"enemies":"Hexaghost","floor":16,"turns":11},{"damage":31,"enemies":"conspire:FuzzyDice","floor":18,"turns":6},{"damage":4,"enemies":"Chosen","floor":20,"turns":4},{"damage":13,"enemies":"conspire:HollyBat","floor":21,"turns":7},{"damage":19,"enemies":"Book of Stabbing","floor":23,"turns":5},{"damage":40,"enemies":"Snake Plant","floor":24,"turns":5},{"damage":1,"enemies":"Cultist and Chosen","floor":27,"turns":6},{"damage":25,"enemies":"3 Cultists","floor":31,"turns":4},{"damage":54,"enemies":"hubris:MusketHawk","floor":33,"turns":10},{"damage":24,"enemies":"3 Darklings","floor":35,"turns":5},{"damage":0,"enemies":"Orb Walker","floor":38,"turns":4},{"damage":161,"enemies":"Giant Head","floor":40,"turns":12},{"damage":22,"enemies":"3 Darklings","floor":42,"turns":4},{"damage":91,"enemies":"Nightmare","floor":44,"turns":7}],"seed_played":"8925281463277502452","potions_obtained":[{"floor":7,"key":"BlessingOfTheForge"},{"floor":12,"key":"PowerPotion"},{"floor":20,"key":"SkillPotion"},{"floor":21,"key":"StSpp:ScatteredPotion"},{"floor":33,"key":"EssenceOfSteel"},{"floor":40,"key":"Weak Potion"}],"is_trial":false,"path_per_floor":["M","?","?","M","$","R","E","R","T","M","?","M","R","M","R","B",null,"M","$","M","M","?","E","M","R","T","M","R","?","$","M","R","B",null,"M","$","?","M","?","E","R","M","T","NM"],"character_chosen":"IRONCLAD","items_purchased":["Reaper","Replay:Baseball","ReplayTheSpireMod:CursedCoin","HandOfGreed"],"campfire_rested":0,"item_purchase_floors":[5,19,36,36],"current_hp_per_floor":[80,80,80,80,80,80,80,80,80,80,80,80,80,73,73,16,80,62,62,71,64,64,61,34,34,34,51,51,51,51,56,56,14,77,73,73,73,73,73,29,29,56,56,0,0],"gold":80,"neow_bonus":"THREE_ENEMY_KILL","is_daily":false,"chose_seed":false,"campfire_upgraded":8,"win_rate":0.0,"timestamp":1610853697,"path_taken":["M","?","?","?","?","R","E","R","T","M","?","?","R","M","R","BOSS","M","$","M","M","?","E","M","R","T","M","R","?","?","?","R","BOSS","M","$","?","M","?","E","R","?","T","NM"],"items_purchased_type":["Card","Relic","Relic","Card"],"build_version":"2020-12-22","purchased_purges":4,"victory":false,"max_hp_per_floor":[80,80,80,80,80,80,80,80,80,80,80,80,80,80,80,80,80,80,80,80,80,80,80,80,80,80,80,80,80,77,77,77,77,77,77,77,73,73,73,73,73,73,73,73,73],"card_choices":[{"not_picked":["Havoc","Cleave"],"picked":"Iron Wave","floor":1},{"not_picked":["Flex","Pommel Strike"],"picked":"Thunderclap","floor":3},{"not_picked":["True Grit","StSpp:Turnabout"],"picked":"Cleave","floor":4},{"not_picked":["StSpp:Sprint","Hemokinesis"],"picked":"Thunderclap","floor":7},{"not_picked":["Warcry","Dropkick","StSpp:Succumb"],"picked":"SKIP","floor":10},{"not_picked":["Body Slam","Pommel Strike","True Grit"],"picked":"SKIP","floor":12},{"not_picked":["Warcry","Hemokinesis"],"picked":"Armaments","floor":14},{"not_picked":["Bludgeon","Demonic Infusion"],"picked":"Berserk","floor":16},{"not_picked":["Burning Pact","conspire:Charge","Replay:Undeath\u0027s Touch+1"],"picked":"SKIP","floor":18},{"not_picked":["Run Through","hubris:ReadiedAction"],"picked":"Iron Wave","floor":20},{"not_picked":["Sever Soul","hubris:SharpeningStone+1","Warcry+1"],"picked":"SKIP","floor":21},{"not_picked":["Corruption","Pommel Strike"],"picked":"Disarm+1","floor":23},{"not_picked":["Shrug It Off","True Grit"],"picked":"Iron Wave","floor":24},{"not_picked":["Dark Embrace","Twin Strike"],"picked":"Thunderclap","floor":27},{"not_picked":["Battle Trance","Run Through"],"picked":"True Grit+1","floor":31},{"not_picked":["Demon Form","Demonic Infusion"],"picked":"Reaper","floor":33},{"not_picked":["Pommel Strike","Massacre+1"],"picked":"ReplayTheSpireMod:Muscle Training+1","floor":35},{"not_picked":["ReplayTheSpireMod:Strike From Hell","Shockwave","StSpp:TheBiggerTheyAre+1"],"picked":"SKIP","floor":38},{"not_picked":["Perfected Strike","StSpp:BladeOfBlood"],"picked":"conspire:HitWhereItHurts","floor":40},{"not_picked":["Wild Strike+1","Battle Trance+1","Burning Pact"],"picked":"SKIP","floor":42}],"player_experience":906639,"relics_obtained":[{"floor":2,"key":"Ring of Fury"},{"floor":2,"key":"Ring of Peace"},{"floor":7,"key":"WingedGreaves"},{"floor":9,"key":"hubris:TenFootPole"},{"floor":23,"key":"halation:PromiseList"},{"floor":26,"key":"Lizard Tail"},{"floor":39,"key":"Thread and Needle"},{"floor":40,"key":"Bag of Preparation"},{"floor":43,"key":"infinitespire:WardingShard"}],"event_choices":[{"cards_removed":["Delirium"],"damage_healed":0,"gold_gain":0,"player_choice":"Purged","damage_taken":0,"max_hp_gain":0,"max_hp_loss":0,"event_name":"Purifier","floor":11,"gold_loss":0},{"damage_healed":0,"gold_gain":0,"player_choice":"Relic","damage_taken":0,"max_hp_gain":0,"max_hp_loss":0,"event_name":"Wheel of Change","floor":39,"gold_loss":0}],"is_beta":false,"boss_relics":[{"not_picked":["Honey Jar","ReplayTheSpireMod:DimensionalGlitch"],"picked":"Philosopher\u0027s Stone"},{"not_picked":["Empty Cage","hubris:VirtuousBlindfold"],"picked":"Mark of Pain"}],"items_purged_floors":[5,19,30,36],"is_endless":false,"potions_floor_spawned":[7,12,20,21,33,35,40],"killed_by":"Nightmare","ascension_level":0}}