{"host":"oeeu8njhzvf3llor","time":1610912176,"event":{"mods":["BaseMod","Better Match","Better Note","Better Skull","Better Third Choice","Colored Map","Hubris","Minty Spire (QoL Compilation)","Rare Cards Sparkle","Replay The Spire","Shop Mod","Spicy Shops","StSLib","Swap Starting Deck Mod"],"gold_per_floor":[109,122,132,145,20,55,55,84,84,84,100,25,25,42,42,137,137,152,170,183,183,62,94,144,163,163,163,177,177,207,32,32,131,131,141,240,250,250,260,290,303,316,393,427,81,98,98,113,113,113,113,113,10,35,35],"floor_reached":56,"language":"ENG","playtime":2176,"items_purged":["Strike_B","Strike_B","Strike_B"],"score":1279,"play_id":"be6edbb3-1694-4b6b-b678-f36c6f31ed8e","local_time":"20210117143616","is_ascension_mode":true,"campfire_choices":[{"data":"Defragment","floor":7,"key":"SMITH"},{"floor":10,"key":"REST"},{"floor":15,"key":"REST"},{"data":"hubris:PowerSurge","floor":29,"key":"SMITH"},{"floor":32,"key":"REST"},{"floor":49,"key":"RECALL"},{"data":"Storm","floor":52,"key":"SMITH"}],"circlet_count":0,"master_deck":["Defend_B","Defend_B","Defend_B+1","Defend_B+1","Zap+1","Dualcast","Lockon","Defragment+1","Capacitor","Cold Snap","Self Repair","Cold Snap","Cold Snap+1","Seek+1","Rip and Tear+1","Blizzard+1","Redo+1","hubris:PowerSurge+1","Defragment+1","Storm+1","Cold Snap+1","Conserve Battery+1","hubris:SpecializedCircuitry+1","Storm+1","Capacitor+1","BasicCrystalCard+1","Cold Snap","Spreading Infection","Ball Lightning+1","Storm+1","Leap","ReplayTheSpireMod:IOU","Creative AI+1"],"relics":["Cracked Core","Bronze Scales","Pen Nib","Golden Egg","ReplayFunnel","Mummified Hand","MerchantsRug","Whetstone","Mango","Cursed Key","Ancient Tea Set","TungstenRod","hubris:RGBLights","Bag of Marbles"],"acts_visited":["Exordium","TheCity","TheBeyond","TheEnding"],"potions_floor_usage":[6,8,20,55],"damage_taken":[{"damage":1,"enemies":"Jaw Worm","floor":1,"turns":3},{"damage":1,"enemies":"Cultist","floor":2,"turns":3},{"damage":5,"enemies":"Small Slimes","floor":3,"turns":2},{"damage":5,"enemies":"2 Fungi Beasts","floor":4,"turns":3},{"damage":10,"enemies":"Gremlin Nob","floor":6,"turns":4},{"damage":30,"enemies":"Lagavulin","floor":8,"turns":5},{"damage":10,"enemies":"3 Louse","floor":11,"turns":3},{"damage":3,"enemies":"Large Slime","floor":14,"turns":5},{"damage":22,"enemies":"The Guardian","floor":16,"turns":11},{"damage":12,"enemies":"Shell Parasite","floor":18,"turns":4},{"damage":6,"enemies":"3 Byrds","floor":19,"turns":2},{"damage":6,"enemies":"Snake Plant","floor":20,"turns":3},{"damage":28,"enemies":"Gremlin Leader","floor":23,"turns":8},{"damage":22,"enemies":"Shelled Parasite and Fungi","floor":25,"turns":4},{"damage":0,"enemies":"Centurion and Healer","floor":28,"turns":6},{"damage":6,"enemies":"Replay:Snechameleon","floor":30,"turns":4},{"damage":11,"enemies":"Automaton","floor":33,"turns":9},{"damage":0,"enemies":"3 Shapes","floor":35,"turns":3},{"damage":0,"enemies":"3 Darklings","floor":37,"turns":5},{"damage":0,"enemies":"Jaw Worm Horde","floor":39,"turns":4},{"damage":0,"enemies":"Giant Head","floor":40,"turns":16},{"damage":14,"enemies":"Spire Growth","floor":41,"turns":3},{"damage":19,"enemies":"Maw","floor":42,"turns":5},{"damage":15,"enemies":"R_Hoarder","floor":44,"turns":4},{"damage":14,"enemies":"3 Darklings","floor":46,"turns":3},{"damage":0,"enemies":"Sphere and 2 Shapes","floor":48,"turns":3},{"damage":38,"enemies":"Replay:Hell Engine","floor":50,"turns":7},{"damage":0,"enemies":"Shield and Spear","floor":54,"turns":9},{"damage":0,"enemies":"The Heart","floor":55,"turns":15}],"seed_played":"8453077045161938829","potions_obtained":[{"floor":1,"key":"PowerPotion"},{"floor":2,"key":"Weak Potion"},{"floor":11,"key":"FocusPotion"},{"floor":14,"key":"LifebloodPotion"},{"floor":18,"key":"SkillPotion"},{"floor":20,"key":"SpeedPotion"},{"floor":21,"key":"EssenceOfSteel"},{"floor":30,"key":"Block Potion"},{"floor":41,"key":"PowerPotion"}],"is_trial":false,"path_per_floor":["M","M","M","M","$","E","R","E","T","R","M","$","?","M","R","B",null,"M","M","M","?","$","E","?","M","T","?","M","R","E","$","R","B",null,"M","?","M","?","M","E","M","M","T","E","$","M","?","M","R","B",null,"R","$","E","B",null],"character_chosen":"DEFECT","items_purchased":["Capacitor","Cold Snap","MerchantsRug","Storm+1","Cold Snap","Conserve Battery","Storm","Lee\u0027s Waffle","hubris:RGBLights"],"campfire_rested":3,"item_purchase_floors":[5,5,22,31,31,31,45,45,53],"current_hp_per_floor":[74,73,68,63,63,53,53,23,23,45,42,42,42,46,68,53,75,70,64,65,65,65,44,44,29,29,29,36,36,44,44,70,66,89,89,89,89,89,89,89,75,63,63,48,96,89,89,89,89,58,96,96,96,96,96],"gold":35,"neow_bonus":"UPGRADE_CARD","is_daily":false,"chose_seed":false,"campfire_upgraded":3,"win_rate":0.0,"timestamp":1610912176,"path_taken":["M","M","M","M","$","E","R","E","T","R","M","$","?","M","R","BOSS","M","M","M","?","$","E","?","M","T","?","M","R","E","$","R","BOSS","M","?","M","?","M","E","?","M","T","E","$","M","?","?","R","BOSS","R","$","E","BOSS"],"items_purchased_type":["Card","Card","Relic","Card","Card","Card","Card","Relic","Relic"],"build_version":"2020-12-22","purchased_purges":3,"victory":true,"max_hp_per_floor":[75,75,75,75,75,75,75,75,75,75,75,75,75,75,75,75,75,75,75,75,75,75,75,75,75,75,75,75,75,89,89,89,89,89,89,89,89,89,89,89,89,89,89,89,96,96,96,96,96,96,96,96,96,96,96],"card_choices":[{"not_picked":["Cold Snap","Rebound"],"picked":"Lockon","floor":1},{"not_picked":["ReplayTheSpireMod:System Scan","Stack","Gash"],"picked":"SKIP","floor":2},{"not_picked":["Steam","Panic Button","Chill"],"picked":"SKIP","floor":3},{"not_picked":["Streamline","Steam"],"picked":"Defragment","floor":4},{"not_picked":["Skim","ReplayGash","Heatsinks"],"picked":"SKIP","floor":6},{"not_picked":["ReplaySolidLightProjector","ReplayTheSpireMod:Repulse"],"picked":"Self Repair","floor":8},{"not_picked":["Coolheaded","Glacier"],"picked":"Cold Snap","floor":11},{"not_picked":["Genetic Algorithm","Beam Cell"],"picked":"Cold Snap","floor":14},{"not_picked":["Thunder Strike","Buffer"],"picked":"Seek","floor":16},{"not_picked":["Panic Button","Hologram"],"picked":"Rip and Tear+1","floor":18},{"not_picked":["Leap","Stack+1","Fusion+1"],"picked":"SKIP","floor":19},{"not_picked":["Sweeping Beam","Barrage"],"picked":"Blizzard","floor":20},{"not_picked":["Barrage","Go for the Eyes"],"picked":"Redo+1","floor":23},{"not_picked":["Gash","Sweeping Beam","Redo"],"picked":"SKIP","floor":25},{"not_picked":["Skim","Panic Button","Beam Cell"],"picked":"SKIP","floor":28},{"not_picked":["Beam Cell","Darkness+1"],"picked":"Defragment","floor":30},{"not_picked":["Amplify","Creative AI"],"picked":"hubris:SpecializedCircuitry","floor":33},{"not_picked":["ReplayTheSpireMod:GoodbyeWorld","ReplayTheSpireMod:Calculation Training"],"picked":"Storm","floor":35},{"not_picked":["Stack","Turbo+1"],"picked":"Capacitor+1","floor":36},{"not_picked":["Go for the Eyes","Steam"],"picked":"BasicCrystalCard+1","floor":37},{"not_picked":["Hello World+1","Conserve Battery","Compile Driver"],"picked":"SKIP","floor":39},{"not_picked":["Chaos","Compile Driver+1"],"picked":"Cold Snap","floor":40},{"not_picked":["Gash+1","Panic Button+1","ReplayTheSpireMod:Repulse"],"picked":"SKIP","floor":41},{"not_picked":["Aggregate","Hologram","Redo"],"picked":"SKIP","floor":42},{"not_picked":["Hello World+1","Auto Shields"],"picked":"Ball Lightning+1","floor":44},{"not_picked":["BasicCrystalCard","Leap","Rebound+1"],"picked":"SKIP","floor":46},{"not_picked":["Redo","Steam"],"picked":"Leap","floor":48},{"not_picked":["Gash","Panic Button"],"picked":"Creative AI","floor":54}],"player_experience":499611,"relics_obtained":[{"floor":6,"key":"Bronze Scales"},{"floor":8,"key":"Pen Nib"},{"floor":9,"key":"Golden Egg"},{"floor":23,"key":"Replay:Wax Seal"},{"floor":26,"key":"Whetstone"},{"floor":30,"key":"Mango"},{"floor":36,"key":"Ancient Tea Set"},{"floor":40,"key":"War Paint"},{"floor":44,"key":"TungstenRod"},{"floor":54,"key":"Bag of Marbles"}],"event_choices":[{"damage_healed":0,"gold_gain":0,"player_choice":"Gave Potion","damage_taken":0,"relics_obtained":["ReplayFunnel"],"max_hp_gain":0,"max_hp_loss":0,"event_name":"WeMeetAgain","floor":13,"gold_loss":0},{"damage_healed":0,"gold_gain":0,"player_choice":"Got Potions","damage_taken":0,"max_hp_gain":0,"max_hp_loss":0,"event_name":"Lab","floor":21,"gold_loss":0},{"damage_healed":0,"gold_gain":100,"player_choice":"Bet on Murderer","damage_taken":0,"max_hp_gain":0,"max_hp_loss":0,"event_name":"The Joust","floor":24,"gold_loss":50},{"damage_healed":0,"gold_gain":0,"cards_transformed":["Strike_B"],"player_choice":"Transformed","damage_taken":0,"max_hp_gain":0,"max_hp_loss":0,"event_name":"Transmorgrifier","floor":27,"gold_loss":0,"cards_obtained":["hubris:PowerSurge"]},{"cards_removed":["ReplayTheSpireMod:Splinters"],"damage_healed":0,"gold_gain":0,"player_choice":"Removed Curses","damage_taken":0,"max_hp_gain":0,"max_hp_loss":0,"event_name":"Fountain of Cleansing","floor":38,"gold_loss":0},{"damage_healed":0,"gold_gain":0,"player_choice":"Forge","damage_taken":0,"max_hp_gain":0,"max_hp_loss":0,"event_name":"Accursed Blacksmith","floor":47,"gold_loss":0,"cards_upgraded":["Defragment"]}],"is_beta":false,"boss_relics":[{"not_picked":["Replay:Bronze Core","Fusion Hammer"],"picked":"hubris:Backtick"},{"not_picked":["Snecko Eye","hubris:TerracottaHorce"],"picked":"Cursed Key"}],"items_purged_floors":[12,22,45],"is_endless":false,"potions_floor_spawned":[1,2,11,14,18,20,25,30,40,41,46,48],"ascension_level":1}}