{"host":"6bsan6hkua32tfq7","time":1610909803,"event":{"mods":["BaseMod","Better Third Choice","Colored Map","Highlight Path","Minty Spire (QoL Compilation)","StSLib"],"gold_per_floor":[112,122,141,141,141,141,169,169,169,201,201,213,213,226,226,302,302,314,327,28,28,28,58,58,89,89,89,106,6,6,34,34,108,108,118,143,157,176,193,225,225,255,255,255,255,130,130,130],"floor_reached":47,"language":"ENG","playtime":1658,"items_purged":["Strike_G","Defend_G","Strike_G"],"score":1148,"play_id":"eb6fa685-a0e2-45f7-93d1-2d1f462af4b7","local_time":"20210117195643","is_ascension_mode":true,"campfire_choices":[{"data":"Finisher","floor":6.0,"key":"SMITH"},{"floor":8.0,"key":"REST"},{"data":"Footwork","floor":11.0,"key":"SMITH"},{"data":"Crippling Poison","floor":13.0,"key":"SMITH"},{"data":"Neutralize","floor":15.0,"key":"SMITH"},{"floor":24.0,"key":"REST"},{"floor":27,"key":"REST"},{"floor":32,"key":"REST"},{"floor":41,"key":"REST"},{"floor":45,"key":"REST"}],"circlet_count":0,"master_deck":["AscendersBane","Strike_G","Strike_G","Strike_G","Defend_G","Defend_G","Defend_G","Survivor","Neutralize+1","Crippling Poison+1","Finisher+1","Noxious Fumes","Infinite Blades","Footwork+1","Endless Agony","After Image","Blade Dance","Adrenaline","Corpse Explosion","Corpse Explosion","Burst","Leg Sweep","Prepared","Well Laid Plans","Parasite"],"relics":["Ring of the Snake","NeowsBlessing","Juzu Bracelet","Toy Ornithopter","Unceasing Top","Incense Burner","WristBlade","Oddly Smooth Stone","Thread and Needle","Bag of Preparation","Boot","Vajra","Cursed Key","StoneCalendar","Sundial","Peace Pipe"],"acts_visited":["Exordium","TheCity","TheBeyond"],"potions_floor_usage":[25,33,47],"damage_taken":[{"damage":0.0,"enemies":"2 Louse","floor":1.0,"turns":1.0},{"damage":0.0,"enemies":"Jaw Worm","floor":2.0,"turns":1.0},{"damage":0.0,"enemies":"Cultist","floor":3.0,"turns":1.0},{"damage":29.0,"enemies":"Gremlin Nob","floor":7.0,"turns":4.0},{"damage":25.0,"enemies":"3 Sentries","floor":10.0,"turns":8.0},{"damage":5.0,"enemies":"Blue Slaver","floor":12.0,"turns":5.0},{"damage":0.0,"enemies":"3 Louse","floor":14.0,"turns":4.0},{"damage":3.0,"enemies":"The Guardian","floor":16.0,"turns":11.0},{"damage":24.0,"enemies":"2 Thieves","floor":18.0,"turns":4.0},{"damage":0.0,"enemies":"Spheric Guardian","floor":19.0,"turns":1.0},{"damage":14.0,"enemies":"Gremlin Leader","floor":23.0,"turns":9.0},{"damage":6,"enemies":"Slavers","floor":25,"turns":5},{"damage":5,"enemies":"Snake Plant","floor":28,"turns":4},{"damage":21,"enemies":"Gremlin Leader","floor":31,"turns":7},{"damage":28,"enemies":"Collector","floor":33,"turns":8},{"damage":3,"enemies":"3 Shapes","floor":35,"turns":3},{"damage":0,"enemies":"Mind Bloom Boss Battle","floor":36,"turns":3},{"damage":0,"enemies":"3 Darklings","floor":37,"turns":3},{"damage":19,"enemies":"Transient","floor":38,"turns":6},{"damage":3,"enemies":"Writhing Mass","floor":39,"turns":9},{"damage":18,"enemies":"Nemesis","floor":40,"turns":7},{"damage":19,"enemies":"Giant Head","floor":42,"turns":7},{"damage":59,"enemies":"Reptomancer","floor":47,"turns":5}],"seed_played":"2451155595953598198","potions_obtained":[{"floor":1.0,"key":"Swift Potion"},{"floor":2.0,"key":"DistilledChaos"},{"floor":12.0,"key":"DuplicationPotion"},{"floor":14.0,"key":"Energy Potion"},{"floor":18.0,"key":"SmokeBomb"},{"floor":23.0,"key":"Energy Potion"},{"floor":31,"key":"Energy Potion"},{"floor":38,"key":"PowerPotion"},{"floor":40,"key":"AttackPotion"},{"floor":42,"key":"Dexterity Potion"}],"is_trial":false,"path_per_floor":["M","M","M","?","T","R","E","R","T","E","R","M","R","M","R","B",null,"M","M","$","?","?","E","R","E","T","R","M","$","?","E","R","B",null,"M","?","M","M","M","E","R","E","T","?","R","$","E"],"character_chosen":"THE_SILENT","items_purchased":["Oddly Smooth Stone","Block Potion"],"campfire_rested":6,"item_purchase_floors":[20,20],"current_hp_per_floor":[59,59,59,64,64,64,35,56,56,36,36,31,31,31,31,33,62,38,43,43,23,23,14,36,35,35,57,52,52,52,31,53,30,65,62,62,62,43,40,22,44,25,25,25,46,46,0,0],"gold":130,"neow_bonus":"THREE_ENEMY_KILL","is_daily":false,"chose_seed":false,"campfire_upgraded":4,"win_rate":0.0,"timestamp":1610909803,"path_taken":["M","M","M","?","?","R","E","R","T","E","R","M","R","M","R","BOSS","M","M","$","?","?","E","R","E","T","R","M","$","?","E","R","BOSS","M","?","M","M","M","E","R","E","T","?","R","$","E"],"items_purchased_type":["Relic","Potion"],"build_version":"2020-12-22","purchased_purges":3,"victory":false,"max_hp_per_floor":[66,66,66,71,71,71,71,71,71,71,71,71,71,71,71,71,71,71,71,71,76,76,76,76,76,76,76,76,76,76,76,76,76,76,76,76,76,76,76,76,76,76,76,72,72,72,72,72],"card_choices":[{"not_picked":["Reflex","Cloak And Dagger"],"picked":"Crippling Poison","floor":1.0},{"not_picked":["Dodge and Roll","Accuracy"],"picked":"Finisher","floor":2.0},{"not_picked":["Cloak And Dagger","PiercingWail"],"picked":"Noxious Fumes","floor":3.0},{"not_picked":["Deflect","Noxious Fumes"],"picked":"Infinite Blades","floor":7.0},{"not_picked":["Dodge and Roll","Finisher"],"picked":"Footwork","floor":10.0},{"not_picked":["Backflip","Dagger Spray"],"picked":"Endless Agony","floor":12.0},{"not_picked":["Poisoned Stab","Underhanded Strike","Escape Plan"],"picked":"SKIP","floor":14.0},{"not_picked":["Grand Finale","Tools of the Trade"],"picked":"After Image","floor":16.0},{"not_picked":["Finisher","Sucker Punch"],"picked":"Blade Dance","floor":18.0},{"not_picked":["Bane","Riddle With Holes","Acrobatics"],"picked":"SKIP","floor":19.0},{"not_picked":["Sucker Punch","Blur"],"picked":"Adrenaline","floor":23.0},{"not_picked":["Poisoned Stab","Cloak And Dagger"],"picked":"Corpse Explosion","floor":25},{"not_picked":["Sucker Punch","Quick Slash","Reflex"],"picked":"SKIP","floor":28},{"not_picked":["Catalyst+1","Grand Finale","Bane"],"picked":"SKIP","floor":31},{"not_picked":["Night Terror","A Thousand Cuts"],"picked":"Burst","floor":33},{"not_picked":["Sucker Punch","Cloak And Dagger+1","Slice"],"picked":"SKIP","floor":35},{"not_picked":["Blade Dance","Dagger Spray+1","Cloak And Dagger+1"],"picked":"SKIP","floor":37},{"not_picked":["Blade Dance","Acrobatics"],"picked":"Leg Sweep","floor":38},{"not_picked":["Backflip+1","Predator","A Thousand Cuts"],"picked":"SKIP","floor":39},{"not_picked":["Concentrate","Caltrops"],"picked":"Prepared","floor":40},{"not_picked":["All Out Attack","Heel Hook"],"picked":"Well Laid Plans","floor":42}],"player_experience":5291736,"relics_obtained":[{"floor":5.0,"key":"Juzu Bracelet"},{"floor":7.0,"key":"Toy Ornithopter"},{"floor":9.0,"key":"Unceasing Top"},{"floor":10.0,"key":"Incense Burner"},{"floor":23.0,"key":"Thread and Needle"},{"floor":25,"key":"Bag of Preparation"},{"floor":26,"key":"Boot"},{"floor":31,"key":"Vajra"},{"floor":36,"key":"StoneCalendar"},{"floor":40,"key":"Sundial"},{"floor":42,"key":"Peace Pipe"}],"event_choices":[{"damage_healed":0.0,"max_hp_gain":5.0,"max_hp_loss":0.0,"gold_gain":0.0,"event_name":"Big Fish","player_choice":"Donut","floor":4.0,"gold_loss":0.0,"damage_taken":0.0},{"damage_healed":0.0,"max_hp_gain":5.0,"max_hp_loss":0.0,"gold_gain":0.0,"event_name":"Forgotten Altar","player_choice":"Shed Blood","floor":21.0,"gold_loss":0.0,"damage_taken":25.0},{"cards_removed":["Defend_G"],"damage_healed":0.0,"max_hp_gain":0.0,"max_hp_loss":0.0,"gold_gain":0.0,"event_name":"betterThird:BetterWriting","player_choice":"Elegance","floor":22.0,"gold_loss":0.0,"damage_taken":0.0},{"damage_healed":0,"gold_gain":0,"player_choice":"Copied","damage_taken":0,"max_hp_gain":0,"max_hp_loss":0,"event_name":"Duplicator","floor":30,"gold_loss":0,"cards_obtained":["Corpse Explosion"]},{"damage_healed":0,"gold_gain":0,"player_choice":"Fight","damage_taken":0,"max_hp_gain":0,"max_hp_loss":0,"event_name":"MindBloom","floor":36,"gold_loss":0},{"damage_healed":0,"gold_gain":0,"player_choice":"Max HP","damage_taken":0,"max_hp_gain":0,"max_hp_loss":4,"event_name":"Winding Halls","floor":44,"gold_loss":0}],"is_beta":false,"boss_relics":[{"not_picked":["Snecko Eye","Coffee Dripper"],"picked":"WristBlade"},{"not_picked":["Pandora\u0027s Box","Empty Cage"],"picked":"Cursed Key"}],"items_purged_floors":[20,29,46],"is_endless":false,"potions_floor_spawned":[1,2,12,14,18,23,31,38,40,42],"killed_by":"Reptomancer","ascension_level":20}}