{"host":"3nces2ajq3sg92g2","time":1610863229,"event":{"mods":["ATMod(阿瑾Mod)","Alarm Clock","Arknights The Spire","BaseMod","Colored Map","Conspire","Dota2Spire","Downfall","Minty Spire (QoL Compilation)","MostiFishMod","Quick Restart","Shop Mod","StSLib","TestMod","WarShipGirlsR/战舰少女R mod","vexMod","【功能Mod】聪明的最终Boss","【遗物卡牌】REMEMod"],"gold_per_floor":[117,137,35,54,54,84,84,102,102,117,117,127,127,140,140,243,243,263,283,298,313,313,313,330,330,330,359,40,40,56,85,85,185,185,195,195,205,205,205,233,250,10,10,10,55,84,100,100,100,300],"floor_reached":51,"language":"ZHS","playtime":6878,"items_purged":[],"score":856,"play_id":"cc7b5491-83d7-4bfd-a8ab-2f615e3008ac","local_time":"20210117140029","is_ascension_mode":false,"campfire_choices":[{"data":"MostiFishMod:DisColor","floor":11,"key":"SMITH"},{"data":"Eruption","floor":13,"key":"SMITH"},{"data":"MostiFishMod:Nomercy","floor":15,"key":"SMITH"},{"floor":23,"key":"REST"},{"data":"WindmillStrike","floor":25,"key":"SMITH"},{"data":"MostiFishMod:StarHerder","floor":32,"key":"SMITH"},{"floor":39,"key":"REST"},{"data":"AT_PowerWithin","floor":44,"key":"SMITH"},{"floor":49,"key":"REST"}],"circlet_count":0,"master_deck":["Strike_P","Strike_P","Strike_P","Strike_P+1","Defend_P","Defend_P","Defend_P","Defend_P","Eruption+1","Vigilance","sneckomod:UnknownExhaust","AT_FamilyPortrait","CrushJoints+1","BattleHymn","Consecrate","Collect","MostiFishMod:StarHerder+1","MostiFishMod:DisColor+1","Consecrate","Conclude","Worship","MostiFishMod:Nomercy+1","REME_Repentance","MostiFishMod:StarWish","FollowUp","JustLucky+1","Vault","FollowUp+1","WindmillStrike+1","ClearTheMind","FollowUp","CarveReality","Consecrate","MostiFishMod:LegendTransform","MostiFishMod:DustFall","REME_Repentance","Madness","AT_PowerWithin+1","Blind","Crescendo+1","JustLucky","Adaptation","Tantrum","BowlingBash","FollowUp","SashWhip+1","Halt+1","Flash of Steel","Finesse"],"relics":["PureWater","AT_ATBox","DaveBox","testmod-TestBox","REME_ComplimentaryCards","testmod-SaigiyounoYou","JellyFishMachine","SynthV:TestCard","Dota2Spire:LinkenSphere","Dota2Spire:BattleFury","VioletLotus","Ancient Tea Set","Civilization","Dota2Spire:Vanguard","Red Mask","testmod-IncinerationGenerator","vexMod:CardConverter","BrkXgEgg","Dota2Spire:ShivaGuard","vexMod:RedPlottingStone","Nunchaku","REME_HandOfSuture"],"acts_visited":["Exordium","TheCity","TheBeyond"],"potions_floor_usage":[6,10,14,16,20,27,27,33,33,38,50,50],"damage_taken":[{"damage":0,"enemies":"Small Slimes","floor":1,"turns":2},{"damage":6,"enemies":"conspire:RoseBush","floor":2,"turns":2},{"damage":0,"enemies":"2 Louse","floor":4,"turns":2},{"damage":27,"enemies":"3 Sentries","floor":6,"turns":6},{"damage":13,"enemies":"Exordium Wildlife","floor":8,"turns":3},{"damage":7,"enemies":"3 Louse","floor":10,"turns":2},{"damage":14,"enemies":"Blue Slaver","floor":12,"turns":3},{"damage":0,"enemies":"2 Fungi Beasts","floor":14,"turns":2},{"damage":17,"enemies":"The Guardian","floor":16,"turns":6},{"damage":0,"enemies":"3 Byrds","floor":18,"turns":3},{"damage":0,"enemies":"Spheric Guardian","floor":19,"turns":3},{"damage":25,"enemies":"Snecko","floor":20,"turns":4},{"damage":26,"enemies":"conspire:HollyBat","floor":21,"turns":7},{"damage":10,"enemies":"Shelled Parasite and Fungi","floor":24,"turns":2},{"damage":25,"enemies":"conspire:SneckoGhost","floor":27,"turns":5},{"damage":2,"enemies":"Centurion and Healer","floor":30,"turns":5},{"damage":0,"enemies":"Masked Bandits","floor":31,"turns":3},{"damage":0,"enemies":"Collector","floor":33,"turns":7},{"damage":0,"enemies":"Orb Walker","floor":35,"turns":2},{"damage":37,"enemies":"3 Darklings","floor":37,"turns":3},{"damage":13,"enemies":"Sphere and 2 Shapes","floor":38,"turns":3},{"damage":40,"enemies":"Reptomancer","floor":40,"turns":4},{"damage":0,"enemies":"Transient","floor":41,"turns":5},{"damage":9,"enemies":"2 Orb Walkers","floor":45,"turns":4},{"damage":63,"enemies":"Nemesis","floor":46,"turns":5},{"damage":29,"enemies":"4 Shapes","floor":47,"turns":4},{"damage":72,"enemies":"Time Eater","floor":50,"turns":7}],"seed_played":"1705804832110179425","potions_obtained":[{"floor":2,"key":"BlessingOfTheForge"},{"floor":8,"key":"SkillPotion"},{"floor":10,"key":"SneckoOil"},{"floor":12,"key":"Regen Potion"},{"floor":16,"key":"testmod-SpacePotion"},{"floor":18,"key":"Fire Potion"},{"floor":21,"key":"LiquidBronze"},{"floor":24,"key":"Regen Potion"},{"floor":27,"key":"SkillPotion"},{"floor":33,"key":"Swift Potion"},{"floor":40,"key":"Fire Potion"},{"floor":41,"key":"AttackPotion"}],"is_trial":false,"path_per_floor":["M","M","$","M","?","E","?","M","T","M","R","M","R","M","R","B",null,"M","M","M","M","?","R","M","R","T","E","$","?","M","?","R","B",null,"M","?","M","M","R","E","M","$","T","R","?","E","M","?","R","B",null],"character_chosen":"WATCHER","items_purchased":["Consecrate","Collect","Civilization","FollowUp","Dota2Spire:Vanguard","BrkXgEgg","Tantrum","BowlingBash"],"campfire_rested":3,"item_purchase_floors":[3,3,28,28,28,42,42,42],"current_hp_per_floor":[79,75,75,78,78,64,48,45,45,52,52,49,49,62,62,72,79,79,79,63,46,46,69,70,70,70,76,76,76,81,86,86,91,91,96,86,72,72,103,82,120,124,124,124,125,84,90,76,119,108],"gold":300,"neow_bonus":"TEN_PERCENT_HP_BONUS","is_daily":false,"chose_seed":false,"campfire_upgraded":6,"win_rate":0.0,"timestamp":1610863229,"path_taken":["M","M","$","M","?","E","?","M","T","M","R","M","R","M","R","BOSS","M","M","M","M","?","R","M","R","T","E","$","?","M","?","R","BOSS","M","?","M","M","M","E","M","$","T","R","?","E","M","?","R","BOSS"],"items_purchased_type":["Card","Card","Relic","Card","Relic","Relic","Card","Card"],"build_version":"2020-12-22","purchased_purges":0,"victory":true,"max_hp_per_floor":[79,79,79,79,79,79,79,79,79,79,79,79,79,79,79,79,79,79,79,79,79,79,79,79,79,79,79,79,79,81,86,86,91,91,96,96,101,106,106,113,120,124,124,124,131,138,145,145,145,164],"card_choices":[{"not_picked":["BowlingBash","SignatureMove"],"picked":"CrushJoints","floor":1},{"not_picked":["Crescendo","EmptyBody","Omniscience","BowlingBash"],"picked":"BattleHymn","floor":2},{"not_picked":["PathToVictory","SashWhip","FollowUp","Weave"],"picked":"MostiFishMod:StarHerder","floor":4},{"not_picked":[],"picked":"MostiFishMod:DisColor","floor":5},{"not_picked":["EmptyBody","CrushJoints","Crescendo","FlurryOfBlows"],"picked":"Consecrate","floor":6},{"not_picked":["Wallop","ThirdEye","Tantrum","Perseverance"],"picked":"Conclude","floor":8},{"not_picked":["CutThroughFate","WaveOfTheHand","MostiFishMod:Pointsdynamics","ClearTheMind"],"picked":"Worship","floor":10},{"not_picked":["EmptyFist","FlurryOfBlows","Wallop","ClearTheMind"],"picked":"MostiFishMod:Nomercy","floor":12},{"not_picked":["BowlingBash","CrushJoints","FearNoEvil","Establishment"],"picked":"REME_Repentance","floor":14},{"not_picked":["MostiFishMod:Disappear","REME_WorshipGod","MostiFishMod:Unraveling","MostiFishMod:Pointsdynamics"],"picked":"MostiFishMod:StarWish","floor":16},{"not_picked":["REME_MusicOfDeath","PathToVictory","CrushJoints","CutThroughFate"],"picked":"FollowUp","floor":18},{"not_picked":["Worship","CrushJoints+1","WheelKick","Nirvana"],"picked":"JustLucky+1","floor":19},{"not_picked":["Halt","Meditate","Vengeance+1","Crescendo"],"picked":"Vault","floor":20},{"not_picked":["Protect","FlurryOfBlows","CutThroughFate","EmptyBody"],"picked":"FollowUp+1","floor":21},{"not_picked":["InnerPeace","WreathOfFlame","CutThroughFate+1","AT_RealFormLess"],"picked":"WindmillStrike","floor":24},{"not_picked":["Sanctity","CutThroughFate","Consecrate","CrushJoints"],"picked":"ClearTheMind","floor":27},{"not_picked":["SashWhip+1","FlyingSleeves","FlurryOfBlows+1","Halt"],"picked":"Consecrate","floor":30},{"not_picked":["Evaluate","AT_RealFormLess+1","FearNoEvil+1","Study+1"],"picked":"MostiFishMod:LegendTransform","floor":31},{"not_picked":["LessonLearned","MostiFishMod:ScryFuture","MostiFishMod:Moonprays","MostiFishMod:StarOceanP"],"picked":"MostiFishMod:DustFall","floor":33},{"not_picked":["ClearTheMind+1","Study","AT_RealFormLess","CarveReality"],"picked":"REME_Repentance","floor":35},{"not_picked":["REME_FirmDetermination","testmod-TemporaryDeletion","REME_MagicPocketWatch","testmod-Provocation"],"picked":"Madness","floor":36},{"not_picked":["testmod-BackupPower","testmod-HandmadeProducts","testmod-ComboMaster","Bandage Up"],"picked":"AT_PowerWithin","floor":36},{"not_picked":["AT_CelerityRune","testmod-Superconductor","Swift Strike","testmod-LimitFlipper"],"picked":"Blind","floor":36},{"not_picked":["FollowUp+1","FlyingSleeves","ThirdEye","WreathOfFlame"],"picked":"Crescendo+1","floor":37},{"not_picked":["MostiFishMod:DisColor","Study+1","WheelKick","PathToVictory"],"picked":"JustLucky","floor":40},{"not_picked":["Sanctity","SandsOfTime","WheelKick+1","Nirvana"],"picked":"Adaptation","floor":41},{"not_picked":["CutThroughFate","EmptyBody","PathToVictory+1","FlurryOfBlows+1"],"picked":"FollowUp","floor":45},{"not_picked":["MostiFishMod:Adaptation+1","FlurryOfBlows","FollowUp","EmptyMind+1"],"picked":"SashWhip+1","floor":46},{"not_picked":["CrushJoints","SashWhip","Indignation+1","JustLucky+1"],"picked":"Halt+1","floor":47}],"player_experience":52562,"relics_obtained":[{"floor":1,"key":"SynthV:TestCard"},{"floor":6,"key":"Dota2Spire:LinkenSphere"},{"floor":9,"key":"Dota2Spire:BattleFury"},{"floor":27,"key":"Ancient Tea Set"},{"floor":31,"key":"Red Mask"},{"floor":40,"key":"vexMod:CardConverter"},{"floor":43,"key":"Dota2Spire:ShivaGuard"},{"floor":45,"key":"vexMod:RedPlottingStone"},{"floor":46,"key":"Nunchaku"}],"event_choices":[{"damage_healed":0,"gold_gain":0,"player_choice":"Entered Light","damage_taken":16,"max_hp_gain":0,"max_hp_loss":0,"event_name":"Shining Light","floor":7,"gold_loss":0,"cards_upgraded":["CrushJoints","Strike_P"]},{"damage_healed":0,"gold_gain":0,"player_choice":"Ignored","damage_taken":0,"max_hp_gain":0,"max_hp_loss":0,"event_name":"给自己的盒子","floor":22,"gold_loss":0},{"damage_healed":0,"gold_gain":0,"player_choice":"Read","damage_taken":0,"max_hp_gain":0,"max_hp_loss":0,"event_name":"The Library","floor":29,"gold_loss":0,"cards_obtained":["CarveReality"]},{"damage_healed":0,"gold_gain":0,"player_choice":"Fought Bandits","damage_taken":0,"max_hp_gain":0,"max_hp_loss":0,"event_name":"Masked Bandits","floor":31,"gold_loss":0},{"damage_healed":0,"gold_gain":0,"player_choice":"Memory 3","damage_taken":10,"max_hp_gain":0,"max_hp_loss":0,"event_name":"SensoryStone","floor":36,"gold_loss":0},{"damage_healed":0,"gold_gain":0,"player_choice":"Fight","damage_taken":0,"max_hp_gain":0,"max_hp_loss":0,"event_name":"Mysterious Sphere","floor":45,"gold_loss":0},{"damage_healed":0,"gold_gain":0,"player_choice":"Ignored","damage_taken":14,"max_hp_gain":0,"max_hp_loss":0,"event_name":"恩洛斯的盘子","floor":48,"gold_loss":0}],"is_beta":false,"boss_relics":[{"not_picked":["vexMod:TanglingVine","Runic Pyramid"],"picked":"VioletLotus"},{"not_picked":["Cursed Key","testmod-Prudence"],"picked":"testmod-IncinerationGenerator"}],"items_purged_floors":[],"is_endless":false,"potions_floor_spawned":[2,8,10,12,16,18,21,24,27,33,38,40,41],"ascension_level":0}}