{"host":"rj1j8apb2x4vafcu","time":1610913349,"event":{"mods":["AchievementEnabler","Act Like it!","BaseMod","Colored Map","Colored Powertips","Minty Spire (QoL Compilation)","Rare Cards Sparkle","StSLib"],"gold_per_floor":[112,112,287,212,231,231,56,56,56,56,56,70,70,92,92,92,92],"floor_reached":16,"language":"ENG","playtime":1164,"items_purged":["Doubt","Strike_B"],"score":86,"play_id":"7fb1c4d8-6f6a-41bd-9d10-97dc5cd6a906","local_time":"20210117175549","is_ascension_mode":false,"campfire_choices":[{"data":"Buffer","floor":6,"key":"SMITH"},{"data":"Zap","floor":10,"key":"SMITH"},{"data":"Loop","floor":15,"key":"SMITH"}],"circlet_count":0,"master_deck":["Strike_B","Strike_B","Defend_B","Defend_B","Defend_B","Defend_B","Zap+1","Dualcast","Buffer+1","Capacitor","Capacitor","Streamline","Loop+1","Coolheaded","Biased Cognition"],"relics":["Cracked Core","Juzu Bracelet","Girya","Odd Mushroom"],"acts_visited":["Exordium"],"potions_floor_usage":[16,16],"damage_taken":[{"damage":0,"enemies":"Small Slimes","floor":1,"turns":3},{"damage":10,"enemies":"Jaw Worm","floor":5,"turns":4},{"damage":0,"enemies":"Cultist","floor":12,"turns":4},{"damage":14,"enemies":"The Mushroom Lair","floor":14,"turns":5},{"damage":76,"enemies":"The Guardian","floor":16,"turns":14}],"seed_played":"7639822746430397896","potions_obtained":[{"floor":1,"key":"Regen Potion"},{"floor":14,"key":"BlessingOfTheForge"}],"is_trial":false,"path_per_floor":["M","?","?","$","M","R","$","T","T","R","$","M","?","?","R","B"],"character_chosen":"DEFECT","items_purchased":["Loop"],"campfire_rested":0,"item_purchase_floors":[7],"current_hp_per_floor":[75,75,75,75,65,65,65,65,65,65,65,65,70,56,56,0,0],"gold":92,"neow_bonus":"ONE_RANDOM_RARE_CARD","is_daily":false,"chose_seed":false,"campfire_upgraded":3,"win_rate":0.0,"timestamp":1610913349,"path_taken":["M","?","?","$","M","R","$","?","T","R","?","M","?","?","R","BOSS"],"items_purchased_type":["Card"],"build_version":"2020-12-22","purchased_purges":2,"victory":false,"max_hp_per_floor":[75,75,75,75,75,75,75,75,75,75,75,75,80,80,80,80,80],"card_choices":[{"not_picked":["Genetic Algorithm","Steam"],"picked":"Capacitor","floor":1},{"not_picked":["Leap","Coolheaded"],"picked":"Streamline","floor":5},{"not_picked":["Rebound","Melter"],"picked":"Coolheaded","floor":12},{"not_picked":["Gash","Stack"],"picked":"Biased Cognition","floor":14}],"player_experience":93216,"relics_obtained":[{"floor":8,"key":"Juzu Bracelet"},{"floor":9,"key":"Girya"},{"floor":14,"key":"Odd Mushroom"}],"event_choices":[{"damage_healed":0,"gold_gain":0,"cards_transformed":["Strike_B"],"player_choice":"Change","damage_taken":0,"max_hp_gain":0,"max_hp_loss":0,"event_name":"Living Wall","floor":2,"gold_loss":0,"cards_obtained":["Capacitor"]},{"damage_healed":0,"gold_gain":175,"player_choice":"AGREE","damage_taken":0,"max_hp_gain":0,"max_hp_loss":0,"event_name":"Liars Game","floor":3,"gold_loss":0,"cards_obtained":["Doubt"]},{"damage_healed":0,"gold_gain":0,"player_choice":"Donut","damage_taken":0,"max_hp_gain":5,"max_hp_loss":0,"event_name":"Big Fish","floor":13,"gold_loss":0},{"damage_healed":0,"gold_gain":0,"player_choice":"Fought Mushrooms","damage_taken":0,"max_hp_gain":0,"max_hp_loss":0,"event_name":"Mushrooms","floor":14,"gold_loss":0}],"is_beta":false,"boss_relics":[],"items_purged_floors":[4,7],"is_endless":false,"potions_floor_spawned":[1,14],"killed_by":"The Guardian","ascension_level":0}}