{"host":"jscggscbx0p7706o","time":1610898839,"event":{"mods":["AchievementEnabler","BaseMod","Block Reminder","Colored Powertips","Filter the Spire","Minty Spire (QoL Compilation)","Permanent Neow","Quick Restart","StSLib"],"gold_per_floor":[114,114,134,150,37,37,55,55,55,55,55,69,69,89,89,193,193,206,305,61,80,98,98,118,138,208,208,608,608,635,647,647,752,752,765,815,825,845,845,857,857,869,893,362,382,382,400,415,415,415],"floor_reached":51,"language":"ENG","playtime":852,"items_purged":["Defend_R","Defend_R","Strike_R"],"score":720,"play_id":"aecf26ca-0eb9-44f9-8eab-84f40f9d9728","local_time":"20210117235359","is_ascension_mode":false,"campfire_choices":[{"data":"Whirlwind","floor":6.0,"key":"SMITH"},{"data":"Bash","floor":8.0,"key":"SMITH"},{"data":"Strike_R","floor":13.0,"key":"SMITH"},{"data":"Strike_R","floor":15.0,"key":"SMITH"},{"data":"Strike_R","floor":23.0,"key":"SMITH"},{"data":"Offering","floor":29.0,"key":"SMITH"},{"floor":32.0,"key":"REST"},{"floor":41,"key":"REST"},{"floor":46,"key":"REST"},{"floor":49,"key":"REST"}],"circlet_count":0,"master_deck":["Strike_R","Strike_R+1","Strike_R+1","Strike_R+1","Bash+1","Whirlwind+1","Spot Weakness+1","Thunderclap","Spot Weakness+1","Offering+1","Limit Break","Flex+1","Whirlwind+1","Flex+1","Flex+1"],"relics":["Runic Dome","Sundial","Runic Cube","Chemical X","Kunai","Old Coin","Blue Candle","Red Mask","Philosopher\u0027s Stone","Thread and Needle","Bronze Scales","Shuriken","OrangePellets"],"acts_visited":["Exordium","TheCity","TheBeyond"],"potions_floor_usage":[44,50],"damage_taken":[{"damage":0.0,"enemies":"2 Louse","floor":1.0,"turns":3.0},{"damage":1.0,"enemies":"Cultist","floor":3.0,"turns":3.0},{"damage":8.0,"enemies":"Small Slimes","floor":4.0,"turns":2.0},{"damage":12.0,"enemies":"Blue Slaver","floor":7.0,"turns":2.0},{"damage":0.0,"enemies":"2 Fungi Beasts","floor":12.0,"turns":1.0},{"damage":0.0,"enemies":"Large Slime","floor":14.0,"turns":3.0},{"damage":44.0,"enemies":"Hexaghost","floor":16.0,"turns":7.0},{"damage":0.0,"enemies":"2 Thieves","floor":18.0,"turns":1.0},{"damage":10.0,"enemies":"Chosen","floor":21.0,"turns":2.0},{"damage":0.0,"enemies":"Centurion and Healer","floor":22.0,"turns":2.0},{"damage":0.0,"enemies":"3 Cultists","floor":24.0,"turns":2.0},{"damage":10.0,"enemies":"Cultist and Chosen","floor":25.0,"turns":3.0},{"damage":0.0,"enemies":"Colosseum Slavers","floor":28.0,"turns":1.0},{"damage":7.0,"enemies":"Colosseum Nobs","floor":28.0,"turns":2.0},{"damage":6.0,"enemies":"Masked Bandits","floor":30.0,"turns":1.0},{"damage":6.0,"enemies":"Centurion and Healer","floor":31.0,"turns":2.0},{"damage":20.0,"enemies":"Automaton","floor":33.0,"turns":4.0},{"damage":22.0,"enemies":"3 Shapes","floor":35.0,"turns":2.0},{"damage":6,"enemies":"Mind Bloom Boss Battle","floor":36,"turns":2},{"damage":10,"enemies":"3 Darklings","floor":37,"turns":2},{"damage":14,"enemies":"4 Shapes","floor":38,"turns":2},{"damage":8,"enemies":"Spire Growth","floor":40,"turns":2},{"damage":6,"enemies":"Writhing Mass","floor":42,"turns":1},{"damage":0,"enemies":"Transient","floor":45,"turns":5},{"damage":9,"enemies":"Sphere and 2 Shapes","floor":47,"turns":1},{"damage":0,"enemies":"Jaw Worm Horde","floor":48,"turns":1},{"damage":6,"enemies":"Time Eater","floor":50,"turns":1}],"seed_played":"4443395155929775156","potions_obtained":[{"floor":1.0,"key":"Regen Potion"},{"floor":7.0,"key":"HeartOfIron"},{"floor":16.0,"key":"SteroidPotion"},{"floor":22.0,"key":"DuplicationPotion"},{"floor":37,"key":"Fruit Juice"},{"floor":45,"key":"LiquidBronze"}],"is_trial":false,"path_per_floor":["M","?","M","M","$","R","M","R","T","?","?","M","R","M","R","B",null,"M","?","$","M","M","R","M","M","T","?","?","R","?","M","R","B",null,"M","?","M","M","?","M","R","M","T","$","M","R","M","M","R","B",null],"character_chosen":"IRONCLAD","items_purchased":["Whirlwind","Chemical X","Shuriken","OrangePellets"],"campfire_rested":4,"item_purchase_floors":[5,20,44,44],"current_hp_per_floor":[80,80,79,71,71,71,59,59,59,59,59,59,59,59,59,15,80,80,80,80,70,70,70,70,60,60,45,38,38,32,26,51,31,85,63,57,47,33,33,25,50,44,44,49,49,76,67,67,90,84],"gold":415,"neow_bonus":"BOSS_RELIC","is_daily":false,"chose_seed":false,"campfire_upgraded":6,"win_rate":0.0,"timestamp":1610898839,"path_taken":["M","?","?","M","$","R","M","R","T","?","?","M","R","M","R","BOSS","M","?","$","M","M","R","M","M","T","?","?","R","?","M","R","BOSS","M","?","M","M","?","?","R","?","T","$","M","R","M","M","R","BOSS"],"items_purchased_type":["Card","Relic","Relic","Relic"],"build_version":"2020-12-22","purchased_purges":3,"victory":true,"max_hp_per_floor":[80,80,80,80,80,80,80,80,80,80,80,80,80,80,80,80,80,80,80,80,80,80,80,80,80,80,85,85,85,85,85,85,85,85,85,85,85,85,85,85,85,85,85,90,90,90,90,90,90,90],"card_choices":[{"not_picked":["Entrench","Iron Wave","True Grit"],"picked":"SKIP","floor":1.0},{"not_picked":["Thunderclap","Clash","Headbutt"],"picked":"SKIP","floor":3.0},{"not_picked":["Shrug It Off","Body Slam","Heavy Blade"],"picked":"SKIP","floor":4.0},{"not_picked":["Anger","Heavy Blade","Combust"],"picked":"SKIP","floor":7.0},{"not_picked":["Sentinel","Rupture","Ghostly Armor"],"picked":"SKIP","floor":12.0},{"not_picked":["Headbutt","Clothesline","Sentinel"],"picked":"SKIP","floor":14.0},{"not_picked":["Combust","Shrug It Off+1","Carnage"],"picked":"SKIP","floor":18.0},{"not_picked":["True Grit","Fire Breathing"],"picked":"Spot Weakness+1","floor":21.0},{"not_picked":["Cleave","Fire Breathing","Clothesline"],"picked":"SKIP","floor":22.0},{"not_picked":["Whirlwind","Havoc"],"picked":"Thunderclap","floor":24.0},{"not_picked":["Heavy Blade","Feel No Pain"],"picked":"Spot Weakness+1","floor":25.0},{"not_picked":["Clothesline","True Grit"],"picked":"Offering","floor":28.0},{"not_picked":["Heavy Blade","Metallicize+1","Wild Strike+1"],"picked":"SKIP","floor":31.0},{"not_picked":["Offering","Feed"],"picked":"Limit Break","floor":33.0},{"not_picked":["Dropkick+1","Headbutt+1"],"picked":"Flex+1","floor":35.0},{"not_picked":["Fiend Fire","Twin Strike"],"picked":"Whirlwind+1","floor":37},{"not_picked":["Dual Wield","Cleave","Infernal Blade+1"],"picked":"SKIP","floor":38},{"not_picked":["Thunderclap","Sentinel","Sword Boomerang"],"picked":"SKIP","floor":40},{"not_picked":["Headbutt+1","Body Slam","Cleave"],"picked":"SKIP","floor":42},{"not_picked":["Rage+1","Whirlwind"],"picked":"Flex+1","floor":45},{"not_picked":["Shrug It Off","Sword Boomerang+1","Heavy Blade"],"picked":"SKIP","floor":47},{"not_picked":["Berserk","True Grit+1","Shrug It Off+1"],"picked":"SKIP","floor":48}],"player_experience":285260,"relics_obtained":[{"floor":9.0,"key":"Sundial"},{"floor":26.0,"key":"Kunai"},{"floor":28.0,"key":"Old Coin"},{"floor":28.0,"key":"Blue Candle"},{"floor":30.0,"key":"Red Mask"},{"floor":36,"key":"Thread and Needle"},{"floor":43,"key":"Bronze Scales"}],"event_choices":[{"cards_removed":["Defend_R"],"damage_healed":0.0,"max_hp_gain":0.0,"max_hp_loss":0.0,"gold_gain":0.0,"event_name":"Bonfire Elementals","player_choice":"Offered Basic","floor":2.0,"gold_loss":0.0,"damage_taken":0.0},{"damage_healed":0.0,"max_hp_gain":0.0,"max_hp_loss":0.0,"gold_gain":0.0,"event_name":"Dead Adventurer","player_choice":"Searched \u00270\u0027 times","floor":10.0,"gold_loss":0.0,"damage_taken":0.0},{"cards_removed":["Defend_R"],"damage_healed":0.0,"max_hp_gain":0.0,"max_hp_loss":0.0,"gold_gain":0.0,"event_name":"Living Wall","player_choice":"Forget","floor":11.0,"gold_loss":0.0,"damage_taken":0.0},{"damage_healed":0.0,"max_hp_gain":0.0,"max_hp_loss":0.0,"gold_gain":99.0,"event_name":"Nest","player_choice":"Stole From Cult","floor":19.0,"gold_loss":0.0,"damage_taken":0.0},{"damage_healed":0.0,"max_hp_gain":5.0,"max_hp_loss":0.0,"gold_gain":0.0,"event_name":"Forgotten Altar","player_choice":"Shed Blood","floor":27.0,"gold_loss":0.0,"damage_taken":20.0},{"damage_healed":0.0,"max_hp_gain":0.0,"max_hp_loss":0.0,"gold_gain":0.0,"event_name":"Colosseum","player_choice":"Fight","floor":28.0,"gold_loss":0.0,"damage_taken":0.0},{"damage_healed":0.0,"max_hp_gain":0.0,"max_hp_loss":0.0,"gold_gain":0.0,"event_name":"Colosseum","player_choice":"Fought Nobs","floor":28.0,"gold_loss":0.0,"damage_taken":0.0},{"damage_healed":0.0,"max_hp_gain":0.0,"max_hp_loss":0.0,"gold_gain":0.0,"event_name":"Masked Bandits","player_choice":"Fought Bandits","floor":30.0,"gold_loss":0.0,"damage_taken":0.0},{"damage_healed":0,"gold_gain":0,"player_choice":"Fight","damage_taken":0,"max_hp_gain":0,"max_hp_loss":0,"event_name":"MindBloom","floor":36,"gold_loss":0},{"damage_healed":0,"gold_gain":0,"player_choice":"Copied","damage_taken":0,"max_hp_gain":0,"max_hp_loss":0,"event_name":"Duplicator","floor":39,"gold_loss":0,"cards_obtained":["Flex"]}],"is_beta":false,"boss_relics":[{"not_picked":["Fusion Hammer","Tiny House"],"picked":"Runic Cube"},{"not_picked":["Black Star","Pandora\u0027s Box"],"picked":"Philosopher\u0027s Stone"}],"items_purged_floors":[5,20,44],"is_endless":false,"potions_floor_spawned":[1,7,16,22,25,28,30,33,37,38,45,47,48],"ascension_level":0}}