{"host":"c6u7e77myxvw4d0m","time":1610911912,"event":{"mods":["AchievementEnabler","BaseMod","Bestiary","Colored Map","Colored Powertips","Minty Spire (QoL Compilation)","Rare Cards Sparkle","Relic Stats","everything is the same but u backflip on backflip"],"gold_per_floor":[360,360,373,45,45,45,73,73,73,93,120,130,143,162,162,235,235,247,257,257,257,0,29,79,109,134,164,175,175,190,200,200,275,275,286,25,43,43,53,86,86,105,132,161,180,207,262,296,296,296],"floor_reached":51,"language":"ENG","playtime":4252,"items_purged":["Regret","Writhe"],"score":1537,"play_id":"63e4001d-e354-436b-a8f5-0731af833bbe","local_time":"20210117213152","is_ascension_mode":true,"campfire_choices":[{"data":"Neutralize","floor":6,"key":"SMITH"},{"floor":8,"key":"REST"},{"data":"Noxious Fumes","floor":15,"key":"SMITH"},{"data":"Crippling Poison","floor":32,"key":"SMITH"},{"data":"Burst","floor":41,"key":"SMITH"},{"data":"Footwork","floor":49,"key":"SMITH"}],"circlet_count":0,"master_deck":["AscendersBane","Defend_G","Defend_G","Defend_G","Defend_G","Survivor","Neutralize+1","Cloak And Dagger","Quick Slash","Corpse Explosion+1","Noxious Fumes+1","Cloak And Dagger","Noxious Fumes","Bane","Leg Sweep","PiercingWail","Dodge and Roll","Footwork+1","Burst+1","Crippling Poison+1","Bite","Bite","Bite","Bite","Bite","Well Laid Plans+1","Prepared+1","Dodge and Roll+1","Distraction+1","Deadly Poison+1","Backflip+1","Wraith Form v2+1","CurseOfTheBell","Tactician+1","Distraction+1","Well Laid Plans+1","Bandage Up+1","Footwork+1","Madness+1","Madness+1","Backflip+1","Caltrops+1","Noxious Fumes+1","PiercingWail+1"],"relics":["Ring of the Snake","Question Card","Meat on the Bone","Mango","Sozu","Tough Bandages","Snake Skull","Toxic Egg 2","Boot","Bronze Scales","Frozen Egg 2","Calling Bell","Art of War","Mercury Hourglass","Thread and Needle","Potion Belt","Orichalcum","Blood Vial","FossilizedHelix","Happy Flower"],"acts_visited":["Exordium","TheCity","TheBeyond"],"potions_floor_usage":[3,11,11,47,50],"damage_taken":[{"damage":11,"enemies":"Cultist","floor":1,"turns":5},{"damage":11,"enemies":"Jaw Worm","floor":3,"turns":6},{"damage":19,"enemies":"Gremlin Nob","floor":7,"turns":4},{"damage":0,"enemies":"2 Louse","floor":10,"turns":4},{"damage":11,"enemies":"Lagavulin","floor":11,"turns":6},{"damage":12,"enemies":"Large Slime","floor":12,"turns":6},{"damage":10,"enemies":"Red Slaver","floor":13,"turns":5},{"damage":0,"enemies":"Looter","floor":14,"turns":4},{"damage":29,"enemies":"Slime Boss","floor":16,"turns":7},{"damage":7,"enemies":"Spheric Guardian","floor":18,"turns":4},{"damage":0,"enemies":"Chosen","floor":19,"turns":5},{"damage":20,"enemies":"Book of Stabbing","floor":23,"turns":7},{"damage":4,"enemies":"Gremlin Leader","floor":25,"turns":6},{"damage":33,"enemies":"Book of Stabbing","floor":27,"turns":6},{"damage":1,"enemies":"Snake Plant","floor":28,"turns":4},{"damage":4,"enemies":"Shelled Parasite and Fungi","floor":30,"turns":5},{"damage":0,"enemies":"Cultist and Chosen","floor":31,"turns":4},{"damage":31,"enemies":"Collector","floor":33,"turns":8},{"damage":0,"enemies":"3 Shapes","floor":35,"turns":3},{"damage":4,"enemies":"Orb Walker","floor":37,"turns":2},{"damage":0,"enemies":"Maw","floor":39,"turns":9},{"damage":9,"enemies":"Giant Head","floor":40,"turns":9},{"damage":18,"enemies":"Transient","floor":42,"turns":5},{"damage":20,"enemies":"Reptomancer","floor":44,"turns":7},{"damage":5,"enemies":"Sphere and 2 Shapes","floor":45,"turns":7},{"damage":3,"enemies":"Giant Head","floor":46,"turns":11},{"damage":14,"enemies":"2 Orb Walkers","floor":47,"turns":3},{"damage":15,"enemies":"Nemesis","floor":48,"turns":9},{"damage":41,"enemies":"Time Eater","floor":50,"turns":14}],"seed_played":"5227569365812503193","potions_obtained":[{"floor":1,"key":"DistilledChaos"},{"floor":7,"key":"SkillPotion"},{"floor":10,"key":"SkillPotion"},{"floor":11,"key":"BlessingOfTheForge"},{"floor":16,"key":"AttackPotion"}],"is_trial":false,"path_per_floor":["M","?","M","$","?","R","E","R","T","M","E","M","M","M","R","B",null,"M","M","?","?","$","E","?","E","T","E","M","?","M","M","R","B",null,"M","$","M","?","M","E","R","M","T","E","M","E","?","E","R","B",null],"character_chosen":"THE_SILENT","items_purchased":["Corpse Explosion","Noxious Fumes","Cloak And Dagger","Snake Skull","Distraction+1","Well Laid Plans+1","Bandage Up+1"],"campfire_rested":1,"item_purchase_floors":[4,4,4,22,36,36,36],"current_hp_per_floor":[48,66,55,55,35,35,16,35,35,35,50,50,52,52,52,35,69,62,62,56,56,56,42,42,46,46,39,42,42,46,52,52,29,49,49,49,52,42,56,56,56,40,40,38,49,56,42,47,47,40],"gold":296,"neow_bonus":"TWO_FIFTY_GOLD","is_daily":false,"chose_seed":false,"campfire_upgraded":5,"win_rate":0.0,"timestamp":1610911912,"path_taken":["M","?","M","$","?","R","E","R","T","M","E","M","M","M","R","BOSS","M","M","?","?","$","E","?","E","T","E","M","?","?","M","R","BOSS","M","$","M","?","M","E","R","M","T","E","M","E","?","E","R","BOSS"],"items_purchased_type":["Card","Card","Card","Relic","Card","Card","Card"],"build_version":"2020-12-22","purchased_purges":2,"victory":true,"max_hp_per_floor":[66,66,66,66,66,66,66,66,66,66,80,80,80,80,80,80,80,80,80,56,56,56,56,56,56,56,56,56,56,56,56,56,56,56,56,56,56,56,56,56,56,56,56,56,56,56,56,56,56,56],"relic_stats":{"Happy Flower":[4],"counters":[29,175],"Snake Skull":[159],"Orichalcum":[48],"Question Card":26,"Boot":[65],"Mercury Hourglass":[271],"Sozu":8,"Blood Vial":4,"Tough Bandages":[138],"Bronze Scales":[358],"Art of War":[23],"obtain_stats":[{"Potion Belt":40,"Happy Flower":48,"Mango":11,"Thread and Needle":34,"Snake Skull":22,"Frozen Egg 2":27,"Orichalcum":44,"Question Card":7,"Boot":25,"Mercury Hourglass":34,"Sozu":17,"Calling Bell":34,"Blood Vial":46,"Tough Bandages":21,"Bronze Scales":26,"Art of War":34,"Toxic Egg 2":23,"FossilizedHelix":47,"Ring of the Snake":0,"Meat on the Bone":9},{"Potion Belt":22,"Happy Flower":28,"Mango":5,"Thread and Needle":18,"Snake Skull":11,"Frozen Egg 2":14,"Orichalcum":24,"Question Card":3,"Boot":13,"Mercury Hourglass":18,"Sozu":9,"Calling Bell":18,"Blood Vial":26,"Tough Bandages":11,"Bronze Scales":13,"Art of War":18,"Toxic Egg 2":12,"FossilizedHelix":27,"Ring of the Snake":0,"Meat on the Bone":3},{"Potion Belt":119,"Happy Flower":161,"Mango":25,"Thread and Needle":96,"Snake Skull":56,"Frozen Egg 2":75,"Orichalcum":131,"Question Card":15,"Boot":69,"Mercury Hourglass":96,"Sozu":47,"Calling Bell":96,"Blood Vial":149,"Tough Bandages":56,"Bronze Scales":69,"Art of War":96,"Toxic Egg 2":63,"FossilizedHelix":152,"Ring of the Snake":0,"Meat on the Bone":15}],"Ring of the Snake":[58],"Meat on the Bone":72},"card_choices":[{"not_picked":["Blade Dance","Bane"],"picked":"Cloak And Dagger","floor":1},{"not_picked":["Masterful Stab","Deflect"],"picked":"Quick Slash","floor":3},{"not_picked":["Slice","Bouncing Flask"],"picked":"Noxious Fumes","floor":7},{"not_picked":["Deadly Poison","Backflip","Acrobatics"],"picked":"Bane","floor":10},{"not_picked":["Flying Knee","Sucker Punch","Eviscerate"],"picked":"Leg Sweep","floor":11},{"not_picked":["Poisoned Stab","Acrobatics","Sucker Punch"],"picked":"PiercingWail","floor":12},{"not_picked":["Blade Dance","Quick Slash","Tactician"],"picked":"Dodge and Roll","floor":13},{"not_picked":["Backstab","Poisoned Stab","Slice"],"picked":"Footwork","floor":14},{"not_picked":["Glass Knife","Phantasmal Killer","Bullet Time"],"picked":"Burst","floor":16},{"not_picked":["Tactician","Dagger Throw+1","Outmaneuver","Acrobatics"],"picked":"SKIP","floor":18},{"not_picked":["Deflect","Flying Knee","Noxious Fumes+1"],"picked":"Crippling Poison","floor":19},{"not_picked":["Finisher","Masterful Stab","Deflect+1","Flying Knee"],"picked":"SKIP","floor":23},{"not_picked":["Riddle With Holes+1","Blade Dance+1","Flying Knee"],"picked":"Well Laid Plans+1","floor":25},{"not_picked":["Terror+1","Setup+1","Distraction+1"],"picked":"Prepared+1","floor":27},{"not_picked":["Infinite Blades+1","Grand Finale","Deflect+1"],"picked":"Dodge and Roll+1","floor":28},{"not_picked":["Quick Slash","Dagger Spray","Calculated Gamble+1"],"picked":"Deadly Poison+1","floor":30},{"not_picked":["Underhanded Strike","Quick Slash","Bane"],"picked":"Backflip+1","floor":31},{"not_picked":["Venomology+1","Tools of the Trade+1","After Image+1"],"picked":"Wraith Form v2+1","floor":33},{"not_picked":["Slice","Underhanded Strike+1","Cloak And Dagger+1"],"picked":"Tactician+1","floor":35},{"not_picked":["Blade Dance+1","Bane","Well Laid Plans+1"],"picked":"Footwork+1","floor":37},{"not_picked":["Expertise+1","Quick Slash","Dagger Throw","Dodge and Roll+1"],"picked":"SKIP","floor":39},{"not_picked":["Underhanded Strike+1","Poisoned Stab","Deadly Poison+1"],"picked":"Backflip+1","floor":40},{"not_picked":["Blade Dance+1","Deflect+1","Flechettes+1","Dodge and Roll+1"],"picked":"SKIP","floor":42},{"not_picked":["Outmaneuver+1","Storm of Steel+1","Bane","Infinite Blades+1"],"picked":"SKIP","floor":44},{"not_picked":["All Out Attack+1","PiercingWail+1","Masterful Stab"],"picked":"Caltrops+1","floor":45},{"not_picked":["Deflect+1","Skewer","Reflex+1"],"picked":"Noxious Fumes+1","floor":46},{"not_picked":["Dagger Throw","Dodge and Roll+1","Quick Slash"],"picked":"PiercingWail+1","floor":47},{"not_picked":["Phantasmal Killer+1","Sucker Punch","Bane+1","Quick Slash"],"picked":"SKIP","floor":48}],"player_experience":390000,"relics_obtained":[{"floor":7,"key":"Question Card"},{"floor":9,"key":"Meat on the Bone"},{"floor":11,"key":"Mango"},{"floor":23,"key":"Toxic Egg 2"},{"floor":25,"key":"Boot"},{"floor":26,"key":"Bronze Scales"},{"floor":27,"key":"Frozen Egg 2"},{"floor":34,"key":"Art of War"},{"floor":34,"key":"Mercury Hourglass"},{"floor":34,"key":"Thread and Needle"},{"floor":40,"key":"Potion Belt"},{"floor":44,"key":"Orichalcum"},{"floor":46,"key":"Blood Vial"},{"floor":47,"key":"FossilizedHelix"},{"floor":48,"key":"Happy Flower"}],"event_choices":[{"damage_healed":22,"gold_gain":0,"player_choice":"Banana","damage_taken":0,"max_hp_gain":0,"max_hp_loss":0,"event_name":"Big Fish","floor":2,"gold_loss":0},{"damage_healed":0,"gold_gain":0,"player_choice":"Entered Light","damage_taken":20,"max_hp_gain":0,"max_hp_loss":0,"event_name":"Shining Light","floor":5,"gold_loss":0,"cards_upgraded":["Strike_G","Corpse Explosion"]},{"damage_healed":0,"gold_gain":0,"player_choice":"Became a vampire","damage_taken":0,"max_hp_gain":0,"max_hp_loss":24,"event_name":"Vampires","floor":20,"gold_loss":0,"cards_obtained":["Bite","Bite","Bite","Bite","Bite"]},{"damage_healed":0,"gold_gain":0,"player_choice":"Opened","damage_taken":0,"relics_obtained":["Tough Bandages"],"max_hp_gain":0,"max_hp_loss":0,"event_name":"The Mausoleum","floor":21,"gold_loss":0,"cards_obtained":["Writhe"]},{"damage_healed":0,"gold_gain":50,"player_choice":"Stole From Cult","damage_taken":0,"max_hp_gain":0,"max_hp_loss":0,"event_name":"Nest","floor":24,"gold_loss":0},{"damage_healed":0,"gold_gain":0,"cards_transformed":["Defend_G"],"player_choice":"Transformed","damage_taken":0,"max_hp_gain":0,"max_hp_loss":0,"event_name":"Transmorgrifier","floor":29,"gold_loss":0,"cards_obtained":["Distraction"]},{"damage_healed":0,"gold_gain":0,"player_choice":"Embrace Madness","damage_taken":10,"max_hp_gain":0,"max_hp_loss":0,"event_name":"Winding Halls","floor":38,"gold_loss":0,"cards_obtained":["Madness","Madness"]},{"damage_healed":0,"gold_gain":0,"player_choice":"Fight","damage_taken":0,"max_hp_gain":0,"max_hp_loss":0,"event_name":"Mysterious Sphere","floor":47,"gold_loss":0}],"is_beta":false,"boss_relics":[{"not_picked":["Ectoplasm","Astrolabe"],"picked":"Sozu"},{"not_picked":["Runic Dome","Velvet Choker"],"picked":"Calling Bell"}],"items_purged_floors":[4,22],"is_endless":false,"potions_floor_spawned":[1,7,10,11,16,19,23,28,31,33,37,40,45,46],"ascension_level":16}}