{"host":"t6qtrm0p3vt4mocc","time":1610913320,"event":{"mods":["BaseMod","Become a monster ???","Better Skull","Colored Powertips","Defuse TimeMaze Blight","Force Act Four","Fox Events","Friendly Minions","Highlight Path","Hunter ??","Minty Spire (QoL Compilation)","Rare Cards Sparkle","StSLib","Waifu the Spire"],"gold_per_floor":[141,416,427,427,447,447,508,524,524,594,226,282,282,36,36,167,167,183,183,183,229,244,276,276,276,303,349,359,61,61,91,91,216,216,233,233,233,251,173,173,173,188,258,15,40,40,40,52,52,82],"floor_reached":51,"language":"RUS","playtime":2659,"items_purged":["Regret","Regret"],"score":819,"play_id":"db91a551-725c-45b6-9ae0-477b4cdc045f","local_time":"20210117225520","is_ascension_mode":false,"campfire_choices":[{"data":"CultistPetCall","floor":6.0,"key":"SMITH"},{"floor":13.0,"key":"REST"},{"data":"CultistForm","floor":15.0,"key":"SMITH"},{"floor":24.0,"key":"REST"},{"floor":32.0,"key":"REST"},{"data":"GremlinTsunderePetCall","floor":40.0,"key":"SMITH"},{"data":"GremlinNobPetCall","floor":46.0,"key":"SMITH"},{"data":"ByrdPetCall","floor":49.0,"key":"SMITH"}],"circlet_count":0,"master_deck":["Strike_Giant","Strike_Giant","Defend_Giant+1","Defend_Giant","Defend_Giant","Defend_Giant+1","CultistPetCall+1","EagleFirst","EagleFirst","EagleSecond","Fanatic Cultist","Random Death Rattle","Backflip Giant","Recover HP","CultistForm+1","EagleSecond","Time Travel+1","J.A.X.","GremlinTsunderePetCall+1","GremlinNobPetCall+1","Flash of Steel+1","EagleSecond+1","Double Mana","CultistForm+1","CultistForm+1","Mind Blast+1","Giant Prayer+1","GremlinNobPetCall+1","ByrdPetCall+1"],"relics":["GiantSoulBox","NeowsBlessing","HornCleat","Kunai","Frozen Egg 2","Bottled Flame","Tiny Chest","Medical Kit","Calipers","MealTicket","GiantSoulStone","Busted Crown","Boot","War Paint","PreservedInsect","Sling","Letter Opener","Molten Egg 2","Philosopher\u0027s Stone","Ornamental Fan","Gremlin Horn","Strange Spoon","Pear"],"acts_visited":["Exordium","TheCity","TheBeyond"],"potions_floor_usage":[50,50,50],"damage_taken":[{"damage":0.0,"enemies":"2 Louse","floor":1.0,"turns":1.0},{"damage":0.0,"enemies":"Cultist","floor":3.0,"turns":1.0},{"damage":0.0,"enemies":"Jaw Worm","floor":5.0,"turns":1.0},{"damage":14.0,"enemies":"3 Sentries","floor":7.0,"turns":4.0},{"damage":25.0,"enemies":"Exordium Wildlife","floor":8.0,"turns":5.0},{"damage":27.0,"enemies":"Gremlin Nob","floor":12.0,"turns":5.0},{"damage":28.0,"enemies":"Slime Boss","floor":16.0,"turns":8.0},{"damage":20.0,"enemies":"Shell Parasite","floor":18.0,"turns":6.0},{"damage":27.0,"enemies":"2 Thieves","floor":22.0,"turns":4.0},{"damage":82.0,"enemies":"Gremlin Leader","floor":23.0,"turns":9.0},{"damage":53.0,"enemies":"Snake Plant","floor":27.0,"turns":5.0},{"damage":27.0,"enemies":"Centurion and Healer","floor":28.0,"turns":8.0},{"damage":69.0,"enemies":"Slavers","floor":31.0,"turns":5.0},{"damage":45.0,"enemies":"Automaton","floor":33.0,"turns":8.0},{"damage":3.0,"enemies":"3 Shapes","floor":35.0,"turns":4.0},{"damage":9.0,"enemies":"Orb Walker","floor":38.0,"turns":3.0},{"damage":8.0,"enemies":"4 Shapes","floor":42.0,"turns":7.0},{"damage":47.0,"enemies":"Reptomancer","floor":45.0,"turns":6.0},{"damage":5.0,"enemies":"Transient","floor":48.0,"turns":5.0},{"damage":93,"enemies":"Awakened One","floor":50,"turns":9}],"seed_played":"4535664006470814370","potions_obtained":[{"floor":1.0,"key":"Block Potion"},{"floor":12.0,"key":"ColorlessPotion"},{"floor":18.0,"key":"Explosive Potion"},{"floor":28.0,"key":"Ancient Potion"},{"floor":31.0,"key":"Energy Potion"},{"floor":33.0,"key":"Dexterity Potion"}],"is_trial":false,"path_per_floor":["M","?","M","?","M","R","E","M","T","T","$","E","R","$","R","B",null,"M","?","?","T","M","E","R","$","T","M","M","$","T","E","R","B",null,"M","?","?","M","$","R","T","M","T","$","E","R","?","M","R","B",null],"character_chosen":"Giant","items_purchased":["Tiny Chest","Medical Kit","MealTicket","GremlinNobPetCall","Sling","CultistForm+1","Mind Blast+1","Strange Spoon"],"campfire_rested":3,"item_purchase_floors":[11,11,14,29,29,39,44,44],"current_hp_per_floor":[65,65,65,65,65,65,56,51,51,51,51,31,53,53,53,30,80,80,80,80,80,77,42,66,80,80,64,64,79,79,52,77,45,90,90,80,80,71,86,86,86,85,85,90,100,100,100,100,100,16],"gold":82,"neow_bonus":"THREE_ENEMY_KILL","is_daily":false,"chose_seed":false,"campfire_upgraded":5,"win_rate":0.0,"timestamp":1610913320,"path_taken":["M","?","?","?","M","R","E","M","T","?","$","E","R","?","R","BOSS","M","?","?","?","?","E","R","?","T","M","?","$","?","E","R","BOSS","M","?","?","?","$","R","?","M","T","?","E","R","?","?","R","BOSS"],"items_purchased_type":["Relic","Relic","Relic","Card","Relic","Card","Card","Relic"],"build_version":"2020-12-22","purchased_purges":2,"victory":true,"max_hp_per_floor":[65,65,65,65,65,65,70,70,70,70,70,75,75,75,75,80,80,80,80,80,80,80,80,80,80,80,85,85,85,85,85,85,90,90,90,90,90,90,90,90,90,90,90,90,100,100,100,100,100,105],"card_choices":[{"not_picked":["EagleSecond","Combo Defend"],"picked":"Fanatic Cultist","floor":1.0},{"not_picked":["Ready_Giant","Resurrection Giant"],"picked":"Random Death Rattle","floor":3.0},{"not_picked":["Combo Defend","Combo Connect"],"picked":"Backflip Giant","floor":5.0},{"not_picked":["EagleThird","Backflip Giant"],"picked":"Recover HP","floor":7.0},{"not_picked":["CultistPetCall","Combo Form"],"picked":"CultistForm","floor":8.0},{"not_picked":["Giant Prayer","Struggle Attack"],"picked":"EagleSecond","floor":12.0},{"not_picked":["Storm Of Blood","Beast Master+1"],"picked":"Time Travel+1","floor":16.0},{"not_picked":["Trace_Giant"],"picked":"SKIP","floor":18.0},{"not_picked":["Struggle Attack"],"picked":"SKIP","floor":22.0},{"not_picked":["Clone Minion"],"picked":"SKIP","floor":23.0},{"not_picked":[],"picked":"GremlinTsunderePetCall","floor":27.0},{"not_picked":["Fanatic Cultist"],"picked":"SKIP","floor":28.0},{"not_picked":["Clone Minion"],"picked":"SKIP","floor":31.0},{"not_picked":["Combo Defend"],"picked":"SKIP","floor":35.0},{"not_picked":[],"picked":"Flash of Steel+1","floor":36.0},{"not_picked":["Meditate Giant"],"picked":"SKIP","floor":38.0},{"not_picked":[],"picked":"CultistForm+1","floor":42.0},{"not_picked":[],"picked":"Giant Prayer+1","floor":45.0},{"not_picked":[],"picked":"ByrdPetCall","floor":48.0}],"player_experience":30402,"relics_obtained":[{"floor":7.0,"key":"Kunai"},{"floor":9.0,"key":"Frozen Egg 2"},{"floor":10.0,"key":"Bottled Flame"},{"floor":12.0,"key":"Calipers"},{"floor":16.0,"key":"GiantSoulStone"},{"floor":21.0,"key":"Boot"},{"floor":23.0,"key":"War Paint"},{"floor":26.0,"key":"PreservedInsect"},{"floor":30.0,"key":"Letter Opener"},{"floor":31.0,"key":"Molten Egg 2"},{"floor":41.0,"key":"Ornamental Fan"},{"floor":43.0,"key":"Gremlin Horn"},{"floor":45.0,"key":"Pear"}],"event_choices":[{"damage_healed":0.0,"max_hp_gain":0.0,"max_hp_loss":0.0,"gold_gain":275.0,"event_name":"Golden Shrine","player_choice":"Desecrate","floor":2.0,"gold_loss":0.0,"damage_taken":0.0,"cards_obtained":["Regret"]},{"damage_healed":0.0,"max_hp_gain":0.0,"max_hp_loss":0.0,"gold_gain":0.0,"event_name":"Big Fish","player_choice":"Box","floor":4.0,"gold_loss":0.0,"damage_taken":0.0,"relics_obtained":["HornCleat"],"cards_obtained":["Regret"]},{"damage_healed":0.0,"max_hp_gain":0.0,"max_hp_loss":0.0,"gold_gain":0.0,"event_name":"Drug Dealer","player_choice":"Obtain J.A.X.","floor":19.0,"gold_loss":0.0,"damage_taken":0.0,"cards_obtained":["J.A.X."]},{"damage_healed":0.0,"max_hp_gain":0.0,"max_hp_loss":0.0,"gold_gain":0.0,"event_name":"Ghosts","player_choice":"Ignored","floor":20.0,"gold_loss":0.0,"damage_taken":0.0},{"damage_healed":0.0,"max_hp_gain":0.0,"max_hp_loss":0.0,"gold_gain":0.0,"event_name":"SensoryStone","player_choice":"Memory 3","floor":36.0,"gold_loss":0.0,"damage_taken":10.0},{"damage_healed":0.0,"max_hp_gain":0.0,"max_hp_loss":0.0,"gold_gain":0.0,"event_name":"Match and Keep!","player_choice":"2 cards matched","floor":37.0,"gold_loss":0.0,"damage_taken":0.0,"cards_obtained":["EagleSecond","Double Mana"]},{"damage_healed":0.0,"max_hp_gain":0.0,"max_hp_loss":0.0,"gold_gain":0.0,"event_name":"Duplicator","player_choice":"Copied","floor":47.0,"gold_loss":0.0,"damage_taken":0.0,"cards_obtained":["GremlinNobPetCall"]}],"is_beta":false,"boss_relics":[{"not_picked":["Runic Pyramid","Runic Dome"],"picked":"Busted Crown"},{"not_picked":["Empty Cage","Velvet Choker"],"picked":"Philosopher\u0027s Stone"}],"items_purged_floors":[11,14],"is_endless":false,"potions_floor_spawned":[1,12,18,28,31,33,38,45],"ascension_level":0}}