{"host":"h23hlq20ir8sps7h","time":1610876217,"event":{"mods":["Act Like it!","Aspiration","BaseMod","BetterRewards","Colored Map","Conspire","Energized Spire","Friendly Minions","GifTheSpireLib","Halation","Hubris","Ironclad Rager","Minty Spire (QoL Compilation)","Permanent Neow","Prisma Mod","Quarter Circle Forward PUNCH!","Quick Restart","Railgun Mod","Remilia??????","Replay The Spire","SCP261 Mod","Shop Mod","Spikes Relics","StSLib","Stuff the Spire","The Animator","The Hierophant","The Problem Sleuth","The Runesmith","The Sage","Trackpad","Wandering Minibosses","vexMod"],"gold_per_floor":[116,129,56,69,84,84,117,117,117,150,150,150,150,150],"floor_reached":13,"language":"ENG","playtime":837,"items_purged":[],"score":83,"play_id":"b5966a3c-24a7-423d-96fb-8df22405652d","local_time":"20210117013657","is_ascension_mode":false,"campfire_choices":[{"floor":6,"key":"RECALL"},{"data":"Runesmith:Fortify","floor":8,"key":"SMITH"},{"data":"Runesmith:Reinforce","floor":11,"key":"SMITH"}],"circlet_count":0,"master_deck":["Runesmith:Strike_RS","Runesmith:Strike_RS","Runesmith:Strike_RS","Runesmith:Strike_RS","Runesmith:Defend_RS","Runesmith:Defend_RS","Runesmith:Defend_RS","Runesmith:Defend_RS","Runesmith:CraftFirestone","Runesmith:Fortify+1","Runesmith:PoweredAnvil","Runesmith:PerfectChisel","Runesmith:Reinforce+1","Runesmith:CraftIndustria","Runesmith:ChiselStab","Runesmith:Duplicate+1"],"relics":["Runesmith:BrokenRuby","aspiration:Nostalgia","Burning Blood","trackpad:Mousetrap","Juzu Bracelet"],"acts_visited":["Exordium"],"potions_floor_usage":[],"damage_taken":[{"damage":0,"enemies":"Cultist","floor":1,"turns":3},{"damage":1,"enemies":"conspire:RoseBush","floor":2,"turns":3},{"damage":0,"enemies":"2 Louse","floor":4,"turns":3},{"damage":9,"enemies":"conspire:2 RoseBushes","floor":5,"turns":7},{"damage":39,"enemies":"Gremlin Nob","floor":7,"turns":6},{"damage":33,"enemies":"conspire:MimicChest","floor":10,"turns":6},{"damage":8,"enemies":"Replay:BlueRogue","floor":13,"turns":3}],"seed_played":"-7847861202839975370","potions_obtained":[{"floor":2,"key":"SCP261:BlastolaColaPotion"},{"floor":7,"key":"SCP261:EnergyGasPotion"},{"floor":10,"key":"SpeedPotion"}],"is_trial":false,"path_per_floor":["M","M","$","M","M","R","E","R","T","?","R","?","E"],"character_chosen":"RUNESMITH_CLASS","items_purchased":["Runesmith:PoweredAnvil"],"campfire_rested":0,"item_purchase_floors":[3],"current_hp_per_floor":[70,70,70,70,67,67,34,34,34,7,7,7,0,0],"gold":150,"neow_bonus":"NOSTALGIA","is_daily":false,"chose_seed":false,"campfire_upgraded":2,"win_rate":0.0,"timestamp":1610876217,"path_taken":["M","M","?","M","?","R","E","R","T","?","R","?","E"],"items_purchased_type":["Card"],"build_version":"2020-12-22","purchased_purges":0,"victory":false,"max_hp_per_floor":[70,70,70,70,70,70,70,70,70,70,70,70,70,70],"card_choices":[{"not_picked":["Runesmith:StaticCage","Runesmith:ShiftingStrike","Runesmith:CraftObretio"],"picked":"SKIP","floor":1},{"not_picked":["Runesmith:ShiftingStrike","Runesmith:CraftProtectio"],"picked":"Runesmith:EnergizedChisel","floor":2},{"not_picked":["Runesmith:NegativeSpace","Runesmith:EnergizedChisel"],"picked":"Runesmith:PerfectChisel","floor":4},{"not_picked":["Runesmith:ChaoticBlast","Runesmith:NegativeSpace"],"picked":"Runesmith:Reinforce","floor":5},{"not_picked":["Runesmith:OneForEveryone","Runesmith:EnergizedChisel"],"picked":"Runesmith:CraftIndustria","floor":7},{"not_picked":["Runesmith:UnstableHammer","Runesmith:Repurpose"],"picked":"Runesmith:ChiselStab","floor":10}],"player_experience":303569,"relics_obtained":[{"floor":7,"key":"trackpad:Mousetrap"},{"floor":10,"key":"Juzu Bracelet"}],"event_choices":[],"is_beta":false,"boss_relics":[],"items_purged_floors":[],"is_endless":false,"potions_floor_spawned":[2,7,10],"killed_by":"Replay:BlueRogue","ascension_level":0}}