{"host":"a5523bqxi3k68xf3","time":1610891565,"event":{"mods":["BaseMod","BetterRewards","Hermit","Koishi","Marisa????????","Minty Spire (QoL Compilation)","Quick Restart","Random Character Button","Relic Stats","Shop Mod","StSLib","The Animator","The Cursed","The Necromancer","The Servant 0.9.4"],"gold_per_floor":[118,138,413,427,445,445,445,445,445,460,101,120,20,37,37,115,115,128,128,174,174,190,190,215,229,229,239,154,154,154],"floor_reached":29,"language":"ENG","playtime":780,"items_purged":["Defend_R","Regret"],"score":678,"play_id":"8b635300-68d8-4192-bdb3-478ae6ef818f","local_time":"20210117145245","is_ascension_mode":true,"campfire_choices":[{"data":"Heavy Blade","floor":6,"key":"SMITH"},{"data":"Flex","floor":15,"key":"SMITH"},{"floor":23,"key":"REST"}],"circlet_count":0,"master_deck":["AscendersBane","Strike_R","Strike_R","Strike_R","Strike_R","Strike_R","Defend_R","Defend_R","Defend_R","Bash","Whirlwind","Flex","Inflame","Twin Strike","Heavy Blade+1","Flex+1","Spot Weakness","Rampage","Flex","Reaper","Heavy Blade","Clash"],"relics":["Burning Blood","Tiny Chest","Sundial","Bottled Lightning","Orichalcum","SacredBark","Ancient Tea Set","Mummified Hand","Mercury Hourglass","Potion Belt"],"acts_visited":["Exordium","TheCity"],"potions_floor_usage":[7,7,22,24,24],"damage_taken":[{"damage":12,"enemies":"Small Slimes","floor":1,"turns":4},{"damage":6,"enemies":"Cultist","floor":2,"turns":3},{"damage":4,"enemies":"2 Louse","floor":4,"turns":3},{"damage":13,"enemies":"Red Slaver","floor":5,"turns":3},{"damage":0,"enemies":"3 Louse","floor":7,"turns":1},{"damage":16,"enemies":"Large Slime","floor":10,"turns":5},{"damage":3,"enemies":"2 Fungi Beasts","floor":12,"turns":2},{"damage":3,"enemies":"3 Louse","floor":14,"turns":3},{"damage":37,"enemies":"Slime Boss","floor":16,"turns":8},{"damage":38,"enemies":"Spheric Guardian","floor":18,"turns":6},{"damage":38,"enemies":"3 Byrds","floor":22,"turns":6},{"damage":33,"enemies":"Slavers","floor":24,"turns":8},{"damage":28,"enemies":"Centurion and Healer","floor":25,"turns":5},{"damage":39,"enemies":"Cultist and Chosen","floor":27,"turns":6},{"damage":19,"enemies":"Book of Stabbing","floor":29,"turns":1}],"seed_played":"7974204980556921513","potions_obtained":[{"floor":5,"key":"EntropicBrew"},{"floor":10,"key":"Ancient Potion"},{"floor":14,"key":"SteroidPotion"},{"floor":22,"key":"DuplicationPotion"},{"floor":27,"key":"Ancient Potion"}],"is_trial":false,"path_per_floor":["M","M","?","M","M","R","M","?","T","M","$","M","$","M","R","B",null,"M","$","T","$","M","R","E","M","T","M","?","E"],"character_chosen":"IRONCLAD","items_purchased":["Whirlwind","Flex","Tiny Chest","Inflame","Twin Strike","Orichalcum","Spot Weakness","Rampage"],"campfire_rested":1,"item_purchase_floors":[0,0,0,0,0,11,11,11],"current_hp_per_floor":[43,43,43,45,38,38,44,44,44,34,34,37,37,40,40,9,59,27,27,27,27,20,42,33,29,29,16,16,0,0],"gold":154,"neow_bonus":"","is_daily":false,"chose_seed":false,"campfire_upgraded":2,"win_rate":0.0,"timestamp":1610891565,"path_taken":["M","M","?","M","M","R","?","?","T","M","$","M","$","M","R","BOSS","M","$","?","$","M","R","E","M","T","M","?","E"],"items_purchased_type":["Card","Card","Relic","Card","Card","Relic","Card","Card"],"build_version":"2020-12-22","purchased_purges":2,"victory":false,"max_hp_per_floor":[75,75,75,75,75,75,75,75,75,75,75,75,75,75,75,75,75,75,75,75,75,75,75,75,75,75,75,75,75,75],"relic_stats":{"counters":[136,472],"Sundial":[4],"Mummified Hand":[3],"Tiny Chest":1,"Orichalcum":[198],"obtain_stats":[{"Tiny House":17,"Gremlin Horn":29,"CeramicFish":0,"Vajra":5,"Whetstone":9,"Sling":0,"Boot":6,"Blood Vial":14,"HornCleat":13,"DollysMirror":0,"Sundial":7,"MealTicket":0,"Philosopher\u0027s Stone":17,"Necronomicon":19,"Kunai":0,"Pear":0,"Happy Flower":0,"Blue Candle":2,"Dead Branch":6,"Astrolabe":17,"Velvet Choker":17,"Pen Nib":0,"Charon\u0027s Ashes":7,"War Paint":10,"Akabeko":27,"Runic Dome":34,"SlaversCollar":34,"Shuriken":30,"Bronze Scales":0,"Bird Faced Urn":14,"Molten Egg 2":0,"Darkstone Periapt":0,"Lantern":14,"Singing Bowl":26,"SacredBark":17,"Magic Flower":0,"Black Blood":34,"Bag of Preparation":0,"Juzu Bracelet":26,"Empty Cage":0,"Ancient Tea Set":20,"Burning Blood":0,"ClockworkSouvenir":0,"Nunchaku":27,"TheAbacus":21,"Mummified Hand":24,"Pantograph":41,"Gambling Chip":9,"Tiny Chest":0,"WingedGreaves":0,"Red Mask":39,"InkBottle":0,"Paper Frog":9,"Potion Belt":0,"Lee\u0027s Waffle":0,"NeowsBlessing":0,"Thread and Needle":22,"PreservedInsect":0,"Omamori":0,"Odd Mushroom":10,"Frozen Egg 2":24,"Orichalcum":11,"MawBank":6,"Mercury Hourglass":0,"Peace Pipe":9,"CaptainsWheel":9,"Ornamental Fan":0,"Turnip":31,"Art of War":4,"Bag of Marbles":11,"Champion Belt":0,"Membership Card":0,"Bottled Lightning":13,"Toy Ornithopter":30},{"Tiny House":14,"Gremlin Horn":76,"CeramicFish":111,"Vajra":93,"Whetstone":21,"Sling":0,"Boot":34,"Blood Vial":72,"HornCleat":71,"DollysMirror":5,"Sundial":9,"MealTicket":0,"Philosopher\u0027s Stone":43,"Necronomicon":74,"Kunai":5,"Pear":0,"Happy Flower":64,"Blue Candle":65,"Dead Branch":68,"Astrolabe":118,"Velvet Choker":26,"Pen Nib":50,"Charon\u0027s Ashes":94,"War Paint":88,"Akabeko":103,"Runic Dome":2,"SlaversCollar":108,"Shuriken":48,"Bronze Scales":0,"Bird Faced Urn":99,"Molten Egg 2":0,"Darkstone Periapt":0,"Lantern":55,"Singing Bowl":60,"SacredBark":130,"Magic Flower":0,"Black Blood":79,"Bag of Preparation":0,"Juzu Bracelet":75,"Empty Cage":0,"Ancient Tea Set":131,"Burning Blood":0,"ClockworkSouvenir":5,"Nunchaku":76,"TheAbacus":16,"Mummified Hand":133,"Pantograph":82,"Gambling Chip":95,"Tiny Chest":0,"WingedGreaves":0,"Red Mask":81,"InkBottle":0,"Paper Frog":10,"Potion Belt":0,"Lee\u0027s Waffle":0,"NeowsBlessing":35,"Thread and Needle":74,"PreservedInsect":0,"Omamori":0,"Odd Mushroom":11,"Frozen Egg 2":102,"Orichalcum":127,"MawBank":86,"Mercury Hourglass":17,"Peace Pipe":39,"CaptainsWheel":52,"Ornamental Fan":0,"Turnip":1,"Art of War":19,"Bag of Marbles":70,"Champion Belt":0,"Membership Card":29,"Bottled Lightning":42,"Toy Ornithopter":77},{"Tiny House":43,"Gremlin Horn":249,"CeramicFish":368,"Vajra":311,"Whetstone":64,"Sling":0,"Boot":112,"Blood Vial":233,"HornCleat":230,"DollysMirror":13,"Sundial":23,"MealTicket":0,"Philosopher\u0027s Stone":137,"Necronomicon":245,"Kunai":13,"Pear":0,"Happy Flower":213,"Blue Candle":217,"Dead Branch":224,"Astrolabe":398,"Velvet Choker":83,"Pen Nib":160,"Charon\u0027s Ashes":315,"War Paint":293,"Akabeko":337,"Runic Dome":6,"SlaversCollar":357,"Shuriken":154,"Bronze Scales":0,"Bird Faced Urn":326,"Molten Egg 2":0,"Darkstone Periapt":0,"Lantern":177,"Singing Bowl":195,"SacredBark":440,"Magic Flower":0,"Black Blood":259,"Bag of Preparation":0,"Juzu Bracelet":246,"Empty Cage":0,"Ancient Tea Set":446,"Burning Blood":0,"ClockworkSouvenir":13,"Nunchaku":249,"TheAbacus":50,"Mummified Hand":460,"Pantograph":270,"Gambling Chip":317,"Tiny Chest":0,"WingedGreaves":0,"Red Mask":265,"InkBottle":0,"Paper Frog":27,"Potion Belt":0,"Lee\u0027s Waffle":0,"NeowsBlessing":113,"Thread and Needle":245,"PreservedInsect":0,"Omamori":0,"Odd Mushroom":30,"Frozen Egg 2":335,"Orichalcum":427,"MawBank":285,"Mercury Hourglass":53,"Peace Pipe":121,"CaptainsWheel":167,"Ornamental Fan":0,"Turnip":2,"Art of War":58,"Bag of Marbles":229,"Champion Belt":0,"Membership Card":94,"Bottled Lightning":130,"Toy Ornithopter":250}],"Burning Blood":837,"Mercury Hourglass":[28]},"card_choices":[{"not_picked":["Carnage","Infernal Blade","Fire Breathing"],"picked":"SKIP","floor":1},{"not_picked":["Seeing Red","Rupture","Uppercut"],"picked":"SKIP","floor":2},{"not_picked":["Sentinel","Second Wind","Body Slam"],"picked":"SKIP","floor":4},{"not_picked":["Headbutt","Anger"],"picked":"Heavy Blade","floor":5},{"not_picked":["Ghostly Armor","Shrug It Off"],"picked":"Flex","floor":10},{"not_picked":["Exhume","Bloodletting"],"picked":"Flex","floor":12},{"not_picked":["Twin Strike","True Grit","Havoc"],"picked":"SKIP","floor":14},{"not_picked":["Juggernaut","Impervious"],"picked":"Reaper","floor":16},{"not_picked":["Second Wind","Perfected Strike","Battle Trance"],"picked":"SKIP","floor":18},{"not_picked":["Body Slam","Second Wind"],"picked":"Heavy Blade","floor":22},{"not_picked":["Spot Weakness","Dark Embrace","Heavy Blade+1"],"picked":"SKIP","floor":24},{"not_picked":["Intimidate","Disarm","Uppercut+1"],"picked":"SKIP","floor":25},{"not_picked":["Shrug It Off","Pommel Strike"],"picked":"Clash","floor":27}],"player_experience":1701098,"relics_obtained":[{"floor":8,"key":"Sundial"},{"floor":9,"key":"Bottled Lightning"},{"floor":20,"key":"Ancient Tea Set"},{"floor":24,"key":"Mummified Hand"},{"floor":26,"key":"Mercury Hourglass"}],"event_choices":[{"damage_healed":0,"gold_gain":275,"player_choice":"Desecrate","damage_taken":0,"max_hp_gain":0,"max_hp_loss":0,"event_name":"Golden Shrine","floor":3,"gold_loss":0,"cards_obtained":["Regret"]},{"damage_healed":0,"gold_gain":0,"player_choice":"Relic","damage_taken":0,"max_hp_gain":0,"max_hp_loss":0,"event_name":"Wheel of Change","floor":8,"gold_loss":0},{"damage_healed":0,"gold_gain":0,"player_choice":"Obtained Relic","damage_taken":0,"relics_obtained":["Potion Belt"],"max_hp_gain":0,"max_hp_loss":0,"event_name":"Addict","floor":28,"gold_loss":85}],"is_beta":false,"boss_relics":[{"not_picked":["Cursed Key","Runic Pyramid"],"picked":"SacredBark"}],"items_purged_floors":[11,13],"is_endless":false,"potions_floor_spawned":[5,10,12,14,18,22,27],"killed_by":"Book of Stabbing","ascension_level":20}}