{"host":"zq661p6ul2vpm6h1","time":1610898253,"event":{"mods":["Act Like it!","BaseMod","Grow up Mod","Hallownest","Minty Spire (QoL Compilation)","Replay The Spire","Spicy Shops","StSLib","The Animator","The Bug Knight"],"gold_per_floor":[109,127,127,140,152,187,187,207,207,226,261,274,303,317,317,417,417,429,429,440,440,75,107,107,53,129,129,54,86,86,129,129,141,141,62,0,160,178,99,141,68,105,128,128,153,190,118,142,142,142,142,142,20,57,57],"floor_reached":56,"language":"ZHS","playtime":8705,"items_purged":["Hallownest:curseDreamersLament","Shame","Voices"],"score":1594,"play_id":"1220c8ca-6161-4665-88a6-02180691bd93","local_time":"20210118004413","is_ascension_mode":false,"campfire_choices":[{"floor":7.0,"key":"RECALL"},{"floor":15.0,"key":"REST"},{"data":"HollowMod:MidwifesHunger","floor":24.0,"key":"SMITH"},{"data":"ReplayTheSpireMod:Brewmster","floor":32,"key":"SMITH"},{"data":"HollowMod:SoulMaster","floor":44,"key":"SMITH"},{"floor":49,"key":"REST"},{"data":"HollowMod:SlysStrikes","floor":52,"key":"SMITH"}],"circlet_count":0,"master_deck":["HollowMod:NailStrikeStart","HollowMod:NailStrikeStart","HollowMod:QuickDashStart","HollowMod:FocusHealStart","HollowMod:PogoStrike+1","HollowMod:NewLittleFool","HollowMod:NewGlowingWomb","HollowMod:BaldurShell","HollowMod:SoulShaman","HollowMod:HornetsHelp","HollowMod:NewJinnsSoul","HollowMod:InfectedAttack","HollowMod:CrystalDash","HollowMod:BaldurShell","HollowMod:SlysStrikes+1","HollowMod:MidwifesHunger+1","HollowMod:DesolateDive+1","HollowMod:BlackTendrils+1","ReplayTheSpireMod:IOU","HollowMod:MantisMark","HollowMod:GrimmsGift+1","ReplayTheSpireMod:IOU","ReplayTheSpireMod:IOU","Pot Of Greed","Pot Of Greed","Pot Of Greed","ReplayTheSpireMod:Brewmster+1","HollowMod:TaintedHusks","HollowMod:Hiveblood","HollowMod:CloakDash","Pot Of Greed","HollowMod:NewLittleFool+1","HollowMod:NewLittleFool","HollowMod:CornifersMapStart","HollowMod:SoulMaster+1","HollowMod:HuntersJournal+1","HollowMod:MothsMistake","HollowMod:TaintedHusks","HollowMod:Grubsong","HollowMod:ChannelNail+1","HollowMod:VengefulSpirit+1","ReplayTheSpireMod:IOU","Pot Of Greed","ReplayTheSpireMod:IOU","HollowMod:SlysStrikes"],"relics":["HollowMod:VesselMask","Bottled Lightning","Blood Vial","Gambling Chip","Replay:Drink Me","Red Mask","Hallownest:WatcherSealRelic","Replay:Wax Seal","Blue Doll","HollowMod:KingsBrand","Strange Spoon","ReplayTheSpireMod:TigerMarble","Matryoshka","Meat on the Bone","Eternal Feather","ClockworkSouvenir","CeramicFish","Grinning Jar","Boot","Painkiller Herb","Membership Card","ReplayTheSpireMod:CursedCoin","White Beast Statue","Hallownest:GodTamersBeastRelic","Art of War","Pocketwatch","Bronze Scales","Replay:Mystery Machine","Garlic","OrangePellets","Toy Ornithopter","Whetstone","Replay:Baseball","Gremlin Food"],"acts_visited":["Hallownest:Greenpath","Hallownest:CityofTears","Hallownest:KingdomsEdge","TheEnding"],"potions_floor_usage":[31,33,33,35,35,37,37,37,37,37,37,39,40,40,40,40,40,41,41,41,41,41,41,41,41,41,42,42,45,45,45,46,46,46,47,50,50,50,50,50,50,55,55,55,55,55,55,55],"damage_taken":[{"damage":4.0,"enemies":"Hallownest:2_Baldur","floor":1.0,"turns":3.0},{"damage":6.0,"enemies":"Hallownest:monsterHuskWarrior","floor":2.0,"turns":3.0},{"damage":21.0,"enemies":"Hallownest:monsterMarmu","floor":3.0,"turns":4.0},{"damage":13.0,"enemies":"Hallownest:2_Tiktiks_and_1_Crawlid","floor":4.0,"turns":2.0},{"damage":27.0,"enemies":"Hallownest:monsterFoolEater","floor":5.0,"turns":4.0},{"damage":21.0,"enemies":"Hallownest:eliteMossKnight","floor":6.0,"turns":5.0},{"damage":5.0,"enemies":"Hallownest:monsterAspidMother","floor":8.0,"turns":5.0},{"damage":38.0,"enemies":"Hallownest:1_Ooma_and_2_Uuma","floor":10.0,"turns":8.0},{"damage":44.0,"enemies":"Hallownest:eliteCrystalGuardian","floor":11.0,"turns":7.0},{"damage":20.0,"enemies":"Hallownest:1_Baldur_1_Crawlid_1_Warrior","floor":12.0,"turns":9.0},{"damage":23.0,"enemies":"Hallownest:eliteVengeflyKing","floor":13.0,"turns":8.0},{"damage":22.0,"enemies":"Hallownest:Wandering_and_Horned","floor":14.0,"turns":6.0},{"damage":115.0,"enemies":"Hallownest:BossHornet","floor":16.0,"turns":10.0},{"damage":61.0,"enemies":"Hallownest:Flukemon_and_Top","floor":18.0,"turns":7.0},{"damage":19.0,"enemies":"Hallownest:3_Youths","floor":20.0,"turns":6.0},{"damage":4.0,"enemies":"Hallownest:eliteSoulWarrior","floor":23.0,"turns":6.0},{"damage":8.0,"enemies":"Hallownest:Glutton_and_Coward","floor":25.0,"turns":3.0},{"damage":5.0,"enemies":"Hallownest:Nosk","floor":28.0,"turns":7.0},{"damage":75,"enemies":"Hallownest:eliteWatcherKnight","floor":31,"turns":10},{"damage":110,"enemies":"Hallownest:BossGrimm","floor":33,"turns":7},{"damage":72,"enemies":"Hallownest:Shield_Heavy","floor":35,"turns":5},{"damage":42,"enemies":"Hallownest:Shield_Heavy","floor":37,"turns":5},{"damage":64,"enemies":"Hallownest:Shield_Heavy","floor":37,"turns":6},{"damage":95,"enemies":"Hallownest:Shield_Heavy","floor":37,"turns":5},{"damage":0,"enemies":"Hallownest:Shield_Heavy","floor":37,"turns":2},{"damage":38,"enemies":"Hallownest:3_Siblings","floor":39,"turns":6},{"damage":32,"enemies":"Hallownest:eliteCollector","floor":40,"turns":6},{"damage":38,"enemies":"Hallownest:Xero_Hu_Marmu","floor":41,"turns":6},{"damage":46,"enemies":"Hallownest:eliteHiveKnight","floor":42,"turns":5},{"damage":33,"enemies":"Hallownest:2_Wandering_and_1_Horned","floor":45,"turns":5},{"damage":55,"enemies":"Hallownest:eliteCollector","floor":46,"turns":5},{"damage":12,"enemies":"Hallownest:2_Wing_and_1_Kings","floor":47,"turns":5},{"damage":15,"enemies":"Hallownest:monsterPrimalAspid","floor":48,"turns":3},{"damage":275,"enemies":"Hallownest:BossHollowKnight","floor":50,"turns":8},{"damage":183,"enemies":"Shield and Spear","floor":54,"turns":8},{"damage":121,"enemies":"The Heart","floor":55,"turns":9}],"seed_played":"-7669771525599420972","potions_obtained":[{"floor":1.0,"key":"Ancient Potion"},{"floor":4.0,"key":"Doom Potion"},{"floor":14.0,"key":"Block Potion"},{"floor":18.0,"key":"EntropicBrew"},{"floor":20.0,"key":"LiquidMemories"},{"floor":23.0,"key":"Venom Potion"},{"floor":33,"key":"Elixir"},{"floor":39,"key":"Adrenaline Potion"},{"floor":40,"key":"GamblersBrew"},{"floor":41,"key":"Adrenaline Potion"},{"floor":42,"key":"Energy Potion"},{"floor":46,"key":"SpeedPotion"},{"floor":47,"key":"SteroidPotion"},{"floor":48,"key":"LiquidMemories"},{"floor":54,"key":"FearPotion"}],"is_trial":false,"path_per_floor":["M","M","?","M","M","E","R","M","T","M","E","M","E","M","R","B",null,"M","?","M","?","$","E","R","M","T","?","E","$","?","E","R","B",null,"?","T","?","?","?","E","?","E","T","T","?","E","?","?","T","B",null,"T","T","E","B",null],"character_chosen":"THE_BUGKNIGHT","items_purchased":["Replay:Wax Seal","Blue Doll","HollowMod:KingsBrand","Strange Spoon","HollowMod:SlysStrikes","ClockworkSouvenir","CeramicFish","Grinning Jar","ReplayTheSpireMod:Brewmster","Membership Card","ReplayTheSpireMod:CursedCoin","White Beast Statue","OrangePellets","Toy Ornithopter","Whetstone","Replay:Baseball","FairyPotion"],"campfire_rested":2,"item_purchase_floors":[22,22,22,22,22,29,29,29,29,36,36,36,53,53,53,53,53],"current_hp_per_floor":[102,112,101,98,91,80,90,95,105,83,49,41,36,26,105,14,199,148,158,151,161,171,185,195,202,212,222,233,243,329,267,295,213,369,325,335,214,224,223,221,222,205,215,246,247,226,244,260,446,223,539,549,559,406,361],"gold":57,"neow_bonus":"TEN_PERCENT_HP_BONUS","is_daily":false,"chose_seed":false,"campfire_upgraded":4,"win_rate":0.0,"timestamp":1610898253,"path_taken":["M","M","?","M","M","E","R","M","T","M","E","M","E","M","R","BOSS","M","?","M","?","$","E","R","M","T","?","E","$","?","E","R","BOSS","?","T","?","?","?","E","?","E","T","T","?","E","?","?","T","BOSS","T","T","E","BOSS"],"items_purchased_type":["Relic","Relic","Relic","Relic","Card","Relic","Relic","Relic","Card","Relic","Relic","Relic","Relic","Relic","Relic","Relic","Potion"],"build_version":"2020-12-22","purchased_purges":3,"victory":true,"max_hp_per_floor":[102,112,122,132,142,152,162,172,182,192,202,212,222,232,242,252,199,209,219,229,239,249,259,269,279,289,299,309,319,329,339,349,359,369,379,389,399,409,419,429,439,449,459,469,479,489,499,509,519,529,539,549,559,569,589],"card_choices":[{"not_picked":["HollowMod:SharpenedShadows","HollowMod:DesolateDive"],"picked":"HollowMod:NewLittleFool","floor":1.0},{"not_picked":["HollowMod:TaintedHusks","HollowMod:PureNailStrike"],"picked":"HollowMod:NewGlowingWomb","floor":2.0},{"not_picked":["HollowMod:SoulSplash","HollowMod:NewJinnsSoul"],"picked":"HollowMod:BaldurShell","floor":4.0},{"not_picked":["HollowMod:SharpenedNail","HollowMod:ShadowDash"],"picked":"HollowMod:SoulShaman","floor":5.0},{"not_picked":["HollowMod:PureNailStrike","HollowMod:SiblingsShadow"],"picked":"HollowMod:HornetsHelp","floor":6.0},{"not_picked":["HollowMod:ShapeofUnn","HollowMod:WraithStrike"],"picked":"HollowMod:NewJinnsSoul","floor":8.0},{"not_picked":["HollowMod:GoodIntentions","HollowMod:ShadowDash"],"picked":"HollowMod:InfectedAttack","floor":10.0},{"not_picked":["HollowMod:LifebloodCocoon","HollowMod:DescendingDark"],"picked":"HollowMod:CrystalDash","floor":11.0},{"not_picked":["HollowMod:SiblingsSouls","HollowMod:TaintedHusks"],"picked":"HollowMod:InfectedCysts","floor":12.0},{"not_picked":["HollowMod:MonarchWings","HollowMod:DoubleDash"],"picked":"HollowMod:BaldurShell","floor":13.0},{"not_picked":["HollowMod:VengefulSpirit","HollowMod:BlackTendrils"],"picked":"HollowMod:SlysStrikes","floor":14.0},{"not_picked":["HollowMod:NewInfectedGuardian","HollowMod:theNailsmith"],"picked":"HollowMod:MidwifesHunger","floor":16.0},{"not_picked":["HollowMod:CycloneSlash","HollowMod:InfectedAttack"],"picked":"HollowMod:DesolateDive+1","floor":18.0},{"not_picked":["HollowMod:InfectedAttack","HollowMod:FastStrike"],"picked":"HollowMod:BlackTendrils+1","floor":20.0},{"not_picked":["HollowMod:GreatSlash","HollowMod:MonarchWings+1"],"picked":"HollowMod:SiblingsShadow","floor":23.0},{"not_picked":["HollowMod:MidwifesHunger","HollowMod:VengefulSpirit+1"],"picked":"HollowMod:MantisMark","floor":25.0},{"not_picked":["HollowMod:CycloneSlash","HollowMod:WraithStrike"],"picked":"HollowMod:GrimmsGift+1","floor":28.0},{"not_picked":["HollowMod:AbyssShriek","HollowMod:HowlingWraiths"],"picked":"HollowMod:TaintedHusks","floor":31},{"not_picked":["HollowMod:SlysStrikes","HollowMod:HornetsHelp"],"picked":"HollowMod:Hiveblood","floor":33},{"not_picked":["HollowMod:BlackTendrils+1","HollowMod:SharpenedNail"],"picked":"HollowMod:CloakDash","floor":35},{"not_picked":["HollowMod:SiblingsSouls","HollowMod:SoulStrike"],"picked":"HollowMod:CornifersMapStart","floor":39},{"not_picked":["HollowMod:WraithStrike+1","HollowMod:NewGlowingWomb"],"picked":"HollowMod:SoulMaster","floor":40},{"not_picked":["HollowMod:InfectedCysts+1","HollowMod:TaintedHusks+1"],"picked":"HollowMod:HuntersJournal+1","floor":41},{"not_picked":["HollowMod:DashSlash","HollowMod:WraithStrike"],"picked":"HollowMod:MothsMistake","floor":42},{"not_picked":["HollowMod:HowlingWraiths+1","HollowMod:LifebloodCocoon"],"picked":"HollowMod:TaintedHusks","floor":45},{"not_picked":["HollowMod:CoiledNail+1","HollowMod:LifebloodCocoon+1"],"picked":"HollowMod:Grubsong","floor":46},{"not_picked":["HollowMod:DesolateDive","HollowMod:NewJinnsSoul+1"],"picked":"HollowMod:ChannelNail+1","floor":47},{"not_picked":["HollowMod:NewLittleFool","HollowMod:DoubleDash"],"picked":"HollowMod:VengefulSpirit+1","floor":48},{"not_picked":["HollowMod:HuntersJournal","HollowMod:DashSlash+1"],"picked":"HollowMod:SlysStrikes","floor":54}],"player_experience":163417,"relics_obtained":[{"floor":6.0,"key":"Bottled Lightning"},{"floor":11.0,"key":"Blood Vial"},{"floor":13.0,"key":"Gambling Chip"},{"floor":23.0,"key":"ReplayTheSpireMod:TigerMarble"},{"floor":26.0,"key":"Matryoshka"},{"floor":28.0,"key":"Eternal Feather"},{"floor":31,"key":"Boot"},{"floor":40,"key":"Art of War"},{"floor":42,"key":"Pocketwatch"},{"floor":43,"key":"Bronze Scales"},{"floor":43,"key":"Replay:Mystery Machine"},{"floor":46,"key":"Garlic"},{"floor":54,"key":"Gremlin Food"}],"event_choices":[],"is_beta":false,"boss_relics":[{"not_picked":["Velvet Choker","Ectoplasm"],"picked":"Replay:Drink Me"},{"not_picked":["Pandora\u0027s Box","Replay:Ancient Bell"],"picked":"Painkiller Herb"}],"items_purged_floors":[22,29,36],"is_endless":false,"potions_floor_spawned":[1,3,4,14,18,20,23,33,37,37,37,37,39,40,41,42,45,46,47,48,54],"ascension_level":0}}