{"host":"36mulxq349byzoa2","time":1610845848,"event":{"mods":["AchievementEnabler","BaseMod","Block Reminder","Colored Map","Colored Powertips","Minty Spire (QoL Compilation)","Rare Cards Sparkle","StSLib","SuperFastMode"],"gold_per_floor":[109,109,126,201,201,201,231,231,280,306,306,325,347,347,347,420,420,439,439,489,489,508,508,537,537,585,597,597,597],"floor_reached":28,"language":"ENG","playtime":548,"items_purged":[],"score":507,"play_id":"9cae31d0-c534-459a-b8fc-2c0927628bea","local_time":"20210116201048","is_ascension_mode":true,"campfire_choices":[{"data":"Dualcast","floor":6,"key":"SMITH"},{"data":"Scrape","floor":8,"key":"SMITH"},{"data":"Streamline","floor":11,"key":"SMITH"},{"floor":15,"key":"REST"},{"floor":23,"key":"REST"},{"floor":25,"key":"REST"}],"circlet_count":0,"master_deck":["AscendersBane","Defend_B","Defend_B","Defend_B","Defend_B+1","Zap+1","Dualcast+1","Scrape+1","Steam+1","Gash","Streamline+1","Gash","Go for the Eyes","Electrodynamics","Turbo","Rebound","Loop","Stack","Pain"],"relics":["Cracked Core","NeowsBlessing","Singing Bowl","Pantograph","Juzu Bracelet","PreservedInsect","Odd Mushroom","Cursed Key","War Paint","Oddly Smooth Stone"],"acts_visited":["Exordium","TheCity"],"potions_floor_usage":[16,18,24,24,24,24],"damage_taken":[{"damage":0,"enemies":"Cultist","floor":1,"turns":1},{"damage":0,"enemies":"Small Slimes","floor":3,"turns":1},{"damage":0,"enemies":"3 Sentries","floor":7,"turns":1},{"damage":18,"enemies":"Lagavulin","floor":10,"turns":6},{"damage":7,"enemies":"Jaw Worm","floor":12,"turns":2},{"damage":12,"enemies":"The Mushroom Lair","floor":13,"turns":4},{"damage":47,"enemies":"Slime Boss","floor":16,"turns":7},{"damage":36,"enemies":"Chosen","floor":18,"turns":6},{"damage":7,"enemies":"3 Byrds","floor":22,"turns":4},{"damage":32,"enemies":"Gremlin Leader","floor":24,"turns":5},{"damage":14,"enemies":"Snake Plant","floor":27,"turns":4},{"damage":18,"enemies":"Snecko","floor":28,"turns":3}],"seed_played":"-1814607638509548892","potions_obtained":[{"floor":1,"key":"SteroidPotion"},{"floor":7,"key":"Swift Potion"},{"floor":10,"key":"EntropicBrew"},{"floor":16,"key":"Dexterity Potion"},{"floor":22,"key":"EntropicBrew"},{"floor":27,"key":"FearPotion"}],"is_trial":false,"path_per_floor":["M","T","M","?","?","R","E","R","T","E","R","M","?","?","R","B",null,"M","?","?","?","M","R","E","R","T","M","M"],"character_chosen":"DEFECT","items_purchased":[],"campfire_rested":3,"item_purchase_floors":[],"current_hp_per_floor":[64,64,64,53,53,53,53,53,53,35,35,28,16,9,30,8,55,19,19,19,19,14,35,3,24,24,12,0,0],"gold":597,"neow_bonus":"THREE_ENEMY_KILL","is_daily":false,"chose_seed":false,"campfire_upgraded":3,"win_rate":0.0,"timestamp":1610845848,"path_taken":["M","?","?","?","?","R","E","R","T","E","R","M","?","?","R","BOSS","M","?","?","?","M","R","E","R","T","M","M"],"items_purchased_type":[],"build_version":"2020-12-22","purchased_purges":0,"victory":false,"max_hp_per_floor":[71,71,71,71,71,71,71,71,71,71,71,71,71,71,71,71,71,71,71,71,71,73,73,73,73,73,75,75,75],"card_choices":[{"not_picked":["Heatsinks","Steam"],"picked":"Scrape","floor":1},{"not_picked":["Cold Snap","Sweeping Beam"],"picked":"Steam","floor":3},{"not_picked":["Chaos","Doom and Gloom"],"picked":"Gash","floor":7},{"not_picked":["Compile Driver","Hologram"],"picked":"Streamline","floor":10},{"not_picked":["Turbo","Fusion"],"picked":"Gash","floor":12},{"not_picked":["Capacitor","Rip and Tear"],"picked":"Go for the Eyes","floor":13},{"not_picked":["Echo Form","Machine Learning"],"picked":"Electrodynamics","floor":16},{"not_picked":["Defragment+1","Steam"],"picked":"Turbo","floor":18},{"not_picked":["Storm","Streamline","Hologram+1"],"picked":"Singing Bowl","floor":22},{"not_picked":["Darkness","Barrage"],"picked":"Stack","floor":24},{"not_picked":["Rip and Tear","Turbo","Ball Lightning"],"picked":"Singing Bowl","floor":27}],"player_experience":1036153,"relics_obtained":[{"floor":2,"key":"Singing Bowl"},{"floor":7,"key":"Pantograph"},{"floor":9,"key":"Juzu Bracelet"},{"floor":10,"key":"PreservedInsect"},{"floor":13,"key":"Odd Mushroom"},{"floor":24,"key":"War Paint"},{"floor":26,"key":"Oddly Smooth Stone"}],"event_choices":[{"damage_healed":0,"gold_gain":75,"player_choice":"Gather Gold","damage_taken":11,"max_hp_gain":0,"max_hp_loss":0,"event_name":"World of Goop","floor":4,"gold_loss":0},{"damage_healed":0,"gold_gain":0,"player_choice":"Grow","damage_taken":0,"max_hp_gain":0,"max_hp_loss":0,"event_name":"Living Wall","floor":5,"gold_loss":0,"cards_upgraded":["Zap"]},{"damage_healed":0,"gold_gain":0,"player_choice":"Fought Mushrooms","damage_taken":0,"max_hp_gain":0,"max_hp_loss":0,"event_name":"Mushrooms","floor":13,"gold_loss":0},{"cards_removed":["Strike_B"],"damage_healed":0,"gold_gain":0,"player_choice":"Card Removal","damage_taken":7,"max_hp_gain":0,"max_hp_loss":0,"event_name":"Golden Wing","floor":14,"gold_loss":0},{"damage_healed":0,"gold_gain":0,"cards_transformed":["Strike_B","Strike_B"],"player_choice":"Became Test Subject","damage_taken":0,"max_hp_gain":0,"max_hp_loss":0,"event_name":"Drug Dealer","floor":19,"gold_loss":0,"cards_obtained":["Rebound","Loop"]},{"damage_healed":0,"gold_gain":100,"player_choice":"Bet on Murderer","damage_taken":0,"max_hp_gain":0,"max_hp_loss":0,"event_name":"The Joust","floor":20,"gold_loss":50},{"cards_removed":["Strike_B"],"damage_healed":0,"gold_gain":0,"player_choice":"Offered Basic","damage_taken":0,"max_hp_gain":0,"max_hp_loss":0,"event_name":"Bonfire Elementals","floor":21,"gold_loss":0}],"is_beta":false,"boss_relics":[{"not_picked":["FrozenCore","Ectoplasm"],"picked":"Cursed Key"}],"items_purged_floors":[],"is_endless":false,"potions_floor_spawned":[1,7,10,16,22,27],"killed_by":"Snecko","ascension_level":18}}