{"host":"2tgyrzvaa7l04o2e","time":1610842937,"event":{"mods":["BaseMod","Highlight Path","Minty Spire (QoL Compilation)","Permanent Neow","Relic Stats"],"gold_per_floor":[118,118,43,43,43,43,75,95,121,155,167,192,192,225,225,321,321,334,334,348,360,360,387,387,387],"floor_reached":24,"language":"ENG","playtime":1090,"items_purged":["Doubt"],"score":428,"play_id":"893b7ab6-22ad-4f28-9112-76b66fb6911a","local_time":"20210117012217","is_ascension_mode":true,"campfire_choices":[{"floor":6,"key":"DIG"},{"floor":13,"key":"DIG"},{"floor":15,"key":"DIG"}],"circlet_count":0,"master_deck":["Strike_P","Strike_P","Strike_P","Defend_P","Defend_P","Defend_P","Defend_P","Eruption+1","Vigilance","SandsOfTime","Flash of Steel","EmptyFist","FlurryOfBlows","Wireheading","Protect","Meditate","SpiritShield","Evaluate","Consecrate","Nirvana+1","WreathOfFlame","FlyingSleeves"],"relics":["PureWater","Shovel","Akabeko","Art of War","Boot","Eternal Feather","White Beast Statue","WingedGreaves","Smiling Mask","Runic Pyramid","Nloth\u0027s Gift","Regal Pillow"],"acts_visited":["Exordium","TheCity"],"potions_floor_usage":[12,12,16,18,21,23],"damage_taken":[{"damage":7,"enemies":"Small Slimes","floor":1,"turns":5},{"damage":35,"enemies":"Lagavulin","floor":7,"turns":4},{"damage":0,"enemies":"Cultist","floor":8,"turns":2},{"damage":10,"enemies":"3 Sentries","floor":10,"turns":4},{"damage":2,"enemies":"2 Louse","floor":11,"turns":2},{"damage":0,"enemies":"Gremlin Nob","floor":12,"turns":3},{"damage":7,"enemies":"Lagavulin","floor":14,"turns":7},{"damage":0,"enemies":"Hexaghost","floor":16,"turns":8},{"damage":2,"enemies":"Chosen","floor":18,"turns":3},{"damage":0,"enemies":"Spheric Guardian","floor":20,"turns":3},{"damage":11,"enemies":"Snake Plant","floor":21,"turns":3},{"damage":50,"enemies":"Book of Stabbing","floor":23,"turns":6},{"damage":20,"enemies":"Snecko","floor":24,"turns":3}],"seed_played":"7602590727137642429","potions_obtained":[{"floor":8,"key":"DuplicationPotion"},{"floor":10,"key":"Explosive Potion"},{"floor":14,"key":"EssenceOfSteel"},{"floor":16,"key":"Regen Potion"},{"floor":18,"key":"LiquidMemories"},{"floor":20,"key":"Fruit Juice"},{"floor":21,"key":"GamblersBrew"},{"floor":23,"key":"ColorlessPotion"}],"is_trial":false,"path_per_floor":["M","?","$","T","?","R","E","M","T","E","M","E","R","E","R","B",null,"M","?","M","M","?","E","M"],"character_chosen":"WATCHER","items_purchased":[],"campfire_rested":0,"item_purchase_floors":[],"current_hp_per_floor":[58,58,58,58,58,58,23,23,23,13,11,11,20,13,22,22,60,67,67,67,56,56,11,0,0],"gold":387,"neow_bonus":"ONE_RARE_RELIC","is_daily":false,"chose_seed":false,"campfire_upgraded":0,"win_rate":0.0,"timestamp":1610842937,"path_taken":["M","?","$","?","?","R","E","M","T","E","M","E","R","E","R","BOSS","M","?","M","?","?","E","?"],"items_purchased_type":[],"build_version":"2020-12-22","purchased_purges":1,"victory":false,"max_hp_per_floor":[72,72,72,72,72,72,72,72,72,72,72,72,72,72,72,72,72,72,72,72,72,72,77,77,77],"relic_stats":{"Regal Pillow":0,"Shovel":3,"counters":[13,53],"Eternal Feather":18,"Art of War":[5],"Nloth\u0027s Gift":0,"Boot":[30],"Smiling Mask":0,"obtain_stats":[{"Regal Pillow":23,"Eternal Feather":10,"Boot":9,"Smiling Mask":14,"Akabeko":6,"White Beast Statue":12,"Mercury Hourglass":15,"Shovel":0,"WingedGreaves":13,"Art of War":7,"Nloth\u0027s Gift":19,"PureWater":0,"Runic Pyramid":17},{"Regal Pillow":12,"Eternal Feather":4,"Boot":3,"Smiling Mask":7,"Akabeko":1,"White Beast Statue":6,"Mercury Hourglass":7,"Shovel":0,"WingedGreaves":6,"Art of War":2,"Nloth\u0027s Gift":9,"PureWater":0,"Runic Pyramid":8},{"Regal Pillow":50,"Eternal Feather":15,"Boot":11,"Smiling Mask":27,"Akabeko":5,"White Beast Statue":20,"Mercury Hourglass":27,"Shovel":0,"WingedGreaves":20,"Art of War":9,"Nloth\u0027s Gift":38,"PureWater":0,"Runic Pyramid":35}]},"card_choices":[{"not_picked":["PathToVictory","FollowUp"],"picked":"SandsOfTime","floor":1},{"not_picked":["EmptyBody","Fasting2"],"picked":"EmptyFist","floor":7},{"not_picked":["Adaptation","Halt"],"picked":"FlurryOfBlows","floor":8},{"not_picked":["Nirvana","EmptyFist"],"picked":"Wireheading","floor":10},{"not_picked":["WreathOfFlame","FearNoEvil"],"picked":"Protect","floor":11},{"not_picked":["WreathOfFlame","Adaptation"],"picked":"Meditate","floor":12},{"not_picked":["ReachHeaven","JustLucky","EmptyBody"],"picked":"SKIP","floor":14},{"not_picked":["Judgement","Ragnarok"],"picked":"SpiritShield","floor":16},{"not_picked":["JustLucky","BowlingBash"],"picked":"Evaluate","floor":18},{"not_picked":["FollowUp+1","EmptyBody"],"picked":"Consecrate","floor":20},{"not_picked":["Crescendo+1","Wish"],"picked":"Nirvana+1","floor":21},{"not_picked":["Nirvana","SashWhip"],"picked":"FlyingSleeves","floor":23}],"player_experience":631483,"relics_obtained":[{"floor":6,"key":"Akabeko"},{"floor":7,"key":"Art of War"},{"floor":9,"key":"Boot"},{"floor":10,"key":"Eternal Feather"},{"floor":12,"key":"White Beast Statue"},{"floor":13,"key":"WingedGreaves"},{"floor":14,"key":"Smiling Mask"},{"floor":15,"key":"Mercury Hourglass"},{"floor":23,"key":"Regal Pillow"}],"event_choices":[{"damage_healed":0,"gold_gain":0,"player_choice":"1 cards matched","damage_taken":0,"max_hp_gain":0,"max_hp_loss":0,"event_name":"Match and Keep!","floor":2,"gold_loss":0,"cards_obtained":["Flash of Steel"]},{"damage_healed":0,"gold_gain":0,"player_choice":"Grow","damage_taken":0,"max_hp_gain":0,"max_hp_loss":0,"event_name":"Living Wall","floor":5,"gold_loss":0,"cards_upgraded":["Eruption"]},{"damage_healed":0,"gold_gain":0,"player_choice":"Traded Relic","damage_taken":0,"relics_obtained":["Nloth\u0027s Gift"],"max_hp_gain":0,"max_hp_loss":0,"event_name":"N\u0027loth","floor":19,"relics_lost":["Mercury Hourglass"],"gold_loss":0},{"damage_healed":0,"gold_gain":0,"cards_transformed":["Strike_P"],"player_choice":"Transformed","damage_taken":0,"max_hp_gain":0,"max_hp_loss":0,"event_name":"Transmorgrifier","floor":22,"gold_loss":0,"cards_obtained":["WreathOfFlame"]}],"is_beta":false,"boss_relics":[{"not_picked":["Velvet Choker","HolyWater"],"picked":"Runic Pyramid"}],"items_purged_floors":[3],"is_endless":false,"potions_floor_spawned":[8,10,14,16,18,20,21,23],"killed_by":"Snecko","ascension_level":7}}