{"host":"38abhf7uonnoqlzr","time":1610924619,"event":{"mods":["Act Like it!","Aspiration","BaseMod","Better Note","Better Third Choice","Block Reminder","CapriCore","Colored Map","Conspire","Displayed Cursed Tome","Dota2Spire","Energized Spire","Friendly Minions","Hallownest","Hubris","Minty Spire (QoL Compilation)","Pale of the Ancients","Prisma Mod","Rare Cards Sparkle","Relic Stats","Replay The Spire","Spicy Shops","StSLib","Waifu the Spire"],"gold_per_floor":[116,116,127,179,179,210,220,220,220,269,269,269,297,327,327,430,430,443,26,51,82,107,157,192,207,207],"floor_reached":25,"language":"ENG","playtime":2841,"items_purged":[],"score":235,"play_id":"8bc921c5-fbe6-48e0-900f-35c8b43ca1cb","local_time":"20210118000339","is_ascension_mode":false,"campfire_choices":[{"data":"PrismaMod:IllyaAssassinRevenge","floor":8.0,"key":"SMITH"},{"data":"PrismaMod:IllyaUpgradeOrbs","floor":15.0,"key":"SMITH"}],"circlet_count":0,"master_deck":["PrismaMod:IllyaCommonAttack","PrismaMod:IllyaCommonDefend","PrismaMod:IllyaCommonAttack+1","PrismaMod:IllyaCommonDefend","PrismaMod:IllyaCommonAttack","PrismaMod:IllyaCommonDefend","PrismaMod:IllyaCommonAttack+1","PrismaMod:IllyaCommonDefend","PrismaMod:IllyaCommonAttack","PrismaMod:IllyaCommonDefend+1","PrismaMod:IllyaUncommonAttack","PrismaMod:IllyaUncommonDefend","PrismaMod:IllyaAssassinRevenge+1","PrismaMod:IllyaFeed","ReplayTheSpireMod:Splinters","PrismaMod:IllyaCheapChannelAttack","Voices","PrismaMod:IllyaUberPoisonChannel","PrismaMod:IllyaUpgradeOrbs+1","PrismaMod:IllyaInstallAvenger","Chaos","Vault+1","PrismaMod:IllyaCheapAttack","PrismaMod:IllyaPartialInstallAssassin","PrismaMod:IllyaCarnivalOrbs","PrismaMod:IllyaMinorZwei+1","PrismaMod:IllyaInstallForeigner","PrismaMod:IllyaSaphire+1","PrismaMod:IllyaMinorReinForce","PrismaMod:IllyaPoisonBlock","PrismaMod:IllyaCarnivalAttack","PrismaMod:IllyaStunPoison"],"relics":["PrismaMod:PrismaRuby","Replay:Baseball","Ring of Searing","ReplayTheSpireMod:Ring of Collecting","aspiration:SeaSaltIceCream","Whetstone","ReplayTheSpireMod:Ring of Challenge","aspiration:ChemicalBlood","aspiration:StickyExplosives_weak","Strawberry","Dota2Spire:ArcaneBoots","conspire:RoyalGoblet","Gremlin Horn","Dota2Spire:ShadowBlade"],"acts_visited":["Exordium","TheCity"],"potions_floor_usage":[21,21,22,23,23,24,25],"damage_taken":[{"damage":3.0,"enemies":"Small Slimes","floor":1.0,"turns":4.0},{"damage":0.0,"enemies":"2 Louse","floor":3.0,"turns":4.0},{"damage":20.0,"enemies":"Gremlin Nob","floor":6.0,"turns":4.0},{"damage":9.0,"enemies":"conspire:RoseBush","floor":7.0,"turns":3.0},{"damage":35.0,"enemies":"Replay:BlueRogue","floor":10.0,"turns":6.0},{"damage":10.0,"enemies":"Looter","floor":13.0,"turns":3.0},{"damage":15.0,"enemies":"Exordium Wildlife","floor":14.0,"turns":5.0},{"damage":15.0,"enemies":"Fading Forest","floor":16.0,"turns":12.0},{"damage":18.0,"enemies":"2 Thieves","floor":18.0,"turns":3.0},{"damage":22.0,"enemies":"Shell Parasite","floor":20.0,"turns":6.0},{"damage":3,"enemies":"3 Cultists","floor":21,"turns":6},{"damage":14,"enemies":"Centurion and Healer","floor":22,"turns":7},{"damage":43,"enemies":"Slavers","floor":23,"turns":7},{"damage":21,"enemies":"Snake Plant","floor":24,"turns":4},{"damage":7,"enemies":"Chosen and Byrds","floor":25,"turns":1}],"seed_played":"-6211949180779533886","potions_obtained":[{"floor":1.0,"key":"SmokeBomb"},{"floor":4.0,"key":"LiquidMemories"},{"floor":4.0,"key":"CultistPotion"},{"floor":6.0,"key":"Regen Potion"},{"floor":7.0,"key":"Swift Potion"},{"floor":14.0,"key":"GamblersBrew"},{"floor":20.0,"key":"Weak Potion"},{"floor":21,"key":"Dexterity Potion"}],"is_trial":false,"path_per_floor":["M","?","M","?","?","E","M","R","T","E","?","?","M","M","R_BF","B",null,"M","$","M","M","M","E","M","M"],"character_chosen":"ILLYA","items_purchased":["PrismaMod:IllyaInstallForeigner","Gremlin Horn"],"campfire_rested":0,"item_purchase_floors":[19,19],"current_hp_per_floor":[79,79,79,79,79,63,60,60,60,55,43,89,79,64,64,56,89,71,71,64,76,65,26,5,0,0],"gold":207,"neow_bonus":"TEN_PERCENT_HP_BONUS","is_daily":false,"chose_seed":false,"campfire_upgraded":2,"win_rate":0.0,"timestamp":1610924619,"path_taken":["M","?","M","?","?","E","?","R","T","E","?","?","M","M","R_BF","BOSS","M","$","M","M","M","E","M","M"],"items_purchased_type":["Card","Relic"],"build_version":"2020-12-22","purchased_purges":0,"victory":false,"max_hp_per_floor":[82,82,82,82,82,82,82,82,82,82,89,89,89,89,89,89,89,89,89,89,89,89,89,89,89,89],"relic_stats":{"Gremlin Horn":[5,5],"counters":[15,74],"Whetstone":["PrismaMod:IllyaCommonAttack","PrismaMod:IllyaCommonAttack"],"obtain_stats":[{"conspire:RoyalGoblet":17,"Gremlin Horn":19,"Dota2Spire:ShadowBlade":23,"aspiration:SeaSaltIceCream":6,"Whetstone":6,"Ring of Searing":5,"aspiration:StickyExplosives_weak":10,"PrismaMod:PrismaRuby":0,"Replay:Baseball":4,"ReplayTheSpireMod:Ring of Collecting":5,"Strawberry":11,"Dota2Spire:ArcaneBoots":11,"ReplayTheSpireMod:Ring of Challenge":9,"aspiration:ChemicalBlood":9},{"conspire:RoyalGoblet":8,"Gremlin Horn":9,"Dota2Spire:ShadowBlade":13,"aspiration:SeaSaltIceCream":3,"Whetstone":3,"Ring of Searing":2,"aspiration:StickyExplosives_weak":5,"PrismaMod:PrismaRuby":0,"Replay:Baseball":2,"ReplayTheSpireMod:Ring of Collecting":2,"Strawberry":5,"Dota2Spire:ArcaneBoots":5,"ReplayTheSpireMod:Ring of Challenge":4,"aspiration:ChemicalBlood":4},{"conspire:RoyalGoblet":41,"Gremlin Horn":44,"Dota2Spire:ShadowBlade":70,"aspiration:SeaSaltIceCream":12,"Whetstone":12,"Ring of Searing":8,"aspiration:StickyExplosives_weak":21,"PrismaMod:PrismaRuby":0,"Replay:Baseball":8,"ReplayTheSpireMod:Ring of Collecting":8,"Strawberry":21,"Dota2Spire:ArcaneBoots":21,"ReplayTheSpireMod:Ring of Challenge":15,"aspiration:ChemicalBlood":15}]},"card_choices":[{"not_picked":["PrismaMod:IllyaGrailKun","PrismaMod:IllyaUncommonEvoke"],"picked":"PrismaMod:IllyaAssassinRevenge","floor":1.0},{"not_picked":["PrismaMod:IllyaFriendMaker","PrismaMod:IllyaCheapDefend"],"picked":"PrismaMod:IllyaFeed","floor":3.0},{"not_picked":["PrismaMod:IllyaRapidFire","PrismaMod:IllyaRubysPotion"],"picked":"PrismaMod:IllyaCheapChannelAttack","floor":4.0},{"not_picked":["PrismaMod:IllyaRussianRoulette","PrismaMod:IllyaPoisonTippedWeapons"],"picked":"PrismaMod:IllyaUberPoisonChannel","floor":6.0},{"not_picked":["PrismaMod:IllyaGrailKun","PrismaMod:IllyaMaid"],"picked":"PrismaMod:IllyaUpgradeOrbs","floor":7.0},{"not_picked":["PrismaMod:IllyaFeed","PrismaMod:IllyaDualEvoke"],"picked":"PrismaMod:IllyaInstallAvenger","floor":10.0},{"not_picked":["PrismaMod:IllyaBride","PrismaMod:IllyaCheapDefend"],"picked":"PrismaMod:IllyaCheapAttack","floor":13.0},{"not_picked":["PrismaMod:IllyaBride","PrismaMod:IllyaRapidFire"],"picked":"PrismaMod:IllyaPartialInstallAssassin","floor":14.0},{"not_picked":["PrismaMod:IllyaInstallShielder","PrismaMod:IllyaCarnivalDefend"],"picked":"PrismaMod:IllyaCarnivalOrbs","floor":16.0},{"not_picked":["PrismaMod:IllyaGrailKun+1","PrismaMod:IllyaBride"],"picked":"PrismaMod:IllyaMinorZwei+1","floor":18.0},{"not_picked":["PrismaMod:IllyaMinorReinForce","PrismaMod:IllyaPartialInstallAssassin"],"picked":"PrismaMod:IllyaSaphire+1","floor":20.0},{"not_picked":["PrismaMod:IllyaGrailKun","PrismaMod:IllyaBride"],"picked":"PrismaMod:IllyaMinorReinForce","floor":21},{"not_picked":["PrismaMod:IllyaRussianRoulette","PrismaMod:IllyaCheapChannelDefend"],"picked":"PrismaMod:IllyaPoisonBlock","floor":22},{"not_picked":["PrismaMod:IllyaCarnivalDefend","PrismaMod:IllyaMinorZwei"],"picked":"PrismaMod:IllyaCarnivalAttack","floor":23},{"not_picked":["PrismaMod:IllyaSaphire","PrismaMod:IllyaBride+1"],"picked":"PrismaMod:IllyaStunPoison","floor":24}],"player_experience":206265,"relics_obtained":[{"floor":4.0,"key":"Replay:Baseball"},{"floor":5.0,"key":"Ring of Searing"},{"floor":5.0,"key":"ReplayTheSpireMod:Ring of Collecting"},{"floor":6.0,"key":"aspiration:SeaSaltIceCream"},{"floor":9.0,"key":"ReplayTheSpireMod:Ring of Challenge"},{"floor":9.0,"key":"aspiration:ChemicalBlood"},{"floor":10.0,"key":"aspiration:StickyExplosives_weak"},{"floor":23,"key":"Dota2Spire:ShadowBlade"}],"event_choices":[{"damage_healed":46.0,"max_hp_gain":0.0,"max_hp_loss":0.0,"gold_gain":0.0,"event_name":"Wheel of Change","player_choice":"Full Heal","floor":12.0,"gold_loss":0.0,"damage_taken":0.0}],"is_beta":false,"boss_relics":[{"not_picked":["Cursed Key","conspire:RunicOctahedron"],"picked":"conspire:RoyalGoblet"}],"items_purged_floors":[],"is_endless":false,"potions_floor_spawned":[1,6,7,14,20,21],"killed_by":"Chosen and Byrds","ascension_level":0}}