{"host":"9n6i2vl93jt4o42q","time":1610901371,"event":{"mods":["BaseMod","Minty Spire (QoL Compilation)","Relic Stats"],"gold_per_floor":[117,132,146,146,146,172,172,172,172],"floor_reached":8,"language":"ENG","playtime":370,"items_purged":[],"score":112,"play_id":"84bb73eb-8643-4981-9ffb-aae9e98a4955","local_time":"20210117173611","is_ascension_mode":true,"campfire_choices":[{"data":"Flame Barrier","floor":7,"key":"SMITH"}],"circlet_count":0,"master_deck":["AscendersBane","Strike_R","Strike_R","Strike_R","Strike_R","Strike_R","Defend_R","Defend_R","Defend_R","Defend_R","Bash","Rage","Flame Barrier+1","Fire Breathing","Thunderclap"],"relics":["Burning Blood","Potion Belt","InkBottle","Bottled Lightning"],"acts_visited":["Exordium"],"potions_floor_usage":[],"damage_taken":[{"damage":14,"enemies":"2 Louse","floor":1,"turns":4},{"damage":4,"enemies":"Cultist","floor":2,"turns":4},{"damage":3,"enemies":"Small Slimes","floor":3,"turns":5},{"damage":18,"enemies":"3 Sentries","floor":6,"turns":5},{"damage":49,"enemies":"Gremlin Nob","floor":8,"turns":4}],"seed_played":"-5144807850517853384","potions_obtained":[{"floor":1,"key":"Dexterity Potion"}],"is_trial":false,"path_per_floor":["M","M","M","?","?","E","R","E"],"character_chosen":"IRONCLAD","items_purchased":[],"campfire_rested":0,"item_purchase_floors":[],"current_hp_per_floor":[60,62,65,60,60,48,48,0,0],"gold":172,"neow_bonus":"RANDOM_COMMON_RELIC","is_daily":false,"chose_seed":false,"campfire_upgraded":1,"win_rate":0.0,"timestamp":1610901371,"path_taken":["M","M","M","?","?","E","R","E"],"items_purchased_type":[],"build_version":"2020-12-22","purchased_purges":0,"victory":false,"max_hp_per_floor":[75,75,75,75,75,75,75,75,75],"relic_stats":{"counters":[5,22],"obtain_stats":[{"Potion Belt":0,"Bottled Lightning":6,"Burning Blood":0,"InkBottle":4},{"Potion Belt":0,"Bottled Lightning":4,"Burning Blood":0,"InkBottle":3},{"Potion Belt":0,"Bottled Lightning":18,"Burning Blood":0,"InkBottle":13}],"Burning Blood":24,"InkBottle":[2]},"card_choices":[{"not_picked":["Armaments","Wild Strike"],"picked":"Rage","floor":1},{"not_picked":["Whirlwind","Second Wind"],"picked":"Flame Barrier","floor":2},{"not_picked":["Iron Wave","Havoc"],"picked":"Fire Breathing","floor":3},{"not_picked":["Corruption","Havoc"],"picked":"Thunderclap","floor":6}],"player_experience":2087615,"relics_obtained":[{"floor":6,"key":"Bottled Lightning"}],"event_choices":[{"damage_healed":0,"gold_gain":0,"player_choice":"Success","damage_taken":5,"relics_obtained":["InkBottle"],"max_hp_gain":0,"max_hp_loss":0,"event_name":"Scrap Ooze","floor":4,"gold_loss":0},{"damage_healed":0,"gold_gain":0,"player_choice":"Ignored","damage_taken":0,"max_hp_gain":0,"max_hp_loss":0,"event_name":"Liars Game","floor":5,"gold_loss":0}],"is_beta":false,"boss_relics":[],"items_purged_floors":[],"is_endless":false,"potions_floor_spawned":[1],"killed_by":"Gremlin Nob","ascension_level":20}}