{"host":"lv71j503waqnafdc","time":1610875835,"event":{"mods":["Act Like it!","Arknights The Spire","BaseMod","Hermit","Jorbs\u0027s Wanderer Trilogy","Minty Spire (QoL Compilation)","Replay The Spire","StSLib","The Cursed"],"gold_per_floor":[117,137,137,7,7,7,22,22,45,58,68,68,93,105,105,209,209,225,165,19,32,32,32,52,52,79,9,25,25,42,62,62,157,157,175,369,81,0,0,0,20,34,34,34,46,56,56,107,107,107,107],"floor_reached":50,"language":"ZHS","playtime":1515,"items_purged":[],"score":494,"play_id":"8cf6e93a-0685-4c77-9b20-8e8241de94f5","local_time":"20210117173035","is_ascension_mode":false,"campfire_choices":[{"data":"ats:True Silver Slash","floor":6,"key":"SMITH"},{"data":"ats:Closed Bolt Burst Fire","floor":15,"key":"SMITH"},{"data":"ats:Volcano","floor":23,"key":"SMITH"},{"data":"ats:Wolf Pack","floor":29,"key":"SMITH"},{"floor":32,"key":"REST"},{"floor":40,"key":"REST"},{"floor":44,"key":"REST"},{"floor":47,"key":"REST"},{"floor":49,"key":"REST"}],"circlet_count":0,"master_deck":["ats:Strike C","ats:Strike G","ats:Strike S","ats:Armor Crushing Shot","ats:Defend","ats:Defend","ats:Defend","ats:Defend+1","ats:Emotion Absorption","ats:Nebulous Foxfire","ats:Directed Diagnosis","ats:Thorns","ats:True Silver Slash+1","ats:Cat Scratch","ats:Hook Shot","ats:Shadow Assault","ats:Defend Order","ats:Shadow Assault","ats:Ignite","ats:Closed Bolt Burst Fire+1","ats:Volcano+1","ats:Thorns+1","ats:Wolf Pack+1","ats:Automatic Cover","ats:Leaping Hammer","ats:True Silver Slash+1","ats:LN2 Cannon","ats:Childhood Dance","ats:Apocalypse","ats:Part Time Job+1","ats:Calcification","ats:Support Order","ats:Directed Diagnosis","ats:Flexible Camouflage","ats:Apocalypse","ats:Hammer On","ats:Curse Doll+1","ats:Assault Order+1","ats:Childhood Dance+1"],"relics":["ats:Sanity","Orichalcum","ReplayTheSpireMod:Ring of Addiction","ReplayTheSpireMod:Ring of Collecting","Chameleon Ring","Toy Ornithopter","ats:Originium","Pear","Replay:Grab Bag","Runic Dome","ChewingGum","Runic Pyramid","ReplayTheSpireMod:Ring of Exchange","Replay:Baseball","Busted Crown","ats:Lavender","Red Mask","Ring of Panic","Blue Candle","Gambling Chip"],"acts_visited":["Exordium","TheCity","TheBeyond"],"potions_floor_usage":[13,13,16,21,24,33,41,46,48],"damage_taken":[{"damage":8,"enemies":"2 Louse","floor":1,"turns":4},{"damage":2,"enemies":"Small Slimes","floor":2,"turns":4},{"damage":1,"enemies":"Jaw Worm","floor":7,"turns":6},{"damage":11,"enemies":"3 Louse","floor":10,"turns":2},{"damage":0,"enemies":"Gremlin Gang","floor":11,"turns":2},{"damage":18,"enemies":"Lagavulin","floor":13,"turns":10},{"damage":0,"enemies":"2 Fungi Beasts","floor":14,"turns":2},{"damage":37,"enemies":"Hexaghost","floor":16,"turns":10},{"damage":14,"enemies":"2 Thieves","floor":18,"turns":4},{"damage":3,"enemies":"3 Byrds","floor":21,"turns":4},{"damage":0,"enemies":"Snecko","floor":24,"turns":3},{"damage":5,"enemies":"Cultist and Chosen","floor":28,"turns":4},{"damage":22,"enemies":"Centurion and Healer","floor":30,"turns":4},{"damage":7,"enemies":"3 Cultists","floor":31,"turns":3},{"damage":62,"enemies":"Automaton","floor":33,"turns":9},{"damage":29,"enemies":"3 Darklings","floor":35,"turns":5},{"damage":24,"enemies":"Orb Walker","floor":41,"turns":4},{"damage":25,"enemies":"4 Shapes","floor":42,"turns":4},{"damage":12,"enemies":"Sphere and 2 Shapes","floor":45,"turns":3},{"damage":45,"enemies":"Spire Growth","floor":46,"turns":5},{"damage":29,"enemies":"2 Orb Walkers","floor":48,"turns":5},{"damage":118,"enemies":"Awakened One","floor":50,"turns":13}],"seed_played":"7232324287635377290","potions_obtained":[{"floor":1,"key":"ats:Emergency Sanity Potion"},{"floor":7,"key":"Adrenaline Potion"},{"floor":12,"key":"BlessingOfTheForge"},{"floor":12,"key":"PowerPotion"},{"floor":13,"key":"Strength Potion"},{"floor":16,"key":"Fire Potion"},{"floor":18,"key":"Block Potion"},{"floor":21,"key":"Fire Potion"},{"floor":28,"key":"Strength Potion"},{"floor":31,"key":"CultistPotion"},{"floor":45,"key":"AttackPotion"},{"floor":46,"key":"GamblersBrew"},{"floor":48,"key":"Swift Potion"}],"is_trial":false,"path_per_floor":["M","M","?","$","?","R","M","?","T","M","M","?","E","M","R","B",null,"M","?","$","M","?","R","M","?","T","$","M","R","M","M","R","B",null,"M","?","$","?","?","R","M","M","T","R","M","M","R","?","R","B"],"character_chosen":"DOCTOR_CLASS","items_purchased":["ats:True Silver Slash","ats:Cat Scratch","ats:Wolf Pack","ats:LN2 Cannon","ats:Lavender","ats:Flexible Camouflage"],"campfire_rested":5,"item_purchase_floors":[4,4,20,27,37,37],"current_hp_per_floor":[65,63,63,63,63,63,65,65,65,54,54,54,65,67,67,41,82,68,68,68,70,70,70,77,77,77,77,72,72,53,48,70,25,76,52,33,33,33,33,54,45,28,28,49,46,26,47,33,54,0,0],"gold":107,"neow_bonus":"ONE_RANDOM_RARE_CARD","is_daily":false,"chose_seed":false,"campfire_upgraded":4,"win_rate":0.0,"timestamp":1610875835,"path_taken":["M","M","?","$","?","R","?","?","T","?","?","?","E","M","R","BOSS","M","?","$","M","?","R","?","?","T","?","M","R","M","M","R","BOSS","M","?","$","?","?","R","M","?","T","R","M","M","R","?","R","BOSS"],"items_purchased_type":["Card","Card","Card","Card","Relic","Card"],"build_version":"2020-12-22","purchased_purges":0,"victory":false,"max_hp_per_floor":[72,72,72,72,72,72,72,72,72,72,72,72,82,82,82,82,82,82,82,80,80,80,80,80,80,80,80,78,78,78,76,76,76,76,76,76,74,74,74,72,72,72,72,72,70,70,70,70,70,70,70],"card_choices":[{"not_picked":["ats:Healing Drone","ats:Soul Absorption"],"picked":"ats:Directed Diagnosis","floor":1},{"not_picked":["ats:Cat Scratch","ats:Hammer On"],"picked":"ats:Thorns","floor":2},{"not_picked":["ats:Soul Absorption","ats:Shell Defense"],"picked":"ats:Hook Shot","floor":7},{"not_picked":["ats:Cat Scratch","ats:Consecutive Shot Auto"],"picked":"ats:Defend Order","floor":10},{"not_picked":["ats:Explosion Area Strengthen","ats:Powerful Strike"],"picked":"ats:Shadow Assault","floor":11},{"not_picked":["ats:Healing Strengthening","ats:Defend Order"],"picked":"ats:Ignite","floor":13},{"not_picked":["ats:Spore Proliferation","ats:Soul Absorption"],"picked":"ats:Closed Bolt Burst Fire","floor":14},{"not_picked":["ats:Soul Rend","ats:Nebulous Foxfire"],"picked":"ats:Volcano","floor":16},{"not_picked":["ats:Revitalization+1","ats:Explosion Area Strengthen"],"picked":"ats:Thorns+1","floor":18},{"not_picked":["ats:Hammer On","ats:Curse Doll"],"picked":"ats:Automatic Cover","floor":21},{"not_picked":["ats:Ignite","ats:Powerful Strike"],"picked":"ats:Leaping Hammer","floor":24},{"not_picked":["ats:Thorns","ats:Part Time Job"],"picked":"ats:Childhood Dance","floor":28},{"not_picked":["ats:Mental Burst+1","ats:Ignite"],"picked":"ats:Apocalypse","floor":30},{"not_picked":["ats:Apocalypse","ats:Explosion Area Strengthen"],"picked":"ats:Part Time Job+1","floor":31},{"not_picked":["ats:True Silver Slash","ats:Volcano"],"picked":"ats:Calcification","floor":33},{"not_picked":[],"picked":"ats:Support Order","floor":35},{"not_picked":[],"picked":"ats:Directed Diagnosis","floor":36},{"not_picked":[],"picked":"ats:Apocalypse","floor":41},{"not_picked":[],"picked":"ats:Hammer On","floor":42},{"not_picked":[],"picked":"ats:Curse Doll+1","floor":45},{"not_picked":[],"picked":"ats:Assault Order+1","floor":46},{"not_picked":[],"picked":"ats:Childhood Dance+1","floor":48}],"player_experience":256993,"relics_obtained":[{"floor":9,"key":"Orichalcum"},{"floor":12,"key":"ReplayTheSpireMod:Ring of Addiction"},{"floor":12,"key":"ReplayTheSpireMod:Ring of Collecting"},{"floor":12,"key":"Chameleon Ring"},{"floor":12,"key":"Toy Ornithopter"},{"floor":13,"key":"ats:Originium"},{"floor":13,"key":"Pear"},{"floor":26,"key":"ReplayTheSpireMod:Ring of Exchange"},{"floor":26,"key":"Replay:Baseball"},{"floor":43,"key":"Ring of Panic"},{"floor":43,"key":"Blue Candle"},{"floor":48,"key":"Gambling Chip"}],"event_choices":[{"damage_healed":0,"gold_gain":0,"player_choice":"Ignored","damage_taken":0,"max_hp_gain":0,"max_hp_loss":0,"event_name":"Golden Wing","floor":5,"gold_loss":0},{"damage_healed":0,"gold_gain":0,"player_choice":"1 cards matched","damage_taken":0,"max_hp_gain":0,"max_hp_loss":0,"event_name":"Match and Keep!","floor":8,"gold_loss":0,"cards_obtained":["ats:Shadow Assault"]},{"cards_removed":["ats:Strike V"],"damage_healed":0,"gold_gain":0,"player_choice":"Purged","damage_taken":0,"max_hp_gain":0,"max_hp_loss":0,"event_name":"Purifier","floor":22,"gold_loss":0},{"damage_healed":0,"gold_gain":0,"player_choice":"Copied","damage_taken":0,"max_hp_gain":0,"max_hp_loss":0,"event_name":"Duplicator","floor":25,"gold_loss":0,"cards_obtained":["ats:True Silver Slash"]},{"damage_healed":0,"gold_gain":0,"player_choice":"Paid","damage_taken":0,"relics_obtained":["Red Mask"],"max_hp_gain":0,"max_hp_loss":0,"event_name":"Tomb of Lord Red Mask","floor":38,"gold_loss":81},{"damage_healed":0,"gold_gain":0,"player_choice":"Ignored","damage_taken":0,"max_hp_gain":0,"max_hp_loss":0,"event_name":"The Moai Head","floor":39,"gold_loss":0},{"damage_healed":0,"gold_gain":0,"player_choice":"Fight","damage_taken":0,"max_hp_gain":0,"max_hp_loss":0,"event_name":"Mysterious Sphere","floor":48,"gold_loss":0}],"is_beta":false,"boss_relics":[{"not_picked":["Replay:Drink Me","Coffee Dripper"],"picked":"Replay:Grab Bag"},{"not_picked":["SlaversCollar","Sozu"],"picked":"Runic Dome"},{"not_picked":["Philosopher\u0027s Stone","Cursed Key"],"picked":"ChewingGum"},{"not_picked":["Kintsugi","Empty Cage"],"picked":"Runic Pyramid"},{"not_picked":["Replay:Bronze Core","Replay:Wanted Poster"],"picked":"Busted Crown"}],"items_purged_floors":[],"is_endless":false,"potions_floor_spawned":[1,7,13,16,18,21,28,31,45,46,48],"killed_by":"Awakened One","ascension_level":0}}