{"host":"oi6p1guiqfwwvxym","time":1610842264,"event":{"mods":["BaseMod","Colored Map","Minty Spire (QoL Compilation)"],"gold_per_floor":[113,126,140,56,56,100,100,121,144,183,211,211,252,266,266,266,266],"floor_reached":16,"language":"ENG","playtime":963,"items_purged":[],"score":222,"play_id":"fc511fe2-3b67-4ffc-9037-a6df76f4d5b5","local_time":"20210116161104","is_ascension_mode":true,"campfire_choices":[{"floor":7,"key":"REST"},{"data":"Corruption","floor":15,"key":"SMITH"}],"circlet_count":0,"master_deck":["AscendersBane","Strike_R","Strike_R","Strike_R","Defend_R","Defend_R","Defend_R","Defend_R","Bash","Flame Barrier","Bludgeon","Shrug It Off","Anger","Thunderclap","Disarm","Flame Barrier","Headbutt","Corruption+1","Metallicize","Armaments"],"relics":["Burning Blood","Golden Idol","Potion Belt","Tiny Chest","Juzu Bracelet","Odd Mushroom","Blue Candle","Matryoshka"],"acts_visited":["Exordium"],"potions_floor_usage":[10,11,16],"damage_taken":[{"damage":0,"enemies":"Cultist","floor":1,"turns":3},{"damage":12,"enemies":"Small Slimes","floor":2,"turns":3},{"damage":7,"enemies":"Jaw Worm","floor":3,"turns":5},{"damage":27,"enemies":"Gremlin Nob","floor":6,"turns":5},{"damage":1,"enemies":"Looter","floor":8,"turns":4},{"damage":10,"enemies":"3 Sentries","floor":10,"turns":4},{"damage":3,"enemies":"The Mushroom Lair","floor":11,"turns":4},{"damage":15,"enemies":"Lagavulin","floor":13,"turns":5},{"damage":5,"enemies":"2 Fungi Beasts","floor":14,"turns":4},{"damage":37,"enemies":"The Guardian","floor":16,"turns":13}],"seed_played":"-8744318521428664122","potions_obtained":[{"floor":1,"key":"Fire Potion"},{"floor":3,"key":"Explosive Potion"},{"floor":10,"key":"DuplicationPotion"},{"floor":13,"key":"LiquidMemories"}],"is_trial":false,"path_per_floor":["M","M","M","$","?","E","R","M","T","E","?","T","E","M","R","B"],"character_chosen":"IRONCLAD","items_purchased":["Disarm"],"campfire_rested":1,"item_purchase_floors":[4],"current_hp_per_floor":[68,62,61,61,38,17,37,42,42,38,41,41,32,33,33,0,0],"gold":266,"neow_bonus":"TRANSFORM_TWO_CARDS","is_daily":false,"chose_seed":false,"campfire_upgraded":1,"win_rate":0.0,"timestamp":1610842264,"path_taken":["M","M","M","$","?","E","R","M","T","E","?","?","E","M","R","BOSS"],"items_purchased_type":["Card"],"build_version":"2020-12-22","purchased_purges":0,"victory":false,"max_hp_per_floor":[68,68,68,68,68,68,68,68,68,68,68,68,68,68,68,68,68],"card_choices":[{"not_picked":["Heavy Blade","Pummel"],"picked":"Shrug It Off","floor":1},{"not_picked":["Clash","Rage"],"picked":"Anger","floor":2},{"not_picked":["Shrug It Off","Body Slam"],"picked":"Thunderclap","floor":3},{"not_picked":["Anger","Juggernaut"],"picked":"Flame Barrier","floor":6},{"not_picked":["Anger","Havoc"],"picked":"Headbutt","floor":8},{"not_picked":["Iron Wave","Rupture"],"picked":"Corruption","floor":10},{"not_picked":["Havoc","True Grit"],"picked":"Metallicize","floor":11},{"not_picked":["Flex","Twin Strike"],"picked":"Armaments","floor":13},{"not_picked":["Anger","Ghostly Armor","Flex"],"picked":"SKIP","floor":14}],"player_experience":365086,"relics_obtained":[{"floor":6,"key":"Potion Belt"},{"floor":9,"key":"Tiny Chest"},{"floor":10,"key":"Juzu Bracelet"},{"floor":11,"key":"Odd Mushroom"},{"floor":12,"key":"Blue Candle"},{"floor":13,"key":"Matryoshka"}],"event_choices":[{"damage_healed":0,"gold_gain":0,"player_choice":"Take Damage","damage_taken":23,"relics_obtained":["Golden Idol"],"max_hp_gain":0,"max_hp_loss":0,"event_name":"Golden Idol","floor":5,"gold_loss":0},{"damage_healed":0,"gold_gain":0,"player_choice":"Fought Mushrooms","damage_taken":0,"max_hp_gain":0,"max_hp_loss":0,"event_name":"Mushrooms","floor":11,"gold_loss":0}],"is_beta":false,"boss_relics":[],"items_purged_floors":[],"is_endless":false,"potions_floor_spawned":[1,3,10,13],"killed_by":"The Guardian","ascension_level":17}}