{"host":"qhhcmep1unj6mpf7","time":1610896896,"event":{"mods":["2.2 Compatiblity","AchievementEnabler","BaseMod","Colored Map","DeckTracker","Highlight Path","Keyboard Shortcuts","Minty Spire (QoL Compilation)","Permanent Neow","Quick Restart","Random Character Button","StSLib","SuperFastMode","everything is the same but u backflip on backflip"],"gold_per_floor":[119,137,157,175,193,220,220,234,261,295,295,311,84,103,103,205,205,218,218,234,250,349,349,383,383,383,394,409,428,456,381,381,381,381],"floor_reached":33,"language":"KOR","playtime":1209,"items_purged":["Strike_B"],"score":303,"play_id":"cae866c0-d7af-4c9d-bea4-57f563e71811","local_time":"20210118002136","is_ascension_mode":false,"campfire_choices":[{"data":"Creative AI","floor":7.0,"key":"SMITH"},{"data":"Loop","floor":11.0,"key":"SMITH"},{"data":"Loop","floor":15.0,"key":"SMITH"},{"data":"Double Energy","floor":23.0,"key":"SMITH"},{"floor":25.0,"key":"REST"},{"data":"Consume","floor":32,"key":"SMITH"}],"circlet_count":0,"master_deck":["Strike_B+1","Strike_B+1","Defend_B","Defend_B","Defend_B","Defend_B","Zap","Dualcast","Electrodynamics","Glacier","Skim","Loop+1","Creative AI+1","Loop+1","Ball Lightning","Consume+1","Self Repair","Meteor Strike","Undo","Defragment","Double Energy+1","Barrage"],"relics":["Cracked Core","HornCleat","Centennial Puzzle","Du-Vu Doll","Inserter","Whetstone","Prayer Wheel","Bag of Marbles"],"acts_visited":["Exordium","TheCity"],"potions_floor_usage":[30,33],"damage_taken":[{"damage":1.0,"enemies":"Cultist","floor":1.0,"turns":4.0},{"damage":0.0,"enemies":"Small Slimes","floor":2.0,"turns":3.0},{"damage":0.0,"enemies":"Jaw Worm","floor":3.0,"turns":4.0},{"damage":7.0,"enemies":"2 Fungi Beasts","floor":4.0,"turns":3.0},{"damage":0.0,"enemies":"3 Louse","floor":5.0,"turns":1.0},{"damage":24.0,"enemies":"Gremlin Nob","floor":6.0,"turns":4.0},{"damage":13.0,"enemies":"Exordium Thugs","floor":8.0,"turns":5.0},{"damage":21.0,"enemies":"Lagavulin","floor":10.0,"turns":6.0},{"damage":5.0,"enemies":"Looter","floor":12.0,"turns":3.0},{"damage":0.0,"enemies":"2 Fungi Beasts","floor":14.0,"turns":3.0},{"damage":3.0,"enemies":"Hexaghost","floor":16.0,"turns":10.0},{"damage":8.0,"enemies":"3 Byrds","floor":18.0,"turns":4.0},{"damage":5.0,"enemies":"Shell Parasite","floor":20.0,"turns":6.0},{"damage":30.0,"enemies":"Snake Plant","floor":21.0,"turns":6.0},{"damage":35.0,"enemies":"Book of Stabbing","floor":24.0,"turns":8.0},{"damage":20.0,"enemies":"3 Cultists","floor":27.0,"turns":5.0},{"damage":19.0,"enemies":"Cultist and Chosen","floor":28.0,"turns":6.0},{"damage":3.0,"enemies":"Centurion and Healer","floor":29.0,"turns":9.0},{"damage":36,"enemies":"Slavers","floor":30,"turns":3},{"damage":38,"enemies":"Collector","floor":33,"turns":5}],"seed_played":"-1919628549636314986","potions_obtained":[{"floor":1.0,"key":"FairyPotion"},{"floor":2.0,"key":"Regen Potion"},{"floor":8.0,"key":"Explosive Potion"},{"floor":10.0,"key":"GamblersBrew"},{"floor":21.0,"key":"FairyPotion"},{"floor":28.0,"key":"CultistPotion"},{"floor":29.0,"key":"DuplicationPotion"}],"is_trial":false,"path_per_floor":["M","M","M","M","M","E","R","M","T","E","R","M","$","M","R","B",null,"M","?","M","M","?","R","E","R","T","M","M","M","E","?","R","B"],"character_chosen":"DEFECT","items_purchased":["Consume","Self Repair"],"campfire_rested":1,"item_purchase_floors":[13,13],"current_hp_per_floor":[67,67,67,60,60,36,36,37,37,16,16,11,11,18,18,22,68,60,60,62,39,39,39,11,31,31,18,20,24,27,27,27,0,0],"gold":381,"neow_bonus":"THREE_RARE_CARDS","is_daily":false,"chose_seed":false,"campfire_upgraded":5,"win_rate":0.0,"timestamp":1610896896,"path_taken":["M","M","M","M","M","E","R","?","T","E","R","M","$","M","R","BOSS","M","?","M","M","?","R","E","R","T","M","M","M","E","?","R","BOSS"],"items_purchased_type":["Card","Card"],"build_version":"2020-12-22","purchased_purges":1,"victory":false,"max_hp_per_floor":[68,68,68,68,68,68,68,68,68,68,68,68,68,68,68,68,68,68,68,68,68,68,68,68,68,68,68,68,68,68,68,68,68,68],"card_choices":[{"not_picked":["Buffer","Amplify"],"picked":"Electrodynamics","floor":0.0},{"not_picked":["Reprogram","Coolheaded"],"picked":"Glacier","floor":1.0},{"not_picked":["Sweeping Beam","Leap","FTL"],"picked":"SKIP","floor":2.0},{"not_picked":["Conserve Battery","Recycle","Compile Driver"],"picked":"SKIP","floor":3.0},{"not_picked":["Steam","Leap"],"picked":"Skim","floor":4.0},{"not_picked":["Conserve Battery","Streamline"],"picked":"Loop","floor":5.0},{"not_picked":["Leap","Streamline"],"picked":"Creative AI","floor":6.0},{"not_picked":["Cold Snap","Rebound"],"picked":"Loop","floor":8.0},{"not_picked":["Buffer","Go for the Eyes"],"picked":"Ball Lightning","floor":10.0},{"not_picked":["Rebound","Sweeping Beam","Cold Snap"],"picked":"SKIP","floor":12.0},{"not_picked":["Turbo","Double Energy","Darkness"],"picked":"SKIP","floor":14.0},{"not_picked":["Seek","Electrodynamics"],"picked":"Meteor Strike","floor":16.0},{"not_picked":["Streamline","Barrage"],"picked":"Undo","floor":18.0},{"not_picked":["Glacier+1","FTL+1"],"picked":"Double Energy","floor":20.0},{"not_picked":["Doom and Gloom","BootSequence+1","Redo"],"picked":"SKIP","floor":21.0},{"not_picked":["Doom and Gloom","BootSequence+1","Redo"],"picked":"SKIP","floor":21.0},{"not_picked":["Aggregate","FTL+1","Stack+1"],"picked":"SKIP","floor":24.0},{"not_picked":["Recycle","Consume"],"picked":"Barrage","floor":27.0},{"not_picked":["Turbo","Leap+1","Conserve Battery+1"],"picked":"SKIP","floor":27.0},{"not_picked":["Go for the Eyes","Redo","Fusion"],"picked":"SKIP","floor":28.0},{"not_picked":["Rebound+1","Loop","Compile Driver"],"picked":"SKIP","floor":28.0},{"not_picked":["Stack+1","Ball Lightning","Turbo"],"picked":"SKIP","floor":29.0},{"not_picked":["Static Discharge+1","Aggregate","Go for the Eyes"],"picked":"SKIP","floor":29.0},{"not_picked":["Consume","Recycle+1","Sweeping Beam"],"picked":"SKIP","floor":30}],"player_experience":317421,"relics_obtained":[{"floor":6.0,"key":"HornCleat"},{"floor":9.0,"key":"Centennial Puzzle"},{"floor":10.0,"key":"Du-Vu Doll"},{"floor":24.0,"key":"Whetstone"},{"floor":26.0,"key":"Prayer Wheel"},{"floor":30,"key":"Bag of Marbles"}],"event_choices":[{"damage_healed":0.0,"max_hp_gain":0.0,"max_hp_loss":0.0,"gold_gain":0.0,"event_name":"The Library","player_choice":"Read","floor":19.0,"gold_loss":0.0,"damage_taken":0.0,"cards_obtained":["Defragment"]},{"damage_healed":0.0,"max_hp_gain":0.0,"max_hp_loss":0.0,"gold_gain":99.0,"event_name":"Nest","player_choice":"Stole From Cult","floor":22.0,"gold_loss":0.0,"damage_taken":0.0},{"cards_removed":["Strike_B"],"damage_healed":0,"gold_gain":0,"player_choice":"Gave Gold","damage_taken":0,"max_hp_gain":0,"max_hp_loss":0,"event_name":"Beggar","floor":31,"gold_loss":75}],"is_beta":false,"boss_relics":[{"not_picked":["FrozenCore","Runic Pyramid"],"picked":"Inserter"}],"items_purged_floors":[13],"is_endless":false,"potions_floor_spawned":[1,2,8,10,14,18,21,28,29],"killed_by":"Collector","ascension_level":0}}