{"host":"oehe2dxjvdgux73m","time":1610864770,"event":{"mods":["AchievementEnabler","BaseMod","Colored Map","Colored Powertips","DeckTracker","Keyboard Shortcuts","Minty Spire (QoL Compilation)","Permanent Neow","Quick Restart","StSLib","SuperFastMode"],"gold_per_floor":[109,109,159,169,57,84,84,100,100,100,112,112,142,43,43,120,170,190,235,235,235,13,13,33,33,333,24,24,37,66,66,66,66,66],"floor_reached":33,"language":"KOR","playtime":878,"items_purged":["Strike_G","Strike_G"],"score":588,"play_id":"e9d347d7-1ed7-4cfa-b06d-94f17911dbcf","local_time":"20210117152610","is_ascension_mode":true,"campfire_choices":[{"floor":7.0,"key":"REST"},{"data":"Bullet Time","floor":10.0,"key":"SMITH"},{"data":"Predator","floor":12.0,"key":"SMITH"},{"floor":15.0,"key":"REST"},{"floor":23.0,"key":"REST"},{"data":"Neutralize","floor":25.0,"key":"SMITH"},{"floor":32.0,"key":"REST"}],"circlet_count":0,"master_deck":["AscendersBane","Strike_G","Defend_G+1","Defend_G","Defend_G","Defend_G","Defend_G","Survivor","Neutralize+1","Dagger Throw+1","Deadly Poison","Blur","Bullet Time+1","Footwork","Predator+1","Noxious Fumes","Noxious Fumes","PiercingWail+1","Adrenaline","Crippling Poison","Deflect+1","Necronomicurse","Eviscerate","Crippling Poison","Well Laid Plans","Endless Agony","Glass Knife","Dodge and Roll","Blade Dance"],"relics":["Ring of the Snake","NeowsBlessing","Torii","Darkstone Periapt","Lantern","Tiny House","Juzu Bracelet","Necronomicon","Membership Card","Old Coin","FossilizedHelix","Dream Catcher","Bag of Preparation"],"acts_visited":["Exordium","TheCity"],"potions_floor_usage":[33],"damage_taken":[{"damage":0.0,"enemies":"2 Louse","floor":1.0,"turns":1.0},{"damage":0.0,"enemies":"Small Slimes","floor":4.0,"turns":1.0},{"damage":0.0,"enemies":"3 Sentries","floor":6.0,"turns":1.0},{"damage":0.0,"enemies":"Cultist","floor":8.0,"turns":4.0},{"damage":8.0,"enemies":"Red Slaver","floor":11.0,"turns":5.0},{"damage":25.0,"enemies":"Lagavulin","floor":13.0,"turns":6.0},{"damage":11.0,"enemies":"Hexaghost","floor":16.0,"turns":9.0},{"damage":26.0,"enemies":"Spheric Guardian","floor":18.0,"turns":5.0},{"damage":10.0,"enemies":"Chosen","floor":24.0,"turns":5.0},{"damage":6.0,"enemies":"Snake Plant","floor":29.0,"turns":3.0},{"damage":15.0,"enemies":"Slavers","floor":30.0,"turns":7.0},{"damage":42,"enemies":"Champ","floor":33,"turns":12}],"seed_played":"-4913968733458955497","potions_obtained":[{"floor":6.0,"key":"SteroidPotion"},{"floor":8.0,"key":"GamblersBrew"},{"floor":13.0,"key":"PowerPotion"},{"floor":17.0,"key":"BlessingOfTheForge"},{"floor":30.0,"key":"Energy Potion"}],"is_trial":false,"path_per_floor":["M","?","?","M","$","E","R","M","T","R","M","R","E","$","R","B",null,"M","T","?","?","$","R","M","R","T","$","?","M","E","?","R","B"],"character_chosen":"THE_SILENT","items_purchased":["Blur","Noxious Fumes","PiercingWail","Membership Card","Crippling Poison","FossilizedHelix","Dream Catcher","Well Laid Plans"],"campfire_rested":4,"item_purchase_floors":[5,14,14,22,27,27,27,27],"current_hp_per_floor":[59,39,33,33,33,33,52,52,52,52,44,44,19,19,38,27,61,35,35,20,20,20,43,33,33,33,33,33,27,12,12,35,0,0],"gold":66,"neow_bonus":"THREE_ENEMY_KILL","is_daily":false,"chose_seed":false,"campfire_upgraded":3,"win_rate":0.0,"timestamp":1610864770,"path_taken":["M","?","?","?","?","E","R","M","T","R","M","R","E","$","R","BOSS","M","?","?","?","$","R","M","R","T","?","?","M","E","?","R","BOSS"],"items_purchased_type":["Card","Card","Card","Relic","Card","Relic","Relic","Card"],"build_version":"2020-12-22","purchased_purges":2,"victory":false,"max_hp_per_floor":[66,66,66,66,66,66,66,66,66,66,66,66,66,66,66,66,71,71,71,77,77,77,77,77,77,77,77,77,77,77,77,77,77,77],"card_choices":[{"not_picked":["Flying Knee","Concentrate"],"picked":"Dagger Throw","floor":1.0},{"not_picked":["PiercingWail","Deflect"],"picked":"Deadly Poison","floor":4.0},{"not_picked":["Sucker Punch","Envenom"],"picked":"Bullet Time","floor":6.0},{"not_picked":["Outmaneuver","Tactician"],"picked":"Footwork","floor":8.0},{"not_picked":["Dagger Spray","Masterful Stab"],"picked":"Predator","floor":11.0},{"not_picked":["Slice","Outmaneuver"],"picked":"Noxious Fumes","floor":13.0},{"not_picked":["Glass Knife","Corpse Explosion"],"picked":"Adrenaline","floor":16.0},{"not_picked":["Accuracy","Skewer"],"picked":"Crippling Poison","floor":17.0},{"not_picked":["Acrobatics","Outmaneuver"],"picked":"Deflect+1","floor":18.0},{"not_picked":["Poisoned Stab","Cloak And Dagger"],"picked":"Eviscerate","floor":24.0},{"not_picked":["Slice","Dagger Spray"],"picked":"Dodge and Roll","floor":29.0},{"not_picked":["Slice+1","Flechettes","Dodge and Roll"],"picked":"SKIP","floor":30.0},{"not_picked":["Predator","Finisher"],"picked":"Blade Dance","floor":32.0}],"player_experience":257142,"relics_obtained":[{"floor":6.0,"key":"Torii"},{"floor":9.0,"key":"Darkstone Periapt"},{"floor":13.0,"key":"Lantern"},{"floor":19.0,"key":"Juzu Bracelet"},{"floor":20.0,"key":"Necronomicon"},{"floor":26.0,"key":"Old Coin"},{"floor":30.0,"key":"Bag of Preparation"}],"event_choices":[{"damage_healed":0.0,"max_hp_gain":0.0,"max_hp_loss":0.0,"gold_gain":0.0,"event_name":"Shining Light","player_choice":"Entered Light","floor":2.0,"gold_loss":0.0,"damage_taken":20.0,"cards_upgraded":["Dagger Throw","Defend_G"]},{"damage_healed":0.0,"max_hp_gain":0.0,"max_hp_loss":0.0,"gold_gain":50.0,"event_name":"FaceTrader","player_choice":"Touch","floor":3.0,"gold_loss":0.0,"damage_taken":6.0},{"damage_healed":0.0,"max_hp_gain":0.0,"max_hp_loss":0.0,"gold_gain":0.0,"event_name":"Cursed Tome","player_choice":"Obtained Book","floor":20.0,"gold_loss":0.0,"damage_taken":21.0},{"damage_healed":0.0,"max_hp_gain":0.0,"max_hp_loss":0.0,"gold_gain":0.0,"event_name":"Vampires","player_choice":"Ignored","floor":21.0,"gold_loss":0.0,"damage_taken":0.0},{"damage_healed":0.0,"max_hp_gain":0.0,"max_hp_loss":0.0,"gold_gain":0.0,"cards_transformed":["Strike_G","Strike_G"],"event_name":"Drug Dealer","player_choice":"Became Test Subject","floor":28.0,"gold_loss":0.0,"damage_taken":0.0,"cards_obtained":["Endless Agony","Glass Knife"]},{"damage_healed":0.0,"max_hp_gain":0.0,"max_hp_loss":0.0,"gold_gain":0.0,"event_name":"The Mausoleum","player_choice":"Ignored","floor":31.0,"gold_loss":0.0,"damage_taken":0.0}],"is_beta":false,"boss_relics":[{"not_picked":["SacredBark","WristBlade"],"picked":"Tiny House"}],"items_purged_floors":[5,22],"is_endless":false,"potions_floor_spawned":[6,8,13,18,30],"killed_by":"Champ","ascension_level":20}}