{"host":"qxfsqqkvz99y95yf","time":1610905849,"event":{"mods":["BaseMod","Infinite Spire","Minty Spire (QoL Compilation)","Replay The Spire","StSLib"],"gold_per_floor":[112,126,137,137,157,184,184,184,184],"floor_reached":8,"language":"ENG","playtime":455,"items_purged":[],"score":64,"play_id":"470bb75d-44d1-444e-b7ba-fc8bd846c184","local_time":"20210117125049","is_ascension_mode":true,"campfire_choices":[{"floor":7,"key":"REST"}],"circlet_count":0,"master_deck":["Strike_R","Strike_R","Strike_R","Strike_R","Strike_R","Defend_R","Defend_R","Defend_R","Defend_R","Bash","Hemogenesis","Warcry","Heavy Blade","Headbutt","Evolve","Reaper"],"relics":["Burning Blood","Sundial","HornCleat"],"acts_visited":["Exordium"],"potions_floor_usage":[6,6],"damage_taken":[{"damage":23,"enemies":"Cultist","floor":1,"turns":6},{"damage":10,"enemies":"2 Louse","floor":2,"turns":4},{"damage":24,"enemies":"Small Slimes","floor":3,"turns":5},{"damage":12,"enemies":"3 Louse","floor":5,"turns":4},{"damage":38,"enemies":"Gremlin Nob","floor":6,"turns":7},{"damage":50,"enemies":"Lagavulin","floor":8,"turns":7}],"seed_played":"4109133076954079596","potions_obtained":[{"floor":1,"key":"Weak Potion"},{"floor":3,"key":"EssenceOfSteel"}],"is_trial":false,"path_per_floor":["M","M","M","?","M","E","R","E"],"character_chosen":"IRONCLAD","items_purchased":[],"campfire_rested":1,"item_purchase_floors":[],"current_hp_per_floor":[68,69,56,49,43,16,40,0,0],"gold":184,"neow_bonus":"ONE_RANDOM_RARE_CARD","is_daily":false,"chose_seed":false,"campfire_upgraded":0,"win_rate":0.0,"timestamp":1610905849,"path_taken":["M","M","?","?","M","E","R","E"],"items_purchased_type":[],"build_version":"2020-12-22","purchased_purges":0,"victory":false,"max_hp_per_floor":[80,80,80,80,80,80,80,80,80],"card_choices":[{"not_picked":["Body Slam","Flex"],"picked":"Warcry","floor":1},{"not_picked":["Searing Blow","Havoc"],"picked":"Heavy Blade","floor":2},{"not_picked":["Clash","Life Link"],"picked":"Headbutt","floor":3},{"not_picked":["Wild Strike","ReplayTheSpireMod:LeadingStrike"],"picked":"Evolve","floor":5},{"not_picked":["Abandon","Rampage"],"picked":"Reaper","floor":6}],"player_experience":213248,"relics_obtained":[{"floor":6,"key":"HornCleat"}],"event_choices":[{"damage_healed":0,"gold_gain":0,"player_choice":"Success","damage_taken":7,"relics_obtained":["Sundial"],"max_hp_gain":0,"max_hp_loss":0,"event_name":"Scrap Ooze","floor":4,"gold_loss":0}],"is_beta":false,"boss_relics":[],"items_purged_floors":[],"is_endless":false,"potions_floor_spawned":[1,3],"killed_by":"Lagavulin","ascension_level":2}}