{"host":"1zjc08c6hob33401","time":1610847359,"event":{"mods":["AchievementEnabler","Act Like it!","Aspiration","BaseMod","Downfall","Energized Spire","Evolution","Gensokyo","GifTheSpireLib","Hubris","Infinite Spire","Jedi Mod","Minty Spire (QoL Compilation)","Pale of the Ancients","Quick Restart","Retaliation","Shop Mod","StS++","StSLib","Stuff the Spire","The Blue Laboratory","Wandering Minibosses","vexMod"],"gold_per_floor":[117,117,117,137,137,167,167,197,197,224,241,241,256,35,35,130,130,150,167,30,30,44,44,79,79,79,79,108,123,138,158,158,158,158],"floor_reached":33,"language":"RUS","playtime":2510,"items_purged":["Defend_R","Defend_R"],"score":387,"play_id":"fee1cfd5-743b-4097-854f-c4082e67139a","local_time":"20210117033559","is_ascension_mode":true,"campfire_choices":[{"data":"Whirlwind","floor":7.0,"key":"SMITH"},{"data":"infinitespire:OneForAll","floor":12.0,"key":"SMITH"},{"data":"Twin Strike","floor":15.0,"key":"SMITH"},{"data":"jedi:harder","floor":23.0,"key":"SMITH"},{"floor":25.0,"key":"REST"},{"floor":27.0,"key":"REST"},{"floor":32.0,"key":"REST"}],"circlet_count":0,"master_deck":["Strike_R","Strike_R","Strike_R+1","Strike_R+1","Strike_R+1","Defend_R","Defend_R","Bash+1","Ghostly Armor+1","Intimidate+1","Whirlwind+1","infinitespire:OneForAll+1","Rampage+1","Twin Strike+1","jedi:bloodyhammer","StuffTheSpire:RockThrow+1","StSpp:TheBiggerTheyAre+1","jedi:harder+1","jedi:unlimitedpower","Perfected Strike+1","Rampage+1","hubris:StunningStrike+1"],"relics":["Burning Blood","StuffTheSpire:OccultApparatus","hubris:Towel","StuffTheSpire:Expresso","vexMod:InvisibilityCloak","Unceasing Top","hubris:TerracottaHorce","MerchantsRug","infinitespire:Satchel","Molten Egg 2","MealTicket"],"acts_visited":["Gensokyo:Gensokyo","Gensokyo:Gensokyoer"],"potions_floor_usage":[33,33],"damage_taken":[{"damage":7.0,"enemies":"Gensokyo:Python","floor":1.0,"turns":3.0},{"damage":9.0,"enemies":"Gensokyo:Gryphon","floor":4.0,"turns":4.0},{"damage":15.0,"enemies":"Gensokyo:Mamizou","floor":6.0,"turns":11.0},{"damage":25.0,"enemies":"Gensokyo:Cirno","floor":8.0,"turns":6.0},{"damage":22.0,"enemies":"Gensokyo:Mamizou","floor":10.0,"turns":7.0},{"damage":1.0,"enemies":"Gensokyo:3_Fairies","floor":11.0,"turns":4.0},{"damage":6.0,"enemies":"Gensokyo:Python_and_Kodama","floor":13.0,"turns":3.0},{"damage":37.0,"enemies":"Gensokyo:Yukari","floor":16.0,"turns":10.0},{"damage":10.0,"enemies":"Gensokyo:2_Gloops","floor":18.0,"turns":3.0},{"damage":9.0,"enemies":"Gensokyo:Chomper","floor":19.0,"turns":3.0},{"damage":47.0,"enemies":"Gensokyo:3_Gloops","floor":22.0,"turns":5.0},{"damage":32.0,"enemies":"Gensokyo:Koishi","floor":24.0,"turns":5.0},{"damage":26.0,"enemies":"Gensokyo:Reisen","floor":28.0,"turns":2.0},{"damage":16.0,"enemies":"Gensokyo:Chomper_and_Gloop","floor":29.0,"turns":4.0},{"damage":0.0,"enemies":"Gensokyo:Wraith","floor":30.0,"turns":4.0},{"damage":0.0,"enemies":"Gensokyo:3_Gloops","floor":31.0,"turns":3.0},{"damage":65,"enemies":"Gensokyo:Kaguya","floor":33,"turns":6}],"seed_played":"-4856004394764373772","potions_obtained":[{"floor":6.0,"key":"FairyPotion"},{"floor":11.0,"key":"hexamod:SoulburnPotion"},{"floor":13.0,"key":"blueLaboratory:BottledHope"},{"floor":18.0,"key":"EntropicBrew"},{"floor":24.0,"key":"blueLaboratory:HummingbirdPotion"},{"floor":29.0,"key":"Weak Potion"},{"floor":31.0,"key":"Explosive Potion"}],"is_trial":false,"path_per_floor":["M","?","?","M","?","E","R","E","T","E","M","R","M","$","R","B",null,"M","M","$","?","M","R","E","R","T","R","E","M","M","M","R","B"],"character_chosen":"IRONCLAD","items_purchased":["vexMod:PaidLearning","MerchantsRug"],"campfire_rested":3,"item_purchase_floors":[14,20],"current_hp_per_floor":[71,71,71,68,68,59,59,40,40,24,29,29,29,29,29,22,66,62,61,61,61,20,20,10,34,34,58,38,28,34,40,64,0,0],"gold":158,"neow_bonus":"UPGRADE_CARD","is_daily":false,"chose_seed":false,"campfire_upgraded":4,"win_rate":0.0,"timestamp":1610847359,"path_taken":["M","?","?","M","?","E","R","E","T","E","M","R","M","?","R","BOSS","M","M","$","?","M","R","E","R","T","R","E","M","M","M","R","BOSS"],"items_purchased_type":["Relic","Relic"],"build_version":"2020-12-22","purchased_purges":2,"victory":false,"max_hp_per_floor":[80,80,80,80,80,80,80,80,80,80,80,80,80,80,80,80,80,80,82,82,82,82,82,82,82,82,82,82,82,82,82,82,82,82],"card_choices":[{"not_picked":["True Grit","hubris:SharpeningStone"],"picked":"Ghostly Armor","floor":1.0},{"not_picked":["StuffTheSpire:Incineration","Sword Boomerang"],"picked":"Intimidate","floor":4.0},{"not_picked":["DDmod:CallousedSkill","Iron Wave"],"picked":"Whirlwind","floor":6.0},{"not_picked":["Evolve","DDmod:EasePowerCard","DDmod:PokeAttack"],"picked":"SKIP","floor":8.0},{"not_picked":["DDmod:SpikedSkill","Sever Soul"],"picked":"infinitespire:OneForAll","floor":10.0},{"not_picked":["Havoc","Bloodletting"],"picked":"Rampage","floor":11.0},{"not_picked":["Body Slam","Armaments"],"picked":"Twin Strike","floor":13.0},{"not_picked":["DDmod:PlatedThornsSkill","Offering"],"picked":"jedi:bloodyhammer","floor":16.0},{"not_picked":["StSpp:Succumb","Ghostly Armor"],"picked":"StuffTheSpire:RockThrow+1","floor":18.0},{"not_picked":["Havoc","Wild Strike"],"picked":"StSpp:TheBiggerTheyAre+1","floor":19.0},{"not_picked":["DDmod:SpikedSkill","Havoc"],"picked":"jedi:harder","floor":22.0},{"not_picked":["Wild Strike","Reckless Charge+1"],"picked":"jedi:unlimitedpower","floor":24.0},{"not_picked":["Reckless Charge+1","Thunderclap+1"],"picked":"Perfected Strike+1","floor":28.0},{"not_picked":["DDmod:SpikedSkill","hubris:ReadiedAction"],"picked":"Rampage+1","floor":29.0},{"not_picked":["jedi:fear","jedi:hate+1","jedi:controlledanger"],"picked":"SKIP","floor":30.0},{"not_picked":["Wild Strike+1","Bloodletting"],"picked":"hubris:StunningStrike+1","floor":31.0}],"player_experience":591938,"relics_obtained":[{"floor":6.0,"key":"Potion Belt"},{"floor":8.0,"key":"StuffTheSpire:Expresso"},{"floor":9.0,"key":"vexMod:InvisibilityCloak"},{"floor":10.0,"key":"Unceasing Top"},{"floor":24.0,"key":"infinitespire:Satchel"},{"floor":26.0,"key":"Molten Egg 2"},{"floor":28.0,"key":"MealTicket"}],"event_choices":[],"is_beta":false,"boss_relics":[{"not_picked":["hubris:BlackHole","hubris:GrandSneckoEye"],"picked":"hubris:TerracottaHorce"}],"items_purged_floors":[14,20],"is_endless":false,"potions_floor_spawned":[6,11,13,18,24,29,31],"killed_by":"Gensokyo:Kaguya","ascension_level":7}}