{"host":"a1u4jo6xlg3w0wsm","time":1610881566,"event":{"mods":["BaseMod","Better Third Choice","DeckTracker","Downfall","Hermit","Hubris","Minty Spire (QoL Compilation)","Rare Cards Sparkle","Replay The Spire","StSLib","The Cursed"],"gold_per_floor":[114,144,144,157,12,12,74,74,74,74,25,56,126,138,138,243,293,304,304,304,304,323,354,89,122,148,148,181,200,263,263,263,263,263],"floor_reached":33,"playtime":2344,"items_purged":[],"score":376,"play_id":"50716408-f008-417a-9da9-794d487b47a1","local_time":"20210118000606","is_ascension_mode":true,"campfire_choices":[{"data":"hermit:DeadOrAlive","floor":6.0,"key":"SMITH"},{"data":"hermit:ShadowCloak","floor":8.0,"key":"SMITH"},{"data":"hermit:BlackWind","floor":15.0,"key":"SMITH"},{"floor":27.0,"key":"REST"},{"floor":32.0,"key":"REST"}],"circlet_count":0,"master_deck":["hermit:Strike_Hermit+1","hermit:Strike_Hermit+1","hermit:Strike_Hermit+1","hermit:Strike_Hermit+1","hermit:Defend_Hermit+1","hermit:Defend_Hermit+1","hermit:Defend_Hermit+1","hermit:Snapshot","hermit:Covet","hermit:Grudge","hermit:ShadowCloak+1","hermit:Gestalt+1","Pain","hermit:Virtue","hermit:DeadOrAlive+1","hermit:Quickdraw","hermit:Vantage","hermit:SprayPray","hermit:BlackWind+1","hermit:Adapt","hermit:HoleUp","hermit:EyeOfTheStorm","hermit:HighNoon","hermit:Showdown","hermit:HoleUp","hermit:Brawl+1","hermit:Vantage","hermit:Manifest","hermit:CursedWeapon"],"relics":["hermit:Momento","StoneCalendar","WarpedTongs","Iron Hammer","hubris:Reverence","Nunchaku","Tiny House","Turnip","Regal Pillow","Centennial Puzzle","Pantograph","Blue Doll"],"acts_visited":["Exordium","TheCity"],"potions_floor_usage":[33],"damage_taken":[{"damage":2.0,"enemies":"Jaw Worm","floor":1.0,"turns":3.0},{"damage":0.0,"enemies":"Cultist","floor":4.0,"turns":4.0},{"damage":2.0,"enemies":"Gremlin Nob","floor":7.0,"turns":4.0},{"damage":1.0,"enemies":"Small Slimes","floor":12.0,"turns":2.0},{"damage":8.0,"enemies":"Lagavulin","floor":13.0,"turns":6.0},{"damage":1.0,"enemies":"Blue Slaver","floor":14.0,"turns":4.0},{"damage":14.0,"enemies":"Fading Forest","floor":16.0,"turns":11.0},{"damage":12.0,"enemies":"Spheric Guardian","floor":18.0,"turns":1.0},{"damage":0.0,"enemies":"2 Thieves","floor":21.0,"turns":1.0},{"damage":2.0,"enemies":"Snecko","floor":22.0,"turns":7.0},{"damage":30.0,"enemies":"Gremlin Leader","floor":23.0,"turns":7.0},{"damage":8.0,"enemies":"Shelled Parasite and Fungi","floor":25.0,"turns":4.0},{"damage":34.0,"enemies":"Book of Stabbing","floor":28.0,"turns":7.0},{"damage":0.0,"enemies":"Centurion and Healer","floor":29.0,"turns":7.0},{"damage":26.0,"enemies":"Gremlin Leader","floor":30.0,"turns":5.0},{"damage":18.0,"enemies":"Colosseum Slavers","floor":31.0,"turns":6.0},{"damage":51,"enemies":"Pondfish","floor":33,"turns":12}],"seed_played":"5900507582582801148","potions_obtained":[{"floor":1.0,"key":"DistilledChaos"},{"floor":4.0,"key":"Death Potion"},{"floor":12.0,"key":"AttackPotion"},{"floor":14.0,"key":"SmokeBomb"},{"floor":17.0,"key":"Doom Potion"},{"floor":25.0,"key":"Regen Potion"},{"floor":28.0,"key":"EntropicBrew"},{"floor":29.0,"key":"ColorlessPotion"}],"is_trial":false,"path_per_floor":["M","?","?","M","$","R","E","R","T","$","$","M","E","M","R","B",null,"M","?","?","M","M","E","$","M","T","R","E","M","E","?","R","B"],"character_chosen":"HERMIT","items_purchased":["hermit:DeadOrAlive","hermit:Vantage","hermit:Showdown","Regal Pillow","hermit:HoleUp"],"campfire_rested":2,"item_purchase_floors":[5,11,24,24,24],"current_hp_per_floor":[73,73,73,73,73,73,71,71,71,71,71,70,62,61,61,47,80,68,68,68,68,66,36,36,28,28,67,48,48,22,4,43,17,17],"gold":263,"neow_bonus":"TRANSFORM_CARD","is_daily":false,"chose_seed":false,"campfire_upgraded":3,"win_rate":0.0,"timestamp":1610881566,"path_taken":["M","?","?","?","$","R","E","R","T","?","$","M","E","M","R","BOSS","M","?","?","M","?","E","$","M","T","R","E","M","E","?","R","BOSS"],"items_purchased_type":["Card","Card","Card","Relic","Card"],"build_version":"2020-12-13","purchased_purges":0,"victory":false,"max_hp_per_floor":[75,75,75,75,75,75,75,75,75,75,75,75,75,75,75,75,80,80,80,80,80,80,80,80,80,80,80,80,80,80,80,80,80,80],"card_choices":[{"not_picked":["hermit:HoleUp","hermit:Headshot"],"picked":"hermit:ShadowCloak","floor":1.0},{"not_picked":["hermit:Quickdraw","hermit:Glare"],"picked":"hermit:Gestalt","floor":2.0},{"not_picked":["hermit:Roulette","hermit:CalledShot"],"picked":"hermit:Virtue","floor":4.0},{"not_picked":["hermit:Headshot","hermit:ItchyTrigger"],"picked":"hermit:Quickdraw","floor":7.0},{"not_picked":["hermit:WideOpen","hermit:ItchyTrigger"],"picked":"hermit:SprayPray","floor":12.0},{"not_picked":["hermit:WideOpen","hermit:Virtue","hermit:CalledShot"],"picked":"SKIP","floor":13.0},{"not_picked":["hermit:PistolWhip","hermit:Desperado"],"picked":"hermit:BlackWind","floor":14.0},{"not_picked":["hermit:Magnum","hermit:Gambit"],"picked":"hermit:Adapt","floor":16.0},{"not_picked":["hermit:CalledShot+1","hermit:Vantage"],"picked":"hermit:HoleUp","floor":18.0},{"not_picked":["hermit:CalledShot+1","hermit:Dive"],"picked":"hermit:EyeOfTheStorm","floor":22.0},{"not_picked":["hermit:Virtue","hermit:HoleUp"],"picked":"hermit:HighNoon","floor":23.0},{"not_picked":["hermit:LowProfile+1","hermit:Combo"],"picked":"hermit:Brawl+1","floor":25.0},{"not_picked":["hermit:NoHoldsBarred+1","hermit:Feint"],"picked":"hermit:Vantage","floor":28.0},{"not_picked":["hermit:HighCaliber","hermit:Headshot+1"],"picked":"hermit:Manifest","floor":29.0},{"not_picked":["hermit:Desperado","hermit:WideOpen+1"],"picked":"hermit:CursedWeapon","floor":30.0}],"player_experience":357165,"relics_obtained":[{"floor":2.0,"key":"StoneCalendar"},{"floor":7.0,"key":"Iron Hammer"},{"floor":9.0,"key":"hubris:Reverence"},{"floor":13.0,"key":"Nunchaku"},{"floor":23.0,"key":"Turnip"},{"floor":26.0,"key":"Centennial Puzzle"},{"floor":28.0,"key":"Pantograph"},{"floor":30.0,"key":"Blue Doll"}],"event_choices":[{"damage_healed":0.0,"max_hp_gain":0.0,"max_hp_loss":0.0,"gold_gain":0.0,"event_name":"Accursed Blacksmith","player_choice":"Rummage","floor":3.0,"gold_loss":0.0,"damage_taken":0.0,"relics_obtained":["WarpedTongs"],"cards_obtained":["Pain"]},{"damage_healed":0.0,"max_hp_gain":0.0,"max_hp_loss":0.0,"gold_gain":0.0,"event_name":"Vampires","player_choice":"Ignored","floor":19.0,"gold_loss":0.0,"damage_taken":0.0},{"damage_healed":0.0,"max_hp_gain":0.0,"max_hp_loss":7.0,"gold_gain":0.0,"event_name":"betterThird:BetterWriting","player_choice":"Simplicity","floor":20.0,"gold_loss":0.0,"damage_taken":0.0},{"damage_healed":0.0,"max_hp_gain":0.0,"max_hp_loss":0.0,"gold_gain":0.0,"event_name":"Colosseum","player_choice":"Fight","floor":31.0,"gold_loss":0.0,"damage_taken":0.0},{"damage_healed":0.0,"max_hp_gain":0.0,"max_hp_loss":0.0,"gold_gain":0.0,"event_name":"Colosseum","player_choice":"Fled From Nobs","floor":31.0,"gold_loss":0.0,"damage_taken":0.0}],"is_beta":false,"boss_relics":[{"not_picked":["Coffee Dripper","Replay:Bronze Core"],"picked":"Tiny House"}],"items_purged_floors":[],"is_endless":false,"potions_floor_spawned":[1,4,12,14,21,25,28,29],"killed_by":"Pondfish","ascension_level":4}}