{"host":"lb27wy21808d043q","time":1610924171,"event":{"mods":["AchievementEnabler","BaseMod","BetterRewards","Clockwork Mod","Colored Map","Conspire","Curses Come First","Halation","Highlight Path","Hubris","Infinite Spire","Marisa????????","Minty Spire (QoL Compilation)","Replay The Spire","StSLib","The Bug Knight","The Servant 0.9.4","Yuri Mod"],"gold_per_floor":[156,156,0,48,48,153,153,246,273,348,429,519,276,276,276,573,573,612,612,612,663,415,415,415],"floor_reached":23,"language":"ENG","playtime":1735,"items_purged":["yuri:DragonForm","HollowMod:SoulEater","Clockwork:PerfectForm","Wraith Form v2"],"score":298,"play_id":"7edded74-cbc7-416c-a493-494fa3f2db9f","local_time":"20210117235611","daily_mods":["Vintage","Heirloom","Time Dilation","Flight","DeadlyEvents","Elite Swarm","Lethality","Midas"],"is_ascension_mode":false,"campfire_choices":[{"floor":7,"key":"REST"},{"floor":15,"key":"REST"}],"circlet_count":0,"master_deck":["Demon Form+1","Echo Form+1","DevaForm","FlawlessForm+1","yuri:GhostForm","HollowMod:NailStrikeStart+1","HollowMod:NailStrikeStart","HollowMod:NailStrikeStart","HollowMod:NailStrikeStart","HollowMod:QuickDashStart","HollowMod:QuickDashStart","HollowMod:QuickDashStart","HollowMod:QuickDashStart","HollowMod:FocusHealStart","HollowMod:PogoStrike","HollowMod:QuirrelsAssistance","HollowMod:HornetsHelp","HollowMod:SlysStrikes","HollowMod:HornetsHelp+1","HollowMod:CloakDash","HollowMod:PureVessel","infinitespire:Menacing"],"relics":["HollowMod:VesselMask","replay:Trail_Library","hubris:OldNail","hubris:SphereOfDissonance","Nunchaku","BranchBurnRelic","Gremlin Horn","Bag of Preparation","Boot","conspire:DecoderRing","Ice Cream","Regal Pillow","Whetstone","Honey Jar","infinitespire:Joker Card","ClockworkSouvenir","halation:AfternoonTea"],"acts_visited":["Exordium","TheCity"],"potions_floor_usage":[8,12,16],"damage_taken":[{"damage":18,"enemies":"2 Louse","floor":1,"turns":3},{"damage":0,"enemies":"Cultist","floor":4,"turns":2},{"damage":19,"enemies":"Gremlin Nob","floor":6,"turns":5},{"damage":3,"enemies":"3 Sentries","floor":8,"turns":6},{"damage":1,"enemies":"Lagavulin","floor":10,"turns":6},{"damage":0,"enemies":"Gremlin Nob","floor":11,"turns":3},{"damage":33,"enemies":"3 Sentries","floor":12,"turns":5},{"damage":0,"enemies":"The Guardian","floor":16,"turns":6},{"damage":17,"enemies":"3 Byrds","floor":18,"turns":5},{"damage":15,"enemies":"Shell Parasite","floor":21,"turns":5},{"damage":41,"enemies":"Gremlin Leader","floor":23,"turns":3}],"seed_played":"-3524167549959627764","potions_obtained":[{"floor":6,"key":"Weak Potion"},{"floor":10,"key":"ColorlessPotion"},{"floor":12,"key":"Dexterity Potion"},{"floor":21,"key":"ColorlessPotion"}],"is_trial":true,"path_per_floor":["M","?","$","M","?","E","R","E","T","E","E","E","$","T","R_BF","B",null,"M","?","AVR","M","$","E"],"character_chosen":"THE_BUGKNIGHT","items_purchased":["HollowMod:QuirrelsAssistance","Regal Pillow","DistilledChaos","PowerPotion"],"campfire_rested":2,"item_purchase_floors":[3,13,22,22],"current_hp_per_floor":[57,57,57,57,42,23,45,57,57,56,56,23,23,23,59,71,71,52,52,52,37,37,0,0],"gold":415,"neow_bonus":"","is_daily":false,"chose_seed":false,"campfire_upgraded":0,"win_rate":0.0,"timestamp":1610924171,"path_taken":["M","?","$","?","?","E","R","E","T","E","E","E","$","?","R_BF","BOSS","M","?","AVR","?","$","E"],"items_purchased_type":["Card","Relic","Potion","Potion"],"build_version":"2020-12-22","purchased_purges":4,"victory":false,"max_hp_per_floor":[75,75,75,75,75,75,75,73,73,73,73,73,73,73,73,71,71,69,69,69,69,69,67,67],"card_choices":[{"not_picked":["HollowMod:Hiveblood","HollowMod:SoulMaster"],"picked":"HollowMod:HornetsHelp","floor":6},{"not_picked":["HollowMod:SoulMaster","HollowMod:PureVessel"],"picked":"HollowMod:SlysStrikes","floor":8},{"not_picked":["HollowMod:ZotesMagnificence","HollowMod:theNailsmith","HollowMod:Weaversong"],"picked":"SKIP","floor":10},{"not_picked":["HollowMod:PureVessel","HollowMod:VoidDash"],"picked":"HollowMod:HornetsHelp","floor":11},{"not_picked":["HollowMod:VoidDash","HollowMod:LordofShades","HollowMod:ZotesMagnificence"],"picked":"SKIP","floor":12},{"not_picked":["HollowMod:SoulMaster","HollowMod:ElderbugsWisdom"],"picked":"HollowMod:PureVessel","floor":16}],"player_experience":23676,"relics_obtained":[{"floor":1,"key":"hubris:OldNail"},{"floor":4,"key":"hubris:SphereOfDissonance"},{"floor":6,"key":"Nunchaku"},{"floor":8,"key":"Gremlin Horn"},{"floor":9,"key":"Bag of Preparation"},{"floor":10,"key":"Boot"},{"floor":11,"key":"conspire:DecoderRing"},{"floor":12,"key":"Ice Cream"},{"floor":14,"key":"Whetstone"},{"floor":18,"key":"infinitespire:Joker Card"},{"floor":21,"key":"halation:AfternoonTea"}],"event_choices":[{"damage_healed":0,"gold_gain":0,"player_choice":"Upgraded","damage_taken":0,"max_hp_gain":0,"max_hp_loss":0,"event_name":"Upgrade Shrine","floor":2,"gold_loss":0,"cards_upgraded":["Demon Form"]},{"damage_healed":0,"gold_gain":0,"player_choice":"Entered Light","damage_taken":15,"max_hp_gain":0,"max_hp_loss":0,"event_name":"Shining Light","floor":5,"gold_loss":0,"cards_upgraded":["FlawlessForm","Echo Form"]},{"damage_healed":0,"gold_gain":0,"player_choice":"Leave","damage_taken":0,"max_hp_gain":0,"max_hp_loss":0,"event_name":"conspire:Investor","floor":19,"gold_loss":0}],"is_beta":false,"boss_relics":[{"not_picked":["Coffee Dripper","Astrolabe"],"picked":"Honey Jar"}],"items_purged_floors":[3,13,20,22],"is_endless":false,"potions_floor_spawned":[6,10,12,21],"killed_by":"Gremlin Leader","ascension_level":0}}