{"host":"0j5ml7gapyeeikhl","time":1610925622,"event":{"mods":["AchievementEnabler","Act Like it!","Arknights The Spire","BaseMod","Better Note","Better Third Choice","Colored Map","Colored Powertips","DeckTracker","Defuse TimeMaze Blight","Disable Question Mark Monsters","Displayed Cursed Tome","Elementarium","Friendly Minions","Hyrulean Relics","Mimic Mod","Minty Spire (QoL Compilation)","Pale of the Ancients","Permanent Neow","Shop Mod","Spicy Shops","Spikes Relics","StSLib","The Elementalist","Transform Curses"],"gold_per_floor":[119,132,82,82,95,95,95,95,135,135,135,135,135,167,167,265,265,285,300,350,16,16,48,75,75,75,110,120,62,52,52,52,150,150,161,41,117,117,142,142,237,237,262,139,139,139,139,162,162,294,294,334,362,362,388,388,415,415,415,415,490,490],"floor_reached":61,"language":"ENG","playtime":9691,"items_purged":["Doubt"],"score":1247,"play_id":"19c0752b-eb08-484f-9abe-a3c3efb90f08","local_time":"20210117162022","daily_mods":["Vintage","Heirloom","Time Dilation","Flight"],"is_ascension_mode":false,"campfire_choices":[{"data":"elementalist:Firestrike","floor":6,"key":"SMITH"},{"data":"elementalist:Earthstrike","floor":7,"key":"SMITH"},{"data":"elementalist:Crystal_Chalk","floor":8,"key":"SMITH"},{"floor":10,"key":"REST"},{"data":"elementalist:Fission_Lance","floor":11,"key":"SMITH"},{"data":"elementalist:Airstrike","floor":13,"key":"SMITH"},{"data":"elementalist:Magma_Shot","floor":15,"key":"SMITH"},{"floor":25,"key":"REST"},{"data":"elementalist:Fire_Emblem","floor":32,"key":"SMITH"},{"floor":40,"key":"REST"},{"floor":42,"key":"REST"},{"data":"elementalist:Heavensfall","floor":45,"key":"SMITH"},{"data":"elementalist:Flame","floor":47,"key":"SMITH"},{"data":"elementalist:Spark","floor":49,"key":"SMITH"},{"floor":56,"key":"REST"},{"data":"elementalist:Earth_Emblem","floor":58,"key":"SMITH"}],"circlet_count":0,"master_deck":["elementalist:Earth_Emblem+1","elementalist:Fire_Emblem+1","elementalist:Defend_Elemblue","elementalist:Defend_Elemblue","elementalist:Firestrike+1","elementalist:Earthstrike+1","elementalist:Waterstrike","elementalist:Crystal_Chalk+1","elementalist:Fission_Lance+1","elementalist:Magma_Shot+1","elementalist:Spark+1","elementalist:Aetheric_Shield","elementalist:Flame+1","elementalist:Confluence","elementalist:Fire_Emblem+1","elementalist:Momentum+1","elementalist:Fission_Lance+1","elementalist:Etherstrike","elementalist:Sidereal_Form+1","Elementarium:GildedEssence","elementalist:Flame+1","elementalist:Heavensfall+1","elementalist:Flame","elementalist:Undertow+1","elementalist:Cauterize+1","elementalist:Rising_Vapors+1","elementalist:Water_Emblem+1","elementalist:Glaciate","elementalist:Blaze+1","elementalist:Burning_Soul+1","elementalist:Spout+1","elementalist:Solar_Form+1"],"relics":["elementalistmod:MagusStaff","elementalistmod:RedRibbon","Unceasing Top","Question Card","SpikesRelics:ToyHorsey","zeldaRelics:CourageTriforce","Toxic Egg 2","MerchantsRug","zeldaRelics:WisdomTriforce","zeldaRelics:PowerTriforce","SnailShell","Elementarium:ElementariumTrophy","zeldaRelics:MasterSword","MealTicket","zeldaRelics:Boomerang","Turnip","Akabeko","Anchor","PreservedInsect","Astrolabe","paleoftheancients:Timepiece","paleoftheancients:KeyRelic","Gremlin Horn","CultistMask","Meat on the Bone","paleoftheancients:SoulOfTheWatcher","Shuriken","Bronze Scales","Juzu Bracelet","Pocketwatch"],"acts_visited":["Exordium","Elementarium:Elementarium","TheBeyond","paleoftheancients:PaleOfTheAncients"],"potions_floor_usage":[16,23,23,33,33,41,41,53,53,61],"damage_taken":[{"damage":3,"enemies":"Cultist","floor":1,"turns":5},{"damage":3,"enemies":"Jaw Worm","floor":2,"turns":4},{"damage":1,"enemies":"Small Slimes","floor":5,"turns":2},{"damage":31,"enemies":"Gremlin Gang","floor":9,"turns":9},{"damage":8,"enemies":"Lagavulin","floor":14,"turns":3},{"damage":26,"enemies":"Slime Boss","floor":16,"turns":7},{"damage":3,"enemies":"Elementarium:MUD_AND_TAR_GOLEMS","floor":18,"turns":3},{"damage":0,"enemies":"Elementarium:VoidCorruption","floor":19,"turns":3},{"damage":7,"enemies":"Elementarium:FIRE_NOBILITY","floor":23,"turns":10},{"damage":44,"enemies":"Elementarium:ElementalPortal","floor":24,"turns":8},{"damage":14,"enemies":"Elementarium:WarGolem","floor":27,"turns":4},{"damage":10,"enemies":"Elementarium:VoidBeast","floor":28,"turns":2},{"damage":11,"enemies":"Elementarium:PHOENIXES","floor":33,"turns":7},{"damage":0,"enemies":"3 Darklings","floor":35,"turns":2},{"damage":41,"enemies":"2 Orb Walkers","floor":37,"turns":4},{"damage":0,"enemies":"Orb Walker","floor":39,"turns":3},{"damage":0,"enemies":"Reptomancer","floor":41,"turns":2},{"damage":0,"enemies":"Donu and Deca","floor":50,"turns":8},{"damage":0,"enemies":"Donu and Deca","floor":52,"turns":4},{"damage":46,"enemies":"Donu and Deca","floor":53,"turns":9},{"damage":0,"enemies":"Donu and Deca","floor":57,"turns":2},{"damage":206,"enemies":"paleoftheancients:N","floor":61,"turns":3}],"seed_played":"-4365040183470640148","potions_obtained":[{"floor":1,"key":"Dexterity Potion"},{"floor":2,"key":"PowerPotion"},{"floor":4,"key":"LiquidBronze"},{"floor":16,"key":"Block Potion"},{"floor":28,"key":"CultistPotion"},{"floor":33,"key":"AttackPotion"},{"floor":37,"key":"FearPotion"},{"floor":50,"key":"SneckoOil"}],"is_trial":true,"path_per_floor":["M","M","?","?","M","R","R","R","MIM","R","R","?","R","E","R","B",null,"M","M","?","$","?","E","E","R","T","E","M","$","?","?","R","B",null,"M","$","?","?","M","R","E","R","T","$","R","?","R","T","R","B",null,"M","M","?","T","R","M","R","T","?","B"],"character_chosen":"THE_ELEMENTALIST","items_purchased":["elementalist:Flame","elementalist:Confluence","MerchantsRug","elementalist:Emberveil+1","Lee\u0027s Waffle","elementalist:Sidereal_Form","SnailShell","elementalist:Flame","zeldaRelics:Boomerang","Anchor"],"campfire_rested":5,"item_purchase_floors":[21,21,21,21,21,29,29,36,36,44],"current_hp_per_floor":[67,64,64,64,63,63,63,63,32,53,53,58,58,50,50,24,75,72,72,72,82,82,75,31,55,55,41,31,31,31,31,31,20,62,62,62,21,21,21,39,39,57,57,62,62,62,62,62,62,62,62,62,48,48,48,62,62,62,62,62,0,0],"gold":490,"neow_bonus":"","is_daily":false,"chose_seed":false,"campfire_upgraded":11,"win_rate":0.0,"timestamp":1610925622,"path_taken":["M","?","?","?","?","R","R","R","MIM","R","R","?","R","E","R","BOSS","M","M","?","$","?","E","E","R","T","E","?","$","?","?","R","BOSS","M","$","?","?","?","R","E","R","T","?","R","?","R","?","R","BOSS","M","M","?","T","R","M","R","T","?","BOSS"],"items_purchased_type":["Card","Card","Relic","Card","Relic","Card","Relic","Card","Relic","Relic"],"build_version":"2020-12-22","purchased_purges":1,"victory":false,"max_hp_per_floor":[70,70,70,70,70,70,70,70,70,70,70,75,75,75,75,75,75,75,75,75,82,82,82,82,82,82,82,82,82,82,82,82,82,62,62,62,62,62,62,62,62,62,62,62,62,62,62,62,62,62,62,62,62,62,62,62,62,62,62,62,62,62],"card_choices":[{"not_picked":["elementalist:Blaze","elementalist:Overheat","elementalist:Spark"],"picked":"elementalist:Fission_Lance","floor":9},{"not_picked":["elementalist:Blaze","elementalist:Solar_Form","elementalist:Fission_Lance"],"picked":"elementalist:Magma_Shot","floor":14},{"not_picked":["elementalist:Inferno","elementalist:Accelerant","elementalist:Heavensfall"],"picked":"elementalist:Aetheric_Shield","floor":16},{"not_picked":["elementalist:Stone_to_Mud+1","elementalist:Spout+1","elementalist:Monument+1"],"picked":"elementalist:Momentum+1","floor":23},{"not_picked":["elementalist:Undertow+1","elementalist:Cyclone+1","elementalist:Confluence+1"],"picked":"elementalist:Fission_Lance+1","floor":24},{"not_picked":["elementalist:Breeze+1","elementalist:Emberveil+1","elementalist:Overheat+1"],"picked":"elementalist:Etherstrike","floor":27},{"not_picked":["elementalist:Kiln+1","elementalist:Accelerant","elementalist:Aetheric_Shield"],"picked":"elementalist:Heavensfall","floor":33},{"not_picked":["elementalist:Wards+1","elementalist:Cyclone+1","elementalist:Stone_to_Mud+1"],"picked":"elementalist:Undertow+1","floor":37},{"not_picked":["elementalist:Blaze+1","elementalist:Wards+1","elementalist:Etherstrike+1"],"picked":"elementalist:Rising_Vapors+1","floor":41},{"not_picked":["elementalist:Heavensfall","elementalist:Kiln+1","elementalist:Mirror_Circlet"],"picked":"elementalist:Glaciate","floor":50}],"player_experience":678930,"relics_obtained":[{"floor":1,"key":"Question Card"},{"floor":2,"key":"Gambling Chip"},{"floor":5,"key":"SpikesRelics:ToyHorsey"},{"floor":14,"key":"zeldaRelics:CouragePiece"},{"floor":18,"key":"Toxic Egg 2"},{"floor":19,"key":"Dream Catcher"},{"floor":23,"key":"zeldaRelics:CouragePiece"},{"floor":23,"key":"zeldaRelics:CouragePiece"},{"floor":24,"key":"zeldaRelics:WisdomPiece"},{"floor":24,"key":"zeldaRelics:WisdomPiece"},{"floor":26,"key":"zeldaRelics:WisdomPiece"},{"floor":27,"key":"zeldaRelics:PowerPiece"},{"floor":27,"key":"zeldaRelics:PowerPiece"},{"floor":28,"key":"StoneCalendar"},{"floor":35,"key":"MealTicket"},{"floor":37,"key":"Turnip"},{"floor":39,"key":"Potion Belt"},{"floor":41,"key":"zeldaRelics:PowerPiece"},{"floor":43,"key":"Akabeko"},{"floor":48,"key":"PreservedInsect"},{"floor":52,"key":"Meat on the Bone"},{"floor":53,"key":"paleoftheancients:SoulOfTheWatcher"},{"floor":53,"key":"Shuriken"},{"floor":55,"key":"Bronze Scales"},{"floor":57,"key":"paleoftheancients:SoulOfTheDefect"},{"floor":57,"key":"Juzu Bracelet"},{"floor":59,"key":"Pocketwatch"}],"event_choices":[{"cards_removed":["elementalist:Defend_Elemblue"],"damage_healed":0,"gold_gain":0,"player_choice":"Card Removal","damage_taken":0,"max_hp_gain":0,"max_hp_loss":0,"event_name":"The Cleric","floor":3,"gold_loss":50},{"damage_healed":0,"gold_gain":0,"player_choice":"Got Potions","damage_taken":0,"max_hp_gain":0,"max_hp_loss":0,"event_name":"Lab","floor":4,"gold_loss":0},{"damage_healed":0,"gold_gain":0,"player_choice":"Donut","damage_taken":0,"max_hp_gain":5,"max_hp_loss":0,"event_name":"Big Fish","floor":12,"gold_loss":0},{"damage_healed":0,"gold_gain":50,"player_choice":"Take","damage_taken":0,"max_hp_gain":0,"max_hp_loss":0,"event_name":"Elementarium:StickySituation","floor":20,"gold_loss":0},{"damage_healed":0,"gold_gain":0,"player_choice":"Toss","damage_taken":0,"max_hp_gain":0,"max_hp_loss":0,"event_name":"Elementarium:OnrushingOffering","floor":30,"gold_loss":10,"cards_obtained":["Elementarium:GildedEssence"]},{"damage_healed":0,"gold_gain":0,"player_choice":"Pray","damage_taken":0,"max_hp_gain":0,"max_hp_loss":0,"event_name":"Elementarium:VoidShrine","floor":31,"gold_loss":0,"cards_upgraded":["elementalist:Sidereal_Form"]},{"damage_healed":0,"gold_gain":0,"player_choice":"Fight","damage_taken":0,"max_hp_gain":0,"max_hp_loss":0,"event_name":"Mysterious Sphere","floor":37,"gold_loss":0},{"cards_removed":["elementalist:Strike+Elemblue"],"damage_healed":0,"gold_gain":0,"player_choice":"Removed Attack","damage_taken":0,"max_hp_gain":0,"max_hp_loss":0,"event_name":"Falling","floor":38,"gold_loss":0},{"cards_removed":["elementalist:Defend_Elemblue"],"damage_healed":0,"gold_gain":0,"player_choice":"Purged","damage_taken":0,"max_hp_gain":0,"max_hp_loss":0,"event_name":"Purifier","floor":54,"gold_loss":0}],"is_beta":false,"boss_relics":[{"not_picked":["Tiny House","Coffee Dripper"],"picked":"Black Star"},{"not_picked":["Sandwich","Busted Crown"],"picked":"zeldaRelics:MasterSword"},{"not_picked":["CosmicIsotope","Pandora\u0027s Box"],"picked":"Astrolabe"}],"items_purged_floors":[44],"is_endless":true,"potions_floor_spawned":[1,2,16,18,28,33,37,50],"killed_by":"paleoftheancients:N","ascension_level":0}}