{"host":"nsxzlb359hv0da5z","time":1610867454,"event":{"mods":["BaseMod","Bestiary","Colored Map","Minty Spire (QoL Compilation)","Permanent Neow","Relic Stats","Slay the Relics Exporter","ojb\u0027s Info Mod"],"gold_per_floor":[213,213,22,36,36,79,103,141,194,194,213,213,237,280,280,370,370,383,383,408,179,179,213,213,56,130,142,174,191,191,221,221,295,295,311,311,329,354,156,156,190,201,255,307,307,307,132,163,163,163,163,163,12,42,42],"floor_reached":56,"language":"ENG","playtime":6792,"items_purged":["Pain","Bite","Hemokinesis"],"score":2254,"play_id":"0f0fec63-6df9-462d-9fa7-26c86b4b5dbf","local_time":"20210116231054","is_ascension_mode":true,"campfire_choices":[{"data":"Uppercut","floor":10,"key":"SMITH"},{"floor":15,"key":"REST"},{"floor":24,"key":"REST"},{"data":"Inflame","floor":32,"key":"SMITH"},{"data":"True Grit","floor":40,"key":"SMITH"},{"floor":49,"key":"RECALL"},{"data":"Feel No Pain","floor":52,"key":"SMITH"}],"circlet_count":0,"master_deck":["AscendersBane","Defend_R","Defend_R","Defend_R","Defend_R","Bash","Uppercut+1","True Grit+1","Battle Trance","Ghostly Armor","Shrug It Off","Barricade","Corruption","Havoc+1","Uppercut+1","Pommel Strike+1","Feel No Pain+1","Inflame+1","Headbutt","Sentinel","Bite","Bite","Bite","Bite","Body Slam","Shrug It Off","Flame Barrier","Entrench","Ghostly Armor","Burning Pact+1","Battle Trance+1","Dark Embrace"],"relics":["Burning Blood","WarpedTongs","Bloody Idol","Bottled Lightning","Sundial","Happy Flower","Bottled Tornado","SlaversCollar","Potion Belt","Akabeko","Orrery","InkBottle","Charon\u0027s Ashes","Regal Pillow","Runic Pyramid","Prayer Wheel","Membership Card","Bag of Preparation","Lantern","Mango","Frozen Eye","PreservedInsect","OrangePellets","CaptainsWheel"],"acts_visited":["Exordium","TheCity","TheBeyond","TheEnding"],"potions_floor_usage":[6,8,16,23,31,35,41,42,42,55,55,55,55,55,55],"damage_taken":[{"damage":3,"enemies":"Small Slimes","floor":1,"turns":5},{"damage":2,"enemies":"Cultist","floor":4,"turns":2},{"damage":17,"enemies":"3 Sentries","floor":6,"turns":8},{"damage":37,"enemies":"Lagavulin","floor":8,"turns":5},{"damage":0,"enemies":"Jaw Worm","floor":11,"turns":5},{"damage":3,"enemies":"2 Fungi Beasts","floor":13,"turns":3},{"damage":21,"enemies":"Gremlin Nob","floor":14,"turns":4},{"damage":30,"enemies":"The Guardian","floor":16,"turns":12},{"damage":5,"enemies":"Chosen","floor":18,"turns":4},{"damage":22,"enemies":"Spheric Guardian","floor":20,"turns":5},{"damage":21,"enemies":"Book of Stabbing","floor":23,"turns":5},{"damage":32,"enemies":"Shelled Parasite and Fungi","floor":27,"turns":6},{"damage":24,"enemies":"Slavers","floor":28,"turns":6},{"damage":2,"enemies":"Snecko","floor":29,"turns":6},{"damage":3,"enemies":"Book of Stabbing","floor":31,"turns":5},{"damage":19,"enemies":"Champ","floor":33,"turns":12},{"damage":27,"enemies":"3 Shapes","floor":35,"turns":4},{"damage":2,"enemies":"Orb Walker","floor":37,"turns":5},{"damage":0,"enemies":"Mind Bloom Boss Battle","floor":38,"turns":7},{"damage":4,"enemies":"Giant Head","floor":41,"turns":6},{"damage":4,"enemies":"Writhing Mass","floor":42,"turns":3},{"damage":2,"enemies":"2 Orb Walkers","floor":44,"turns":6},{"damage":0,"enemies":"Reptomancer","floor":48,"turns":3},{"damage":17,"enemies":"Time Eater","floor":50,"turns":7},{"damage":0,"enemies":"Shield and Spear","floor":54,"turns":5},{"damage":0,"enemies":"The Heart","floor":55,"turns":7}],"seed_played":"-2968624987257454967","potions_obtained":[{"floor":1,"key":"LiquidMemories"},{"floor":4,"key":"BlessingOfTheForge"},{"floor":13,"key":"Swift Potion"},{"floor":18,"key":"Energy Potion"},{"floor":27,"key":"SneckoOil"},{"floor":28,"key":"Block Potion"},{"floor":29,"key":"EntropicBrew"},{"floor":33,"key":"DistilledChaos"},{"floor":35,"key":"DistilledChaos"},{"floor":41,"key":"Explosive Potion"},{"floor":44,"key":"SmokeBomb"}],"is_trial":false,"path_per_floor":["M","?","$","M","?","E","T","E","T","R","M","?","M","E","R","B",null,"M","?","M","$","?","E","R","$","T","M","E","M","?","E","R","B",null,"M","?","M","?","$","R","E","M","T","?","?","?","$","E","R","B",null,"R","$","E","B",null],"character_chosen":"IRONCLAD","items_purchased":["Uppercut","True Grit","Potion Belt","DuplicationPotion","Orrery","Membership Card","Dark Embrace","Frozen Eye","OrangePellets","PowerPotion","PowerPotion","Swift Potion"],"campfire_rested":2,"item_purchase_floors":[3,3,21,21,25,39,47,47,53,53,53,53],"current_hp_per_floor":[71,71,71,75,68,57,57,26,26,26,32,32,35,20,40,16,55,56,56,40,40,40,30,50,50,55,34,21,30,30,46,46,47,47,36,57,57,57,57,57,57,57,57,71,71,71,71,71,71,71,71,71,71,71,71],"gold":42,"neow_bonus":"HUNDRED_GOLD","is_daily":false,"chose_seed":false,"campfire_upgraded":4,"win_rate":0.0,"timestamp":1610867454,"path_taken":["M","?","$","?","?","E","?","E","T","R","M","?","?","E","R","BOSS","M","?","M","$","?","E","R","$","T","M","E","M","?","E","R","BOSS","M","?","?","?","$","R","E","M","T","?","?","?","?","E","R","BOSS","R","$","E","BOSS"],"items_purchased_type":["Card","Card","Relic","Potion","Relic","Relic","Card","Relic","Relic","Potion","Potion","Potion"],"build_version":"2020-12-22","purchased_purges":3,"victory":true,"max_hp_per_floor":[75,75,75,75,68,68,68,68,68,68,68,68,68,68,68,68,68,68,68,68,68,68,68,68,68,68,68,68,68,47,47,47,47,47,47,57,57,57,57,57,57,57,57,71,71,71,71,71,71,71,71,71,71,71,71],"relic_stats":{"Regal Pillow":0,"Happy Flower":[42],"counters":[26,146],"Charon\u0027s Ashes":[624],"PreservedInsect":77,"Bag of Preparation":[12],"Burning Blood":99,"WarpedTongs":[139],"OrangePellets":[4],"Sundial":[22],"Bloody Idol":35,"Prayer Wheel":1,"obtain_stats":[{"Regal Pillow":31,"Lantern":43,"Mango":44,"Bag of Preparation":41,"Bottled Tornado":14,"Burning Blood":0,"Frozen Eye":47,"Sundial":8,"Prayer Wheel":38,"InkBottle":26,"Runic Pyramid":34,"Potion Belt":21,"Happy Flower":9,"Golden Idol":5,"Charon\u0027s Ashes":28,"PreservedInsect":48,"Akabeko":23,"WarpedTongs":2,"SlaversCollar":17,"OrangePellets":53,"CaptainsWheel":54,"Bloody Idol":22,"Orrery":25,"Bottled Lightning":6,"Membership Card":39},{"Regal Pillow":15,"Lantern":21,"Mango":22,"Bag of Preparation":20,"Bottled Tornado":7,"Burning Blood":0,"Frozen Eye":22,"Sundial":4,"Prayer Wheel":19,"InkBottle":11,"Runic Pyramid":16,"Potion Belt":10,"Happy Flower":4,"Golden Idol":2,"Charon\u0027s Ashes":13,"PreservedInsect":23,"Akabeko":11,"WarpedTongs":1,"SlaversCollar":8,"OrangePellets":24,"CaptainsWheel":25,"Bloody Idol":10,"Orrery":11,"Bottled Lightning":3,"Membership Card":19},{"Regal Pillow":81,"Lantern":118,"Mango":124,"Bag of Preparation":115,"Bottled Tornado":32,"Burning Blood":0,"Frozen Eye":124,"Sundial":20,"Prayer Wheel":109,"InkBottle":58,"Runic Pyramid":93,"Potion Belt":53,"Happy Flower":20,"Golden Idol":7,"Charon\u0027s Ashes":70,"PreservedInsect":127,"Akabeko":58,"WarpedTongs":5,"SlaversCollar":44,"OrangePellets":134,"CaptainsWheel":139,"Bloody Idol":53,"Orrery":58,"Bottled Lightning":15,"Membership Card":109}],"InkBottle":[34]},"card_choices":[{"not_picked":["Feel No Pain","Warcry"],"picked":"Hemokinesis","floor":1},{"not_picked":["Anger","Clothesline"],"picked":"Battle Trance","floor":4},{"not_picked":["Body Slam","Pummel"],"picked":"Ghostly Armor","floor":6},{"not_picked":["Havoc","Hemokinesis"],"picked":"Shrug It Off","floor":8},{"not_picked":["Burning Pact","Heavy Blade"],"picked":"Combust","floor":11},{"not_picked":["Heavy Blade","Rupture","Rage"],"picked":"SKIP","floor":13},{"not_picked":["Intimidate","Rage"],"picked":"Barricade","floor":14},{"not_picked":["Immolate","Exhume"],"picked":"Corruption","floor":16},{"not_picked":["Heavy Blade","Headbutt"],"picked":"Havoc+1","floor":18},{"not_picked":["Power Through","Metallicize"],"picked":"Pommel Strike+1","floor":20},{"not_picked":["Pommel Strike","Infernal Blade","Clothesline"],"picked":"SKIP","floor":23},{"not_picked":["Power Through","Havoc"],"picked":"Feel No Pain","floor":25},{"not_picked":["Anger","Second Wind"],"picked":"Inflame","floor":25},{"not_picked":["Double Tap","Sword Boomerang"],"picked":"Headbutt","floor":25},{"not_picked":["Thunderclap","Havoc","Armaments"],"picked":"SKIP","floor":27},{"not_picked":["Thunderclap","Havoc","Armaments"],"picked":"SKIP","floor":27},{"not_picked":["Rupture+1","Whirlwind"],"picked":"Sentinel","floor":28},{"not_picked":["Clash","Heavy Blade+1","Sword Boomerang"],"picked":"SKIP","floor":29},{"not_picked":["Infernal Blade","Armaments"],"picked":"Body Slam","floor":31},{"not_picked":["Bludgeon","Immolate"],"picked":"Limit Break","floor":33},{"not_picked":["Headbutt","Second Wind"],"picked":"Shrug It Off","floor":35},{"not_picked":["Anger","Wild Strike+1"],"picked":"Flame Barrier","floor":37},{"not_picked":["Battle Trance+1","Feel No Pain"],"picked":"Entrench","floor":38},{"not_picked":["Rage","Wild Strike"],"picked":"Ghostly Armor","floor":41},{"not_picked":["Flex","Warcry"],"picked":"Burning Pact+1","floor":42},{"not_picked":["Twin Strike","Clash","Havoc"],"picked":"SKIP","floor":42},{"not_picked":["Cleave","Headbutt+1"],"picked":"Battle Trance+1","floor":44},{"not_picked":["Sword Boomerang","Twin Strike","Corruption"],"picked":"SKIP","floor":48},{"not_picked":["Blood for Blood","True Grit","Clash"],"picked":"SKIP","floor":54}],"player_experience":1971671,"relics_obtained":[{"floor":6,"key":"Bottled Lightning"},{"floor":8,"key":"Sundial"},{"floor":9,"key":"Happy Flower"},{"floor":14,"key":"Bottled Tornado"},{"floor":23,"key":"Akabeko"},{"floor":26,"key":"InkBottle"},{"floor":28,"key":"Charon\u0027s Ashes"},{"floor":31,"key":"Regal Pillow"},{"floor":38,"key":"Prayer Wheel"},{"floor":41,"key":"Bag of Preparation"},{"floor":43,"key":"Lantern"},{"floor":44,"key":"Mango"},{"floor":48,"key":"PreservedInsect"},{"floor":54,"key":"CaptainsWheel"}],"event_choices":[{"damage_healed":0,"gold_gain":0,"player_choice":"Rummage","damage_taken":0,"relics_obtained":["WarpedTongs"],"max_hp_gain":0,"max_hp_loss":0,"event_name":"Accursed Blacksmith","floor":2,"gold_loss":0,"cards_obtained":["Pain"]},{"damage_healed":0,"gold_gain":0,"player_choice":"Lose Max HP","damage_taken":0,"relics_obtained":["Golden Idol"],"max_hp_gain":0,"max_hp_loss":7,"event_name":"Golden Idol","floor":5,"gold_loss":0},{"damage_healed":0,"gold_gain":0,"player_choice":"Ignored","damage_taken":0,"max_hp_gain":0,"max_hp_loss":0,"event_name":"Liars Game","floor":12,"gold_loss":0},{"damage_healed":0,"gold_gain":0,"player_choice":"Copied","damage_taken":0,"max_hp_gain":0,"max_hp_loss":0,"event_name":"Duplicator","floor":19,"gold_loss":0,"cards_obtained":["Uppercut"]},{"damage_healed":0,"gold_gain":0,"player_choice":"Gave Idol","damage_taken":0,"relics_obtained":["Bloody Idol"],"max_hp_gain":0,"max_hp_loss":0,"event_name":"Forgotten Altar","floor":22,"relics_lost":["Golden Idol"],"gold_loss":0},{"damage_healed":0,"gold_gain":0,"player_choice":"Became a vampire","damage_taken":0,"max_hp_gain":0,"max_hp_loss":21,"event_name":"Vampires","floor":30,"gold_loss":0,"cards_obtained":["Bite","Bite","Bite","Bite","Bite"]},{"cards_removed":["Limit Break"],"damage_healed":11,"gold_gain":0,"player_choice":"Offered Rare","damage_taken":0,"max_hp_gain":10,"max_hp_loss":0,"event_name":"Bonfire Elementals","floor":36,"gold_loss":0},{"damage_healed":0,"gold_gain":0,"player_choice":"Fight","damage_taken":0,"max_hp_gain":0,"max_hp_loss":0,"event_name":"MindBloom","floor":38,"gold_loss":0},{"damage_healed":0,"gold_gain":0,"player_choice":"Fight","damage_taken":0,"max_hp_gain":0,"max_hp_loss":0,"event_name":"Mysterious Sphere","floor":44,"gold_loss":0},{"cards_removed":["Combust"],"damage_healed":0,"gold_gain":0,"player_choice":"Removed Power","damage_taken":0,"max_hp_gain":0,"max_hp_loss":0,"event_name":"Falling","floor":45,"gold_loss":0},{"damage_healed":0,"gold_gain":0,"player_choice":"Ignored","damage_taken":0,"max_hp_gain":0,"max_hp_loss":0,"event_name":"Tomb of Lord Red Mask","floor":46,"gold_loss":0}],"is_beta":false,"boss_relics":[{"not_picked":["Black Blood","SacredBark"],"picked":"SlaversCollar"},{"not_picked":["Cursed Key","Astrolabe"],"picked":"Runic Pyramid"}],"items_purged_floors":[3,39,47],"is_endless":false,"potions_floor_spawned":[1,4,13,18,27,28,29,33,35,41,44,54],"ascension_level":15}}