{"host":"2fm9rzmnsqzo2dk8","time":1610898607,"event":{"mods":["AchievementEnabler","BaseMod","Minty Spire (QoL Compilation)","StSLib"],"gold_per_floor":[112,187,187,199,215,246,261,83,133,133,133,151,151,181,181,311,311,332,70,70,91,112,112,128,142,216,216,216],"floor_reached":27,"language":"ZHS","playtime":1352,"items_purged":["Defend_B"],"score":215,"play_id":"d88ab405-3656-448f-a313-655cce7daf69","local_time":"20210118025007","is_ascension_mode":false,"campfire_choices":[{"data":"Zap","floor":10.0,"key":"SMITH"},{"floor":15.0,"key":"REST"},{"data":"Loop","floor":23,"key":"SMITH"}],"circlet_count":0,"master_deck":["Strike_B","Strike_B","Strike_B","Defend_B","Defend_B","Defend_B","Zap+1","Dualcast","Glacier","Glacier+1","Ball Lightning","Ball Lightning","Ball Lightning","Defragment","Cold Snap+1","Reprogram","Biased Cognition","Metamorphosis","Loop+1"],"relics":["Cracked Core","Juzu Bracelet","Kunai","Omamori","Golden Idol","Blood Vial","Inserter","Vajra","InkBottle"],"acts_visited":["Exordium","TheCity"],"potions_floor_usage":[16,21,27],"damage_taken":[{"damage":5.0,"enemies":"Cultist","floor":1.0,"turns":4.0},{"damage":5.0,"enemies":"Small Slimes","floor":4.0,"turns":4.0},{"damage":0.0,"enemies":"Jaw Worm","floor":5.0,"turns":5.0},{"damage":39.0,"enemies":"Gremlin Nob","floor":6.0,"turns":5.0},{"damage":3.0,"enemies":"Looter","floor":7.0,"turns":3.0},{"damage":0.0,"enemies":"2 Fungi Beasts","floor":12.0,"turns":3.0},{"damage":20,"enemies":"The Guardian","floor":16,"turns":16},{"damage":10,"enemies":"Spheric Guardian","floor":18,"turns":4},{"damage":0,"enemies":"Chosen","floor":21,"turns":3},{"damage":31,"enemies":"Shelled Parasite and Fungi","floor":22,"turns":3},{"damage":7,"enemies":"3 Cultists","floor":24,"turns":6},{"damage":0,"enemies":"Sentry and Sphere","floor":25,"turns":6},{"damage":33,"enemies":"Slavers","floor":27,"turns":7}],"seed_played":"1766336807194202165","potions_obtained":[{"floor":1.0,"key":"Regen Potion"},{"floor":7.0,"key":"SteroidPotion"},{"floor":12.0,"key":"AttackPotion"},{"floor":16,"key":"Block Potion"},{"floor":22,"key":"CultistPotion"},{"floor":25,"key":"Energy Potion"}],"is_trial":false,"path_per_floor":["M","?","?","M","M","E","M","$","T","R","?","M","?","?","R","B",null,"M","$","?","M","M","R","M","M","T","E"],"character_chosen":"DEFECT","items_purchased":["Defragment","Cold Snap","Metamorphosis","Loop"],"campfire_rested":1,"item_purchase_floors":[8,8,19,19],"current_hp_per_floor":[70,59,59,54,54,24,21,21,21,21,6,6,6,6,26,8,69,59,59,59,61,32,32,27,29,29,0,0],"gold":216,"neow_bonus":"RANDOM_COMMON_RELIC","is_daily":false,"chose_seed":false,"campfire_upgraded":2,"win_rate":0.0,"timestamp":1610898607,"path_taken":["M","?","?","M","M","E","M","$","T","R","?","M","?","?","R","BOSS","M","$","?","M","M","R","M","M","T","E"],"items_purchased_type":["Card","Card","Card","Card"],"build_version":"2020-12-22","purchased_purges":1,"victory":false,"max_hp_per_floor":[75,75,75,75,75,75,75,75,75,75,75,75,69,69,69,69,69,69,69,69,69,69,69,69,69,69,69,69],"card_choices":[{"not_picked":["FTL","Melter"],"picked":"Glacier","floor":1.0},{"not_picked":["Gash","Rebound"],"picked":"Glacier","floor":4.0},{"not_picked":["Fusion","Sweeping Beam"],"picked":"Ball Lightning","floor":5.0},{"not_picked":["Sunder","Genetic Algorithm"],"picked":"Ball Lightning","floor":6.0},{"not_picked":["Streamline","Go for the Eyes"],"picked":"Ball Lightning","floor":7.0},{"not_picked":["Turbo","Double Energy"],"picked":"Reprogram","floor":12.0},{"not_picked":["Creative AI","Buffer"],"picked":"Biased Cognition","floor":16},{"not_picked":["Coolheaded","Scrape","Darkness"],"picked":"SKIP","floor":18},{"not_picked":["Compile Driver","Go for the Eyes","Beam Cell+1"],"picked":"SKIP","floor":21},{"not_picked":["Static Discharge","Beam Cell","Leap"],"picked":"SKIP","floor":22},{"not_picked":["Multi-Cast","Compile Driver","Force Field"],"picked":"SKIP","floor":24},{"not_picked":["Go for the Eyes","Glacier","Cold Snap+1"],"picked":"SKIP","floor":25}],"player_experience":36647,"relics_obtained":[{"floor":6.0,"key":"Kunai"},{"floor":9.0,"key":"Omamori"},{"floor":26,"key":"InkBottle"}],"event_choices":[{"damage_healed":0.0,"max_hp_gain":0.0,"max_hp_loss":0.0,"gold_gain":75.0,"event_name":"World of Goop","player_choice":"Gather Gold","floor":2.0,"gold_loss":0.0,"damage_taken":11.0},{"cards_removed":["Strike_B"],"damage_healed":0.0,"max_hp_gain":0.0,"max_hp_loss":0.0,"gold_gain":0.0,"event_name":"Purifier","player_choice":"Purged","floor":3.0,"gold_loss":0.0,"damage_taken":0.0},{"damage_healed":0.0,"max_hp_gain":0.0,"max_hp_loss":0.0,"gold_gain":0.0,"event_name":"Shining Light","player_choice":"Entered Light","floor":11.0,"gold_loss":0.0,"damage_taken":15.0,"cards_upgraded":["Glacier","Cold Snap"]},{"damage_healed":0.0,"max_hp_gain":0.0,"max_hp_loss":6.0,"gold_gain":0.0,"event_name":"Golden Idol","player_choice":"Lose Max HP","floor":13.0,"gold_loss":0.0,"damage_taken":0.0,"relics_obtained":["Golden Idol"]},{"damage_healed":0.0,"max_hp_gain":0.0,"max_hp_loss":0.0,"gold_gain":30.0,"event_name":"Dead Adventurer","player_choice":"Searched \u00272\u0027 times","floor":14.0,"gold_loss":0.0,"damage_taken":0.0,"relics_obtained":["Blood Vial"]},{"damage_healed":0,"gold_gain":0,"player_choice":"Opened","damage_taken":0,"relics_obtained":["Vajra"],"max_hp_gain":0,"max_hp_loss":0,"event_name":"The Mausoleum","floor":20,"gold_loss":0,"cards_obtained":["Writhe"]}],"is_beta":false,"boss_relics":[{"not_picked":["Coffee Dripper","Cursed Key"],"picked":"Inserter"}],"items_purged_floors":[8],"is_endless":false,"potions_floor_spawned":[1,7,12,16,22,25],"killed_by":"Slavers","ascension_level":0}}