{"host":"88q0baq93r2cvn7j","time":1610863299,"event":{"mods":["AchievementEnabler","Act Like it!","BaseMod","GungeonMod","Minty Spire (QoL Compilation)","StSLib"],"gold_per_floor":[115,0,20,80,255,255,283,283,283,317,317,369,369,400,400,501,501,515,38,55,72,87,112,148,247,247,261,281,290,290,309,309,309,309],"floor_reached":33,"language":"ZHS","playtime":2080,"items_purged":["DemoMod:Strike_Huntress"],"score":378,"play_id":"99abdc49-bf5b-43d9-a589-714a7d9edfb0","local_time":"20210117140139","is_ascension_mode":true,"campfire_choices":[{"floor":6,"key":"REST"},{"data":"DemoMod:ShadowBullets","floor":8,"key":"SMITH"},{"data":"DemoMod:ManualReload","floor":11,"key":"SMITH"},{"data":"DemoMod:CombinedRifle","floor":13,"key":"SMITH"},{"data":"DemoMod:Slinger","floor":15,"key":"SMITH"},{"data":"DemoMod:GunslingerForm","floor":30,"key":"SMITH"},{"data":"DemoMod:ShadowBullets","floor":32,"key":"SMITH"}],"circlet_count":0,"master_deck":["DemoMod:Strike_Huntress","DemoMod:Strike_Huntress","DemoMod:Defend_Huntress","DemoMod:Defend_Huntress","DemoMod:Defend_Huntress","DemoMod:Defend_Huntress","DemoMod:Roll","DemoMod:ManualReload+1","DemoMod:RustySidearm","DemoMod:CrossBow","DemoMod:CombinedRifle+1","DemoMod:ProbeStrike","DemoMod:ShadowBullets+1","Doubt","DemoMod:Slinger+1","DemoMod:HighKaliber","DemoMod:Elimentaler","DemoMod:StickyCrossBow","DemoMod:ShadowBullets+1","DemoMod:DirectionalPad+1","DemoMod:GunslingerForm+1","Writhe","DemoMod:Purify"],"relics":["DemoMod:Dog","Du-Vu Doll","DemoMod:GnawedKey","Meat on the Bone","DemoMod:BlueGuonStone","WingedGreaves","Pocketwatch","DemoMod:AgedBell","Runic Pyramid","DemoMod:Plus1Bullets","DemoMod:SilverBullets","InkBottle","CeramicFish","Mango"],"acts_visited":["Exordium","TheCity"],"potions_floor_usage":[7,10,16,33,33,33],"damage_taken":[{"damage":7,"enemies":"Jaw Worm","floor":1,"turns":3},{"damage":12,"enemies":"Small Slimes","floor":3,"turns":2},{"damage":0,"enemies":"2 Louse","floor":4,"turns":2},{"damage":9,"enemies":"3 Sentries","floor":7,"turns":4},{"damage":7,"enemies":"Gremlin Nob","floor":10,"turns":5},{"damage":21,"enemies":"3 Sentries","floor":12,"turns":9},{"damage":9,"enemies":"Gremlin Nob","floor":14,"turns":5},{"damage":12,"enemies":"Hexaghost","floor":16,"turns":6},{"damage":3,"enemies":"3 Byrds","floor":18,"turns":5},{"damage":9,"enemies":"Spheric Guardian","floor":20,"turns":3},{"damage":12,"enemies":"Centurion and Healer","floor":21,"turns":5},{"damage":12,"enemies":"Shelled Parasite and Fungi","floor":22,"turns":4},{"damage":12,"enemies":"Book of Stabbing","floor":23,"turns":4},{"damage":21,"enemies":"Gremlin Leader","floor":24,"turns":7},{"damage":10,"enemies":"Cultist and Chosen","floor":27,"turns":6},{"damage":2,"enemies":"Snecko","floor":28,"turns":3},{"damage":2,"enemies":"Sentry and Sphere","floor":31,"turns":6},{"damage":88,"enemies":"Champ","floor":33,"turns":10}],"seed_played":"7663528517815099058","potions_obtained":[{"floor":3,"key":"DistilledChaos"},{"floor":4,"key":"Ancient Potion"},{"floor":14,"key":"PowerPotion"},{"floor":18,"key":"LiquidMemories"},{"floor":21,"key":"Regen Potion"},{"floor":28,"key":"Strength Potion"}],"is_trial":false,"path_per_floor":["M","$","M","M","?","R","E","R","T","E","R","E","R","E","R","B",null,"M","$","M","M","M","E","E","?","T","M","M","?","R","M","R","B"],"character_chosen":"HUNTRESS","items_purchased":["DemoMod:GnawedKey","DemoMod:Plus1Bullets","DemoMod:SilverBullets"],"campfire_rested":1,"item_purchase_floors":[2,19,19],"current_hp_per_floor":[42,42,30,30,30,51,42,42,42,47,47,38,38,41,41,41,70,67,67,58,46,46,46,37,37,37,39,37,51,51,49,49,0,0],"gold":309,"neow_bonus":"ONE_RARE_RELIC","is_daily":false,"chose_seed":false,"campfire_upgraded":6,"win_rate":0.0,"timestamp":1610863299,"path_taken":["M","$","M","M","?","R","E","R","T","E","R","E","R","E","R","BOSS","M","$","M","M","M","E","E","?","T","M","M","?","R","M","R","BOSS"],"items_purchased_type":["Relic","Relic","Relic"],"build_version":"2020-12-22","purchased_purges":1,"victory":false,"max_hp_per_floor":[70,70,70,70,70,70,70,70,70,70,70,70,70,70,70,70,70,70,70,70,70,70,70,70,70,70,70,70,84,84,84,84,84,84],"card_choices":[{"not_picked":["DemoMod:Replace","DemoMod:ChanceBullets"],"picked":"DemoMod:CombinedRifle","floor":1},{"not_picked":["DemoMod:ConditionalReflex","DemoMod:Replace"],"picked":"DemoMod:ProbeStrike","floor":3},{"not_picked":["DemoMod:StrategicReserve","DemoMod:Polaris"],"picked":"DemoMod:ShadowBullets","floor":4},{"not_picked":["DemoMod:ConditionalReflex","DemoMod:JK47","DemoMod:Replace"],"picked":"SKIP","floor":7},{"not_picked":["DemoMod:ConditionalReflex","DemoMod:Casey"],"picked":"DemoMod:Slinger","floor":10},{"not_picked":["DemoMod:AC15","DemoMod:JK47"],"picked":"DemoMod:HighKaliber","floor":12},{"not_picked":["DemoMod:PotionOfGunFriendShip","DemoMod:Ejector","DemoMod:LifeOrb"],"picked":"SKIP","floor":14},{"not_picked":["DemoMod:BalloonGun","DemoMod:DoubleVision"],"picked":"DemoMod:Elimentaler","floor":16},{"not_picked":["DemoMod:TeaPot","DemoMod:JK47"],"picked":"DemoMod:StickyCrossBow","floor":18},{"not_picked":["DemoMod:HardPowerCard","DemoMod:AWP+1","DemoMod:Unmoved"],"picked":"SKIP","floor":20},{"not_picked":["DemoMod:MachoBrace","DemoMod:TableSutra"],"picked":"DemoMod:ShadowBullets","floor":21},{"not_picked":["DemoMod:JK47","DemoMod:Ejector+1"],"picked":"DemoMod:DirectionalPad+1","floor":22},{"not_picked":["DemoMod:ConditionalReflex","DemoMod:PotionOfGunFriendShip","DemoMod:HardPowerCard"],"picked":"SKIP","floor":23},{"not_picked":["DemoMod:BoxingGlove","DemoMod:BattleInHaste+1"],"picked":"DemoMod:GunslingerForm","floor":24},{"not_picked":["DemoMod:ConditionalReflex","DemoMod:Casey+1","DemoMod:Polaris"],"picked":"SKIP","floor":24},{"not_picked":["DemoMod:GunstockTap+1","DemoMod:RadGun","DemoMod:Unmoved"],"picked":"SKIP","floor":27},{"not_picked":["DemoMod:Replace","DemoMod:CombinedRifle+1","DemoMod:JK47+1"],"picked":"SKIP","floor":28},{"not_picked":["DemoMod:JK47","DemoMod:LifeOrb"],"picked":"DemoMod:Purify","floor":31}],"player_experience":339548,"relics_obtained":[{"floor":7,"key":"Meat on the Bone"},{"floor":9,"key":"DemoMod:BlueGuonStone"},{"floor":10,"key":"WingedGreaves"},{"floor":12,"key":"Pocketwatch"},{"floor":14,"key":"DemoMod:AgedBell"},{"floor":23,"key":"InkBottle"},{"floor":24,"key":"CeramicFish"}],"event_choices":[{"damage_healed":0,"gold_gain":175,"player_choice":"AGREE","damage_taken":0,"max_hp_gain":0,"max_hp_loss":0,"event_name":"Liars Game","floor":5,"gold_loss":0,"cards_obtained":["Doubt"]},{"damage_healed":0,"gold_gain":99,"player_choice":"Stole From Cult","damage_taken":0,"max_hp_gain":0,"max_hp_loss":0,"event_name":"Nest","floor":25,"gold_loss":0},{"damage_healed":0,"gold_gain":0,"player_choice":"Opened","damage_taken":0,"relics_obtained":["Mango"],"max_hp_gain":0,"max_hp_loss":0,"event_name":"The Mausoleum","floor":29,"gold_loss":0,"cards_obtained":["Writhe"]}],"is_beta":false,"boss_relics":[{"not_picked":["Empty Cage","Sozu"],"picked":"Runic Pyramid"}],"items_purged_floors":[19],"is_endless":false,"potions_floor_spawned":[3,4,14,18,21,28],"killed_by":"Champ","ascension_level":4}}