{"host":"5dow3bd5jfgo9g35","time":1610908383,"event":{"mods":["AchievementEnabler","BaseMod","Colored Powertips","Minty Spire (QoL Compilation)","Quick Restart"],"gold_per_floor":[111,111,286,39,56,90,105,116,116,116,116,116],"floor_reached":11,"language":"ENG","playtime":738,"items_purged":[],"score":88,"play_id":"941e49ee-3af0-4301-a513-6f78a9fc5c30","local_time":"20210117133303","is_ascension_mode":true,"campfire_choices":[{"floor":10,"key":"REST"}],"circlet_count":0,"master_deck":["Strike_B","Strike_B","Strike_B","Strike_B","Defend_B","Defend_B","Defend_B","Defend_B","Zap+1","Dualcast","Beam Cell","Doubt","Sweeping Beam","Echo Form+1","Steam+1","Cold Snap"],"relics":["Cracked Core","DataDisk","Frozen Egg 2","Toxic Egg 2","Blood Vial"],"acts_visited":["Exordium"],"potions_floor_usage":[8],"damage_taken":[{"damage":10,"enemies":"2 Louse","floor":1,"turns":3},{"damage":9,"enemies":"Small Slimes","floor":5,"turns":4},{"damage":37,"enemies":"Lagavulin","floor":6,"turns":7},{"damage":2,"enemies":"Jaw Worm","floor":7,"turns":3},{"damage":12,"enemies":"Gremlin Gang","floor":8,"turns":4},{"damage":36,"enemies":"Gremlin Nob","floor":11,"turns":4}],"seed_played":"-1864332372209167852","potions_obtained":[{"floor":1,"key":"EssenceOfSteel"},{"floor":5,"key":"SteroidPotion"}],"is_trial":false,"path_per_floor":["M","?","?","$","M","E","M","M","T","R","E"],"character_chosen":"DEFECT","items_purchased":["Frozen Egg 2"],"campfire_rested":1,"item_purchase_floors":[4],"current_hp_per_floor":[65,62,62,62,53,16,14,2,2,24,0,0],"gold":116,"neow_bonus":"UPGRADE_CARD","is_daily":false,"chose_seed":false,"campfire_upgraded":0,"win_rate":0.0,"timestamp":1610908383,"path_taken":["M","?","?","?","M","E","M","?","T","R","E"],"items_purchased_type":["Relic"],"build_version":"2020-12-22","purchased_purges":0,"victory":false,"max_hp_per_floor":[75,75,75,75,75,75,75,75,75,75,75,75],"card_choices":[{"not_picked":["Leap","Redo"],"picked":"Beam Cell","floor":1},{"not_picked":["White Noise","Streamline"],"picked":"Sweeping Beam","floor":5},{"not_picked":["BootSequence+1","Stack+1"],"picked":"Echo Form+1","floor":6},{"not_picked":["Streamline","Redo+1"],"picked":"Steam+1","floor":7},{"not_picked":["Redo+1","Ball Lightning"],"picked":"Cold Snap","floor":8}],"player_experience":1012398,"relics_obtained":[{"floor":6,"key":"Toxic Egg 2"},{"floor":9,"key":"Blood Vial"}],"event_choices":[{"damage_healed":0,"gold_gain":0,"player_choice":"Success","damage_taken":3,"relics_obtained":["DataDisk"],"max_hp_gain":0,"max_hp_loss":0,"event_name":"Scrap Ooze","floor":2,"gold_loss":0},{"damage_healed":0,"gold_gain":175,"player_choice":"AGREE","damage_taken":0,"max_hp_gain":0,"max_hp_loss":0,"event_name":"Liars Game","floor":3,"gold_loss":0,"cards_obtained":["Doubt"]}],"is_beta":false,"boss_relics":[],"items_purged_floors":[],"is_endless":false,"potions_floor_spawned":[1,5],"killed_by":"Gremlin Nob","ascension_level":4}}