{"host":"inzxg65gu6nvov1v","time":1610881319,"event":{"mods":["AchievementEnabler","Act Like it!","Aspiration","BaseMod","Better Third Choice","CapriCore","Card Forge","Colored Map","Colored Powertips","Conspire","Downfall","Energized Spire","Hallownest","Hermit","Highlight Path","Hubris","Infinite Spire","Jedi Mod","Koishi","Lobotomy","LobotomyExtend","Marisa????????","Mimic Mod","Minty Spire (QoL Compilation)","Reimu??????","Remilia??????","Spicy Shops","StSLib","Td1madao Mod","The Administrix","The Bug Knight","The Construct","The Cursed","The Disciple","The Elementalist","The Gatherer","The Hierophant","The Immortal","The Mystic","The Necromancer","The Runesmith","The Servant 0.9.4","Wandering Minibosses","Yakumo Yukari mod","Youmu??????"],"gold_per_floor":[118,118,132,147,159,159,172,191,246,278,553,573,433,509,509,605,605,622,649,649,649,659,687,687,687,687],"floor_reached":25,"language":"ENG","playtime":1490,"items_purged":[],"score":223,"play_id":"2f13f0f4-fd78-41c2-8ab3-8e61d7382612","local_time":"20210117130159","is_ascension_mode":false,"campfire_choices":[{"floor":6.0,"key":"RECALL"},{"floor":15.0,"key":"REST"},{"floor":24,"key":"REST"}],"circlet_count":0,"master_deck":["Strike_S+1","Strike_S+1","Strike_S+1","Strike_S+1","Defend_S+1","Defend_S+1","Defend_S+1","Defend_S+1","KidneyShot+1","Exchange+1","FanOfKnives+1","MoonPhase+1","RealityMarble+1","FlawlessForm+1","Dilation+1","Rearm+1","SoulSculpture+1"],"relics":["Uniform","Hammer of Thor","Seething Fire","Anvil of the Gods","Tiny Chest","Matryoshka","construct:RocketBooster","conspire:TopHat","aspiration:FutureDiary","LetterFromLob","infinitespire:ShieldingShard","Bag of Preparation","PocketWatch"],"acts_visited":["Exordium","TheCity"],"potions_floor_usage":[23,23],"damage_taken":[{"damage":0.0,"enemies":"Jaw Worm","floor":1.0,"turns":3.0},{"damage":0.0,"enemies":"Cultist","floor":3.0,"turns":3.0},{"damage":0.0,"enemies":"2 Louse","floor":4.0,"turns":2.0},{"damage":9.0,"enemies":"Red Slaver","floor":5.0,"turns":3.0},{"damage":0.0,"enemies":"Looter","floor":7.0,"turns":2.0},{"damage":0.0,"enemies":"2 Fungi Beasts","floor":8.0,"turns":3.0},{"damage":14.0,"enemies":"3 Sentries","floor":10.0,"turns":7.0},{"damage":5.0,"enemies":"Lots of Slimes","floor":12.0,"turns":3.0},{"damage":23.0,"enemies":"Slime Boss","floor":16.0,"turns":17.0},{"damage":20,"enemies":"Spheric Guardian","floor":18,"turns":4},{"damage":0,"enemies":"Chosen","floor":22,"turns":5},{"damage":21,"enemies":"Slavers","floor":23,"turns":5}],"seed_played":"-1735107037624465872","potions_obtained":[{"floor":1.0,"key":"construct:ShiftPotion"},{"floor":4.0,"key":"construct:ShiftPotion"},{"floor":5.0,"key":"Regen Potion"},{"floor":10.0,"key":"jedi:StrikingPotion"},{"floor":12.0,"key":"ColorlessPotion"}],"is_trial":false,"path_per_floor":["M","?","M","M","M","R","M","M","T","E","?","M","?","T","R","B",null,"M","T","?","?","M","E","R","E"],"character_chosen":"THE_SERVANT","items_purchased":[],"campfire_rested":2,"item_purchase_floors":[],"current_hp_per_floor":[77,77,77,77,68,68,68,68,68,54,54,49,49,49,72,49,77,57,57,61,61,61,40,63,0,0],"gold":687,"neow_bonus":"TWENTY_PERCENT_HP_BONUS","is_daily":false,"chose_seed":false,"campfire_upgraded":0,"win_rate":0.0,"timestamp":1610881319,"path_taken":["M","?","?","M","M","R","M","M","T","E","?","?","?","?","R","BOSS","M","?","?","?","M","E","R","E"],"items_purchased_type":[],"build_version":"2020-12-22","purchased_purges":0,"victory":false,"max_hp_per_floor":[77,77,77,77,77,77,77,77,77,77,77,77,77,77,77,77,77,77,77,77,77,77,77,77,77,77],"card_choices":[{"not_picked":["TimeWarp","Revamp"],"picked":"Barrier","floor":1.0},{"not_picked":["Rewind","DoubleEdge"],"picked":"FanOfKnives","floor":3.0},{"not_picked":["DoubleEdge","BestPractice"],"picked":"BottledTime","floor":4.0},{"not_picked":["Spin","Snipe","FanOfKnives"],"picked":"SKIP","floor":5.0},{"not_picked":["Manipulate","FastForward","Snipe"],"picked":"SKIP","floor":7.0},{"not_picked":["Rewind","Comet","Reset"],"picked":"SKIP","floor":8.0},{"not_picked":["SoulSculpture","Alleviate"],"picked":"MoonPhase","floor":10.0},{"not_picked":["Unruled","Potential"],"picked":"RealityMarble","floor":12.0},{"not_picked":["Duplication","LightFlow"],"picked":"FlawlessForm","floor":16.0},{"not_picked":["Hightail","Revamp","Unruled+1"],"picked":"SKIP","floor":18},{"not_picked":["BottledTime+1","Potential+1"],"picked":"Rearm+1","floor":22},{"not_picked":["Alleviate","Replace"],"picked":"SoulSculpture","floor":23}],"player_experience":169853,"relics_obtained":[{"floor":9.0,"key":"Tiny Chest"},{"floor":10.0,"key":"Matryoshka"},{"floor":14.0,"key":"conspire:TopHat"},{"floor":18,"key":"LetterFromLob"},{"floor":19,"key":"infinitespire:ShieldingShard"},{"floor":19,"key":"Bag of Preparation"},{"floor":23,"key":"PocketWatch"}],"event_choices":[{"cards_removed":["Barrier"],"damage_healed":0.0,"max_hp_gain":0.0,"max_hp_loss":0.0,"gold_gain":0.0,"event_name":"Bonfire Elementals","player_choice":"Offered Uncommon","floor":2.0,"gold_loss":0.0,"damage_taken":0.0},{"damage_healed":0.0,"max_hp_gain":0.0,"max_hp_loss":0.0,"gold_gain":275.0,"event_name":"Golden Shrine","player_choice":"Desecrate","floor":11.0,"gold_loss":0.0,"damage_taken":0.0,"cards_obtained":["Regret"]},{"damage_healed":0.0,"max_hp_gain":0.0,"max_hp_loss":0.0,"gold_gain":0.0,"event_name":"WeMeetAgain","player_choice":"Paid Gold","floor":13.0,"gold_loss":140.0,"damage_taken":0.0,"relics_obtained":["construct:RocketBooster"]},{"damage_healed":0,"gold_gain":0,"cards_transformed":["BottledTime"],"player_choice":"Transformed","damage_taken":0,"max_hp_gain":0,"max_hp_loss":0,"event_name":"Transmorgrifier","floor":21,"gold_loss":0,"cards_obtained":["Dilation"]}],"is_beta":false,"boss_relics":[{"not_picked":["infinitespire:Cupcake","Busted Crown"],"picked":"aspiration:FutureDiary"}],"items_purged_floors":[],"is_endless":false,"potions_floor_spawned":[1,4,5,10,12,22],"ascension_level":0}}