{"host":"Qube","time":1610907295,"event":{"mods":["AchievementEnabler","BaseMod","Colored Map","Colored Powertips","Minty Spire (QoL Compilation)","Quick Restart","Random Character Button","StSLib"],"gold_per_floor":[111,126,144,219,235,260,260,271,295,295,325,357,4,4,4,77,77,50,50,50,61,79,79,96,121,176,189,189,189,189],"floor_reached":29,"language":"ENG","playtime":2006,"items_purged":[],"score":510,"play_id":"d23960ba-f58b-47fc-9691-926d28337b54","local_time":"20210117101455","is_ascension_mode":true,"campfire_choices":[{"floor":7.0,"key":"REST"},{"data":"Choke","floor":10.0,"key":"SMITH"},{"data":"Prepared","floor":15.0,"key":"SMITH"},{"floor":23.0,"key":"REST"}],"circlet_count":0,"master_deck":["AscendersBane","Strike_G","Strike_G","Strike_G","Strike_G","Defend_G","Defend_G","Defend_G","Survivor","Neutralize","Choke+1","Cloak And Dagger","Prepared+1","Dagger Spray","Blade Dance","Leg Sweep","Glass Knife","Bullet Time","Tools of the Trade","Die Die Die","Night Terror","A Thousand Cuts","Choke"],"relics":["HoveringKite","The Courier","Juzu Bracelet","Happy Flower","Pen Nib","Pantograph","Pear","Snecko Eye","Mercury Hourglass","Regal Pillow"],"acts_visited":["Exordium","TheCity"],"potions_floor_usage":[],"damage_taken":[{"damage":0.0,"enemies":"2 Louse","floor":1.0,"turns":3.0},{"damage":0.0,"enemies":"Jaw Worm","floor":2.0,"turns":4.0},{"damage":5.0,"enemies":"Cultist","floor":3.0,"turns":4.0},{"damage":5.0,"enemies":"2 Fungi Beasts","floor":5.0,"turns":4.0},{"damage":16.0,"enemies":"3 Sentries","floor":6.0,"turns":8.0},{"damage":0.0,"enemies":"Large Slime","floor":8.0,"turns":6.0},{"damage":19.0,"enemies":"Lagavulin","floor":12.0,"turns":6.0},{"damage":21.0,"enemies":"Slime Boss","floor":16.0,"turns":10.0},{"damage":17.0,"enemies":"2 Thieves","floor":18.0,"turns":4.0},{"damage":11.0,"enemies":"3 Byrds","floor":21.0,"turns":4.0},{"damage":13.0,"enemies":"Cultist and Chosen","floor":22.0,"turns":4.0},{"damage":11.0,"enemies":"3 Cultists","floor":24.0,"turns":4.0},{"damage":8.0,"enemies":"Gremlin Leader","floor":25.0,"turns":3.0},{"damage":18.0,"enemies":"Chosen and Byrds","floor":27.0,"turns":4.0},{"damage":0,"enemies":"Colosseum Slavers","floor":28,"turns":3},{"damage":16,"enemies":"Book of Stabbing","floor":29,"turns":4}],"seed_played":"-6347678771262361076","potions_obtained":[{"floor":1.0,"key":"Dexterity Potion"},{"floor":2.0,"key":"Fire Potion"},{"floor":12.0,"key":"DistilledChaos"},{"floor":22.0,"key":"DistilledChaos"},{"floor":25.0,"key":"Regen Potion"}],"is_trial":false,"path_per_floor":["M","M","M","?","M","E","R","M","T","R","?","E","$","?","R","B",null,"M","?","?","M","M","R","M","E","T","M","?","E"],"character_chosen":"THE_SILENT","items_purchased":["Pantograph","Glass Knife"],"campfire_rested":2,"item_purchase_floors":[13,13],"current_hp_per_floor":[59,59,54,43,38,22,41,41,41,41,41,22,22,21,21,25,63,46,46,46,35,22,44,33,25,25,12,12,0,0],"gold":189,"neow_bonus":"BOSS_RELIC","is_daily":false,"chose_seed":false,"campfire_upgraded":2,"win_rate":0.0,"timestamp":1610907295,"path_taken":["M","M","M","?","M","E","R","M","T","R","?","E","?","?","R","BOSS","M","?","?","M","M","R","M","E","T","M","?","E"],"items_purchased_type":["Relic","Card"],"build_version":"2020-12-18","purchased_purges":0,"victory":false,"max_hp_per_floor":[66,66,66,66,66,66,66,66,66,66,66,66,66,76,76,76,76,76,76,76,76,76,76,76,76,76,76,76,76,76],"card_choices":[{"not_picked":["Outmaneuver","Leg Sweep"],"picked":"Choke","floor":1.0},{"not_picked":["Quick Slash","Sucker Punch"],"picked":"Cloak And Dagger","floor":2.0},{"not_picked":["Outmaneuver","Concentrate"],"picked":"Prepared","floor":3.0},{"not_picked":["Masterful Stab","Deadly Poison"],"picked":"Dagger Spray","floor":5.0},{"not_picked":["Sucker Punch","All Out Attack","Bane"],"picked":"SKIP","floor":6.0},{"not_picked":["Outmaneuver","Sucker Punch"],"picked":"Blade Dance","floor":8.0},{"not_picked":["Acrobatics","PiercingWail"],"picked":"Leg Sweep","floor":12.0},{"not_picked":["Tools of the Trade","Grand Finale"],"picked":"Bullet Time","floor":16.0},{"not_picked":["Prepared","Expertise","Blade Dance"],"picked":"SKIP","floor":18.0},{"not_picked":["Cloak And Dagger","Bane","Backflip"],"picked":"SKIP","floor":21.0},{"not_picked":["Deflect+1","Backflip","Setup+1"],"picked":"SKIP","floor":22.0},{"not_picked":["Sucker Punch","PiercingWail","Deadly Poison"],"picked":"SKIP","floor":24.0},{"not_picked":["Dodge and Roll","Acrobatics"],"picked":"A Thousand Cuts","floor":25.0},{"not_picked":["Crippling Poison","Blade Dance"],"picked":"Choke","floor":27.0}],"player_experience":907815,"relics_obtained":[{"floor":6.0,"key":"The Courier"},{"floor":9.0,"key":"Juzu Bracelet"},{"floor":12.0,"key":"Pen Nib"},{"floor":25.0,"key":"Mercury Hourglass"},{"floor":26.0,"key":"Regal Pillow"}],"event_choices":[{"damage_healed":0.0,"max_hp_gain":0.0,"max_hp_loss":0.0,"gold_gain":75.0,"event_name":"World of Goop","player_choice":"Gather Gold","floor":4.0,"gold_loss":0.0,"damage_taken":11.0},{"damage_healed":0.0,"max_hp_gain":0.0,"max_hp_loss":0.0,"gold_gain":30.0,"event_name":"Dead Adventurer","player_choice":"Searched \u00273\u0027 times","floor":11.0,"gold_loss":0.0,"damage_taken":0.0,"relics_obtained":["Happy Flower"]},{"damage_healed":0.0,"max_hp_gain":0.0,"max_hp_loss":0.0,"gold_gain":0.0,"event_name":"Scrap Ooze","player_choice":"Success","floor":14.0,"gold_loss":0.0,"damage_taken":11.0,"relics_obtained":["Pear"]},{"damage_healed":0.0,"max_hp_gain":0.0,"max_hp_loss":0.0,"gold_gain":0.0,"cards_transformed":["Defend_G"],"event_name":"Transmorgrifier","player_choice":"Transformed","floor":19.0,"gold_loss":0.0,"damage_taken":0.0,"cards_obtained":["Tools of the Trade"]},{"damage_healed":0.0,"max_hp_gain":0.0,"max_hp_loss":0.0,"gold_gain":0.0,"cards_transformed":["Defend_G","Strike_G"],"event_name":"Drug Dealer","player_choice":"Became Test Subject","floor":20.0,"gold_loss":0.0,"damage_taken":0.0,"cards_obtained":["Die Die Die","Night Terror"]},{"damage_healed":0,"gold_gain":0,"player_choice":"Fight","damage_taken":0,"max_hp_gain":0,"max_hp_loss":0,"event_name":"Colosseum","floor":28,"gold_loss":0},{"damage_healed":0,"gold_gain":0,"player_choice":"Fled From Nobs","damage_taken":0,"max_hp_gain":0,"max_hp_loss":0,"event_name":"Colosseum","floor":28,"gold_loss":0}],"is_beta":true,"boss_relics":[{"not_picked":["Velvet Choker","Fusion Hammer"],"picked":"Snecko Eye"}],"items_purged_floors":[],"is_endless":false,"potions_floor_spawned":[1,2,12,22,25],"killed_by":"Book of Stabbing","ascension_level":20}}