{"host":"2se5dq1do2gp0x9k","time":1610847956,"event":{"mods":["AchievementEnabler","BaseMod","Block Reminder","Colored Map","Colored Powertips","Minty Spire (QoL Compilation)","Relic Stats","StSLib","SuperFastMode"],"gold_per_floor":[139,179,179,219,219,219,219,219],"floor_reached":7,"language":"ENG","playtime":192,"items_purged":[],"score":82,"play_id":"7c05fc4b-5ee0-4ed4-8cee-154123348361","local_time":"20210116174556","is_ascension_mode":true,"campfire_choices":[{"data":"HandOfGreed","floor":6,"key":"SMITH"}],"circlet_count":0,"master_deck":["AscendersBane","Strike_B+1","Strike_B","Strike_B+1","Strike_B","Defend_B","Defend_B","Defend_B","Defend_B","Zap","Dualcast","HandOfGreed+1","Gash","Chill","Hologram"],"relics":["Cracked Core","Golden Idol"],"acts_visited":["Exordium"],"potions_floor_usage":[7],"damage_taken":[{"damage":4,"enemies":"Jaw Worm","floor":1,"turns":4},{"damage":7,"enemies":"Small Slimes","floor":2,"turns":4},{"damage":0,"enemies":"2 Louse","floor":4,"turns":3},{"damage":40,"enemies":"Gremlin Nob","floor":7,"turns":3}],"seed_played":"-5181194434913490543","potions_obtained":[{"floor":2,"key":"SkillPotion"}],"is_trial":false,"path_per_floor":["M","M","?","M","?","R","E"],"character_chosen":"DEFECT","items_purchased":[],"campfire_rested":0,"item_purchase_floors":[],"current_hp_per_floor":[60,53,34,34,34,34,0,0],"gold":219,"neow_bonus":"RANDOM_COLORLESS_2","is_daily":false,"chose_seed":false,"campfire_upgraded":1,"win_rate":0.0,"timestamp":1610847956,"path_taken":["M","M","?","M","?","R","E"],"items_purchased_type":[],"build_version":"2020-12-22","purchased_purges":0,"victory":false,"max_hp_per_floor":[64,64,64,64,58,58,58,58],"relic_stats":{"counters":[4,14],"Golden Idol":0,"obtain_stats":[{"Golden Idol":5,"Cracked Core":0},{"Golden Idol":3,"Cracked Core":0},{"Golden Idol":11,"Cracked Core":0}]},"card_choices":[{"not_picked":["Magnetism","Thinking Ahead"],"picked":"HandOfGreed","floor":0},{"not_picked":["Compile Driver","Lockon"],"picked":"Gash","floor":1},{"not_picked":["Streamline","White Noise"],"picked":"Chill","floor":2},{"not_picked":["Capacitor","Turbo"],"picked":"Hologram","floor":4}],"player_experience":3872347,"relics_obtained":[],"event_choices":[{"damage_healed":0,"gold_gain":0,"player_choice":"Entered Light","damage_taken":19,"max_hp_gain":0,"max_hp_loss":0,"event_name":"Shining Light","floor":3,"gold_loss":0,"cards_upgraded":["Strike_B","Strike_B"]},{"damage_healed":0,"gold_gain":0,"player_choice":"Lose Max HP","damage_taken":0,"relics_obtained":["Golden Idol"],"max_hp_gain":0,"max_hp_loss":6,"event_name":"Golden Idol","floor":5,"gold_loss":0}],"is_beta":false,"boss_relics":[],"items_purged_floors":[],"is_endless":false,"potions_floor_spawned":[2],"killed_by":"Gremlin Nob","ascension_level":20}}