{"host":"u7y9frlpoazak2mn","time":1610845802,"event":{"mods":["2.2 Compatiblity","A Magickal Journey","Alarm Clock","Aspiration","Astrologer","Bard","BaseMod","Beaked The Cultist","Better Altar","Better Match","Better Note","Better Sensory Stone","Better Skull","Better Third Choice","Better-Laid Plans","BetterRewards","Chen","Colored Powertips","Conspire","Curses Come First","Dark Map","Displayed Cursed Tome","Downfall","Energized Spire","Fox Events","Friendly Minions","GifTheSpireLib","Glutton Mod","Halation","Hermit","Hubris","Infinite Spire","Jedi Mod","KinomotoSakuraMod(????)","Mad Scientist","Marisa????????","Mimic Mod","Minty Spire (QoL Compilation)","Prisma Mod","Random Character Button","Rare Cards Sparkle","Relic Stats","Retaliation","Robot Space Explorer","Shade Mod","Somnambulant","Spikes Relics","StS++","StSLib","Stuff the Spire","Td1madao Mod","The Administrix","The Blackbeard","The Blue Laboratory","The Construct","The Cursed","The Disciple","The Druid","The Forsaken","The Hierophant","The Judge","The Juggle","The Marked","The Mystic","The Necromancer","The Runesmith","The Servant 0.9.4","The Valiant","The Witch","TheSwordswoman","TheVacant","Transform Curses","Uncapped","Waifu the Spire","Wandering Minibosses","WarShipGirlsR/????R mod","Yohane!","vexMod","????"],"gold_per_floor":[114,114,125,52,52,52,52,52,52],"floor_reached":8,"language":"ENG","playtime":567,"items_purged":[],"score":44,"play_id":"66d517f5-fb5a-4e05-80b0-cc68676e564c","local_time":"20210116201002","is_ascension_mode":false,"campfire_choices":[{"data":"beaked:FeelMyPain","floor":7,"key":"SMITH"}],"circlet_count":0,"master_deck":["beaked:Strike_Y","beaked:Strike_Y","beaked:Strike_Y","beaked:Strike_Y","beaked:Strike_Y","beaked:Defend_Y","beaked:Defend_Y","beaked:Defend_Y","beaked:Defend_Y","beaked:Ceremony","beaked:Ceremony","beaked:Ceremony","beaked:CrazyRituals","beaked:WarriorEssence","beaked:DarkTribute","beaked:FeelMyPain+1","beaked:SacrificialDive","beaked:WindBringer","Regret"],"relics":["beaked:MendingPlumage","conspire:GlowingRock","SpikesRelics:DaevaFist","StuffTheSpire:Wildfire"],"acts_visited":["Exordium"],"potions_floor_usage":[],"damage_taken":[{"damage":15,"enemies":"Jaw Worm","floor":1,"turns":5},{"damage":37,"enemies":"2 Louse","floor":3,"turns":4},{"damage":34,"enemies":"3 Sentries","floor":8,"turns":5}],"seed_played":"-7274647446195918823","potions_obtained":[{"floor":3,"key":"champ:CounterPotion"}],"is_trial":false,"path_per_floor":["M","?","M","$","?","?","R","E"],"character_chosen":"BEAKED_THE_CULTIST","items_purchased":["beaked:CrazyRituals","beaked:WarriorEssence","beaked:WindBringer"],"campfire_rested":0,"item_purchase_floors":[0,0,4],"current_hp_per_floor":[45,45,49,49,49,49,49,29,29],"gold":52,"neow_bonus":"","is_daily":false,"chose_seed":false,"campfire_upgraded":1,"win_rate":0.0,"timestamp":1610845802,"path_taken":["M","?","M","$","?","?","R","E"],"items_purchased_type":["Card","Card","Card"],"build_version":"2020-12-22","purchased_purges":0,"victory":false,"max_hp_per_floor":[50,50,50,50,50,50,50,50,50],"relic_stats":{"counters":[8,30],"obtain_stats":[{"conspire:GlowingRock":0,"AT_ATBox":0,"NeowsBlessing":0,"aspiration:Nostalgia":6,"RobotSpaceExplorer:RoboCore":0,"StuffTheSpire:Wildfire":6,"SpikesRelics:DaevaFist":5,"aspiration:SeaSaltIceCream":6,"AT_SunfireAegis":8,"Ring of the Snake":6},{"conspire:GlowingRock":5,"AT_ATBox":0,"NeowsBlessing":0,"aspiration:Nostalgia":4,"RobotSpaceExplorer:RoboCore":0,"StuffTheSpire:Wildfire":7,"SpikesRelics:DaevaFist":7,"aspiration:SeaSaltIceCream":4,"AT_SunfireAegis":5,"Ring of the Snake":4},{"conspire:GlowingRock":16,"AT_ATBox":0,"NeowsBlessing":0,"aspiration:Nostalgia":9,"RobotSpaceExplorer:RoboCore":0,"StuffTheSpire:Wildfire":25,"SpikesRelics:DaevaFist":25,"aspiration:SeaSaltIceCream":9,"AT_SunfireAegis":16,"Ring of the Snake":9}]},"card_choices":[{"not_picked":["beaked:Overexert","beaked:Evade"],"picked":"beaked:FeelMyPain","floor":1},{"not_picked":["beaked:Mantra","beaked:Pecker"],"picked":"beaked:SacrificialDive","floor":3}],"player_experience":355599,"relics_obtained":[],"event_choices":[{"damage_healed":0,"gold_gain":0,"player_choice":"Ignored","damage_taken":0,"max_hp_gain":0,"max_hp_loss":0,"event_name":"Golden Idol","floor":2,"gold_loss":0},{"damage_healed":0,"gold_gain":0,"player_choice":"Box","damage_taken":0,"relics_obtained":["SpikesRelics:DaevaFist"],"max_hp_gain":0,"max_hp_loss":0,"event_name":"Big Fish","floor":5,"gold_loss":0,"cards_obtained":["Regret"]},{"damage_healed":0,"gold_gain":0,"player_choice":"Gave Potion","damage_taken":0,"relics_obtained":["StuffTheSpire:Wildfire"],"max_hp_gain":0,"max_hp_loss":0,"event_name":"WeMeetAgain","floor":6,"gold_loss":0}],"is_beta":false,"boss_relics":[],"items_purged_floors":[],"is_endless":false,"potions_floor_spawned":[3],"killed_by":"3 Sentries","ascension_level":0}}