{"host":"51fyd6gkml7xavq8","time":1610871046,"event":{"mods":["BaseMod","BetterRewards","Colored Map","Energized Spire","Infinite Spire","Minty Spire (QoL Compilation)","Replay The Spire","Shop Mod","Spicy Shops","StSLib","The Blue Laboratory","[IsaacMod]????"],"gold_per_floor":[159,159,219,81,126,126,126,171,171,171,231,306,306,314,314,629,629,674,719,625,775,480,570,570,665,665,665,764,809,854,854,854,1204,1204,1249,974,992,870,965,1055,1055,1100,1100,1100,1364,1373,1418,1488,1488,1963,1963,1963],"floor_reached":51,"language":"ENG","playtime":3378,"items_purged":["Distribution","Ball Lightning"],"score":962,"play_id":"7bddbd91-7cde-469c-bef8-e58db0eed0f6","local_time":"20210117051046","daily_mods":["SealedDeck","Hoarder","Midas"],"is_ascension_mode":false,"campfire_choices":[{"floor":6.0,"key":"REST"},{"floor":13.0,"key":"REST"},{"floor":15.0,"key":"REST"},{"floor":32,"key":"REST"},{"floor":41,"key":"REST"},{"floor":44,"key":"REST"},{"floor":49,"key":"REST"}],"circlet_count":0,"master_deck":["BettingIsNotGood+1","BettingIsNotGood+1","BettingIsNotGood+1","Go for the Eyes","Go for the Eyes","Go for the Eyes","Melter","Distribution","Leap","Leap","Leap","Gash","Gash","Gash","Hologram","Hologram","Hologram","Ball Lightning","Ball Lightning","Core Surge","Core Surge","Core Surge","Echo Form","Echo Form","Echo Form","Clumsy","Clumsy","Clumsy","After Image","After Image","After Image","Panacea","Panacea","Panacea","Madness","Madness","Madness","ReplayTheSpireMod:Chaos Vortex","ReplayTheSpireMod:Chaos Vortex","ReplayTheSpireMod:Chaos Vortex"],"relics":["Cracked Core","HushsDoor","SteamSale","Kunai","MerchantsRug","infinitespire:Bottled Soul","Divine Protection","ReplayTheSpireMod:CursedCoin","Omamori","MagicMushroom","Replay:Bottled Eggs","Replay:Bottled Snecko","Blood Vial","Letter Opener","ReplayFunnel","Strawberry","PrismaticShard","Replay:Rubber Ducky","InkBottle","Shuriken","ClockworkSouvenir","SacredBark","MutagenicStrength","energizedSpire:OgreHead","Vajra","CeramicFish","Bottled Tornado","Cauldron","Sling","Lantern","Ancient Tea Set","TheBean","Empty Cage","Garlic","Inserter"],"acts_visited":["Exordium","TheCity","TheBeyond","Exordium"],"potions_floor_usage":[29,50,50],"damage_taken":[{"damage":15.0,"enemies":"Jaw Worm","floor":1.0,"turns":3.0},{"damage":4.0,"enemies":"Cultist","floor":3.0,"turns":3.0},{"damage":0.0,"enemies":"2 Louse","floor":5.0,"turns":1.0},{"damage":0.0,"enemies":"Looter","floor":8.0,"turns":1.0},{"damage":0.0,"enemies":"2 Fungi Beasts","floor":11.0,"turns":4.0},{"damage":0.0,"enemies":"Large Slime","floor":12.0,"turns":4.0},{"damage":42.0,"enemies":"Hexaghost","floor":16.0,"turns":8.0},{"damage":0,"enemies":"3 Byrds","floor":18,"turns":4},{"damage":0,"enemies":"Spheric Guardian","floor":19,"turns":2},{"damage":0,"enemies":"Hiden Room Battle","floor":21,"turns":2},{"damage":6,"enemies":"Gremlin Leader","floor":23,"turns":4},{"damage":22,"enemies":"3 Cultists","floor":25,"turns":5},{"damage":0,"enemies":"Snake Plant","floor":29,"turns":2},{"damage":0,"enemies":"Sentry and Sphere","floor":30,"turns":3},{"damage":25,"enemies":"Champ","floor":33,"turns":7},{"damage":0,"enemies":"3 Shapes","floor":35,"turns":2},{"damage":0,"enemies":"3 Darklings","floor":39,"turns":5},{"damage":0,"enemies":"Nightmare","floor":40,"turns":8},{"damage":0,"enemies":"Writhing Mass","floor":42,"turns":3},{"damage":0,"enemies":"Jaw Worm Horde","floor":47,"turns":3},{"damage":0,"enemies":"3 Darklings","floor":48,"turns":4},{"damage":4,"enemies":"infinitespire:MassOfShapes","floor":50,"turns":15}],"seed_played":"7372172642885907109","potions_obtained":[{"floor":11.0,"key":"blueLaboratory:SystemWipe"},{"floor":12.0,"key":"EntropicBrew"},{"floor":18,"key":"SneckoOil"},{"floor":23,"key":"blueLaboratory:FruitPunch"},{"floor":30,"key":"Energy Potion"},{"floor":33,"key":"blueLaboratory:TrueEctoplasm"},{"floor":38,"key":"blueLaboratory:SavagePotion"},{"floor":40,"key":"blueLaboratory:SystemWipe"},{"floor":47,"key":"Fire Potion"},{"floor":48,"key":"BlessingOfTheForge"}],"is_trial":false,"path_per_floor":["M","?","M","$","M","R","?","M","T","?","M","M","R","$","R","B",null,"M","M","$","?","$","E","T","M","T","AVR","?","M","M","?","R","B",null,"M","$","?","$","M","NM","R","M","T","R","?","AVR","M","M","R","B",null],"character_chosen":"DEFECT","items_purchased":["Kunai","MerchantsRug","ReplayTheSpireMod:CursedCoin","Omamori","Mango","Replay:Bottled Eggs","Letter Opener","ReplayFunnel","Strawberry","PrismaticShard","Vajra","CeramicFish","Bottled Tornado","Cauldron","Sling","Lantern"],"campfire_rested":7,"item_purchase_floors":[4,4,14,14,14,20,22,22,22,22,36,36,36,38,38,38],"current_hp_per_floor":[60,53,54,54,54,75,33,33,33,33,33,33,55,69,89,52,96,96,96,96,96,103,97,97,103,103,103,103,105,105,105,105,80,105,105,105,100,100,103,105,105,105,105,105,79,79,82,85,105,105,105,105],"gold":1963,"neow_bonus":"","is_daily":true,"chose_seed":false,"campfire_upgraded":0,"win_rate":0.0,"timestamp":1610871046,"path_taken":["M","?","M","$","?","R","?","M","T","?","M","M","R","$","R","BOSS","M","M","$","?","$","E","?","M","T","AVR","?","M","M","?","R","BOSS","M","$","?","$","M","NM","R","M","T","R","?","AVR","M","M","R","BOSS"],"items_purchased_type":["Relic","Relic","Relic","Relic","Relic","Relic","Relic","Relic","Relic","Relic","Relic","Relic","Relic","Relic","Relic","Relic"],"build_version":"2020-12-22","purchased_purges":2,"victory":false,"max_hp_per_floor":[75,75,75,75,75,75,75,75,75,75,75,75,75,89,89,89,96,96,96,96,96,103,103,103,103,103,103,103,105,105,105,105,105,105,105,105,105,105,105,105,105,105,105,105,105,105,105,105,105,105,105,105],"card_choices":[{"not_picked":[],"picked":"BettingIsNotGood","floor":0.0},{"not_picked":["Hologram","Reboot","ReplaySort"],"picked":"SKIP","floor":1.0},{"not_picked":["Defragment","Lockon"],"picked":"Bomb","floor":3.0},{"not_picked":["Beam Cell","Compile Driver","Turbo"],"picked":"SKIP","floor":5.0},{"not_picked":["ReplaySolidLightProjector","ReplayTheSpireMod:Reroute Power","Stack"],"picked":"SKIP","floor":8.0},{"not_picked":["Panic Button","Coolheaded","Loop"],"picked":"SKIP","floor":11.0},{"not_picked":["Barrage","Hello World","Beam Cell"],"picked":"SKIP","floor":12.0},{"not_picked":["Steam","Cold Snap","Ball Lightning"],"picked":"SKIP","floor":18},{"not_picked":["Fusion","Streamline","White Noise"],"picked":"SKIP","floor":19},{"not_picked":["Dark Shackles","ReplayTheSpireMod:Necrogeddon","Dropkick"],"picked":"SKIP","floor":23},{"not_picked":["EmptyBody","ReplayTheSpireMod:System Scan","Deadly Poison"],"picked":"SKIP","floor":25},{"not_picked":["JustLucky+1","Poisoned Stab","Seeing Red"],"picked":"SKIP","floor":29},{"not_picked":["ClearTheMind+1","Slice","PathToVictory"],"picked":"SKIP","floor":30},{"not_picked":["Eclipse","A Thousand Cuts"],"picked":"After Image","floor":33},{"not_picked":["BootSequence+1","ReplayTheSpireMod:Stacked","Body Slam+1"],"picked":"SKIP","floor":35},{"not_picked":["PanicButton","Replay:BasicMightCard"],"picked":"Panacea","floor":37},{"not_picked":["Discovery","BettingIsNotGood"],"picked":"Madness","floor":37},{"not_picked":["Loop","Tactician+1","Bloodletting"],"picked":"SKIP","floor":39},{"not_picked":["ThirdEye","Armaments","Bludgeon"],"picked":"SKIP","floor":40},{"not_picked":["Prostrate+1","Ball Lightning+1","Swivel+1"],"picked":"SKIP","floor":42},{"not_picked":["Glass Knife","Armaments+1","FlurryOfBlows"],"picked":"SKIP","floor":47},{"not_picked":["Power Through+1","Sucker Punch","Deadly Poison"],"picked":"SKIP","floor":48}],"player_experience":570670,"relics_obtained":[{"floor":9.0,"key":"Divine Protection"},{"floor":21,"key":"Replay:Bottled Snecko"},{"floor":21,"key":"Blood Vial"},{"floor":23,"key":"Replay:Rubber Ducky"},{"floor":24,"key":"InkBottle"},{"floor":26,"key":"Shuriken"},{"floor":40,"key":"Ancient Tea Set"},{"floor":43,"key":"TheBean"}],"event_choices":[{"cards_removed":["Distribution"],"damage_healed":0.0,"max_hp_gain":0.0,"max_hp_loss":0.0,"gold_gain":0.0,"event_name":"Golden Wing","player_choice":"Card Removal","floor":2.0,"gold_loss":0.0,"damage_taken":7.0},{"damage_healed":0.0,"max_hp_gain":0.0,"max_hp_loss":0.0,"gold_gain":0.0,"event_name":"Scrap Ooze","player_choice":"Success","floor":7.0,"gold_loss":0.0,"damage_taken":42.0,"relics_obtained":["infinitespire:Bottled Soul"]},{"damage_healed":0.0,"max_hp_gain":0.0,"max_hp_loss":0.0,"gold_gain":0.0,"event_name":"Liars Game","player_choice":"Ignored","floor":10.0,"gold_loss":0.0,"damage_taken":0.0},{"damage_healed":0,"gold_gain":0,"player_choice":"Fight","damage_taken":0,"max_hp_gain":0,"max_hp_loss":0,"event_name":"HidenRoomEvent","floor":21,"gold_loss":0},{"damage_healed":0,"gold_gain":99,"player_choice":"Stole From Cult","damage_taken":0,"max_hp_gain":0,"max_hp_loss":0,"event_name":"Nest","floor":28,"gold_loss":0},{"damage_healed":0,"gold_gain":0,"player_choice":"Inject Mutagens","damage_taken":0,"relics_obtained":["MutagenicStrength"],"max_hp_gain":0,"max_hp_loss":0,"event_name":"Drug Dealer","floor":31,"gold_loss":0},{"damage_healed":0,"gold_gain":0,"player_choice":"Memory 2","damage_taken":5,"max_hp_gain":0,"max_hp_loss":0,"event_name":"SensoryStone","floor":37,"gold_loss":0}],"is_beta":false,"boss_relics":[{"not_picked":["energizedSpire:SpiderWeb","energizedSpire:RedRose"],"picked":"MagicMushroom"},{"not_picked":[]},{"not_picked":["energizedSpire:DeadBattery","Replay:Drink Me"],"picked":"energizedSpire:OgreHead"},{"not_picked":[]},{"not_picked":["Painkiller Herb","Cursed Key"],"picked":"Inserter"},{"not_picked":[]}],"items_purged_floors":[27,46],"is_endless":true,"potions_floor_spawned":[11,12,18,23,30,33,40,47,48],"ascension_level":0}}