{"host":"sq5mqutoqaetm0s6","time":1610913007,"event":{"mods":["AchievementEnabler","BaseMod","BetterRewards","Colored Map","Colored Powertips","DeckTracker","Duelist Mod","Googly Eyes","Highlight Path","Hubris","Infinite Spire","Minty Spire (QoL Compilation)","Quick Restart","Shop Mod","StSLib","SuperFastMode","The Administrix","The Animator","The Construct","The Cursed","The Disciple","The Florist","The Jungle","The Runesmith"],"gold_per_floor":[125,125,26,42,56,56,96,113,113,133,133,163,182,222,222,317,317,329,329,604,634,656,656,703,730,756,780,780,784,784],"floor_reached":29,"language":"ENG","playtime":2512,"items_purged":["Decay"],"score":251,"play_id":"93c8a479-1664-4c9e-9d7f-6a54c66e646e","local_time":"20210117205007","is_ascension_mode":false,"campfire_choices":[{"data":"animator:Elsword","floor":6.0,"key":"SMITH"},{"floor":15.0,"key":"REST"},{"floor":23,"key":"REST"}],"circlet_count":0,"master_deck":["animator:Strike_Konosuba","animator:Defend_Konosuba","animator:Strike","animator:Strike","animator:Strike","animator:Defend","animator:Defend","animator:Defend","animator:Kazuma","animator:Aqua","animator:Elsword+1","animator:Demiurge","animator:Gillette","animator:Witch","animator:Mitsurugi","animator:Ain","animator:IzunaHatsuse","animator:Chung","animator:Rena","animator:Ara","animator:Eris","animator:DolaSchwi","Regret","animator:Chris","animator:Raven","animator:Togame","animator:DwarfShaman+1","animator:GoblinSlayer"],"relics":["animator:LivingPicture","animator:TheMissingPiece","NeowsBlessing","animator:WornHelmet","Runesmith:Locket","Mark of Pain","HornCleat","Centennial Puzzle"],"acts_visited":["Exordium","theJungle:Jungle"],"potions_floor_usage":[25,29,29,29],"damage_taken":[{"damage":0.0,"enemies":"Cultist","floor":1.0,"turns":1.0},{"damage":0.0,"enemies":"infinitespire:Voidling","floor":4.0,"turns":1.0},{"damage":0.0,"enemies":"Jaw Worm","floor":5.0,"turns":1.0},{"damage":32.0,"enemies":"Gremlin Nob","floor":7.0,"turns":4.0},{"damage":2.0,"enemies":"2 Fungi Beasts","floor":8.0,"turns":3.0},{"damage":12.0,"enemies":"Large Slime","floor":10.0,"turns":8.0},{"damage":5.0,"enemies":"Gremlin Gang","floor":12.0,"turns":4.0},{"damage":1.0,"enemies":"Looter","floor":13.0,"turns":4.0},{"damage":0.0,"enemies":"Exordium Wildlife","floor":14.0,"turns":4.0},{"damage":41.0,"enemies":"Slime Boss","floor":16.0,"turns":12.0},{"damage":18.0,"enemies":"theJungle:5_Spyders","floor":18.0,"turns":16.0},{"damage":10.0,"enemies":"theJungle:MUSHROOMGANG","floor":21.0,"turns":5.0},{"damage":49,"enemies":"theJungle:2_Flameangoes","floor":22,"turns":10},{"damage":22,"enemies":"theJungle:2_Phrogs","floor":24,"turns":10},{"damage":22,"enemies":"theJungle:SlimyTreeVines","floor":25,"turns":8},{"damage":0,"enemies":"theJungle:JungleHuntersEncounter","floor":27,"turns":7},{"damage":24,"enemies":"theJungle:2_Flameangoes","floor":29,"turns":4}],"seed_played":"6078418063187048226","potions_obtained":[{"floor":1.0,"key":"Fire Potion"},{"floor":4.0,"key":"Swift Potion"},{"floor":8.0,"key":"FearPotion"},{"floor":13.0,"key":"PowerPotion"},{"floor":16.0,"key":"construct:ShiftPotion"},{"floor":24,"key":"SpeedPotion"},{"floor":25,"key":"Swift Potion"}],"is_trial":false,"path_per_floor":["M","?","$","M","M","R","E","M","T","M","?","M","M","M","R","B",null,"M","?","?","M","M","R","E","M","T","M","AVR","M"],"character_chosen":"THE_ANIMATOR","items_purchased":["animator:Demiurge"],"campfire_rested":2,"item_purchase_floors":[3],"current_hp_per_floor":[66,66,66,66,66,66,36,37,37,27,15,12,18,20,40,8,69,52,52,52,47,9,30,8,5,5,18,18,0,0],"gold":784,"neow_bonus":"THREE_ENEMY_KILL","is_daily":false,"chose_seed":false,"campfire_upgraded":1,"win_rate":0.0,"timestamp":1610913007,"path_taken":["M","?","?","M","?","R","E","M","T","M","?","M","M","M","R","BOSS","M","?","?","?","M","R","E","M","T","M","AVR","M"],"items_purchased_type":["Card"],"build_version":"2020-12-22","purchased_purges":1,"victory":false,"max_hp_per_floor":[66,66,66,66,66,66,66,67,67,67,67,67,68,68,68,69,69,69,69,69,69,71,71,71,71,71,71,71,71,71],"card_choices":[{"not_picked":["animator:Vanir","animator:Cocytus"],"picked":"animator:Elsword","floor":1.0},{"not_picked":["animator:LizardPriest","animator:Togame"],"picked":"animator:Gillette","floor":4.0},{"not_picked":["animator:Hitei","animator:Fredrika"],"picked":"animator:Witch","floor":5.0},{"not_picked":["animator:Verdia","animator:Vanir"],"picked":"animator:Mitsurugi","floor":7.0},{"not_picked":["animator:Aqua","animator:Verdia"],"picked":"animator:Ain","floor":8.0},{"not_picked":["animator:Cocytus","animator:Ain"],"picked":"animator:IzunaHatsuse","floor":10.0},{"not_picked":["animator:Sebas","animator:Sora"],"picked":"animator:Chung","floor":12.0},{"not_picked":["animator:Elsword","animator:Raven"],"picked":"animator:Rena","floor":13.0},{"not_picked":["animator:Darkness","animator:HighElfArcher"],"picked":"animator:Ara","floor":14.0},{"not_picked":["animator:Albedo","animator:AcuraShin"],"picked":"animator:Eris","floor":16.0},{"not_picked":["animator:AcuraAkari+1","animator:Kazuma"],"picked":"animator:DolaSchwi","floor":18.0},{"not_picked":["animator:ZankiKiguchi+1","animator:FielNirvalen"],"picked":"animator:Chris","floor":21},{"not_picked":["animator:Elsword","animator:Ciel"],"picked":"animator:Raven","floor":22},{"not_picked":["animator:LizardPriest","animator:UneriGinkaku+1"],"picked":"animator:Togame","floor":24},{"not_picked":["animator:Darkness","animator:Mitsurugi"],"picked":"animator:DwarfShaman+1","floor":25},{"not_picked":["animator:Ain","animator:AcuraTooru+1"],"picked":"animator:GoblinSlayer","floor":27}],"player_experience":44091,"relics_obtained":[{"floor":7.0,"key":"animator:WornHelmet"},{"floor":24,"key":"HornCleat"},{"floor":26,"key":"Centennial Puzzle"}],"event_choices":[{"damage_healed":0.0,"max_hp_gain":0.0,"max_hp_loss":0.0,"gold_gain":0.0,"event_name":"Wheel of Change","player_choice":"Cursed","floor":2.0,"gold_loss":0.0,"damage_taken":0.0,"cards_obtained":["Decay"]},{"damage_healed":0.0,"max_hp_gain":0.0,"max_hp_loss":0.0,"gold_gain":0.0,"event_name":"Scrap Ooze","player_choice":"Success","floor":11.0,"gold_loss":0.0,"damage_taken":12.0,"relics_obtained":["Runesmith:Locket"]},{"damage_healed":0.0,"max_hp_gain":0.0,"max_hp_loss":0.0,"gold_gain":275.0,"event_name":"Golden Shrine","player_choice":"Desecrate","floor":20.0,"gold_loss":0.0,"damage_taken":0.0,"cards_obtained":["Regret"]}],"is_beta":false,"boss_relics":[{"not_picked":["Velvet Choker","infinitespire:Cupcake"],"picked":"Mark of Pain"}],"items_purged_floors":[3],"is_endless":false,"potions_floor_spawned":[1,4,8,13,16,24,25],"killed_by":"theJungle:2_Flameangoes","ascension_level":0}}