{"host":"7qoz5gmva6til3yp","time":1610878052,"event":{"mods":["AchievementEnabler","BaseMod","Minty Spire (QoL Compilation)","Replay The Spire","StSLib","SuperFastMode"],"gold_per_floor":[113,113,129,129,129,129,140,140,140,16,16,35,16,27,27,122,122,137,461,48,58,74,74,104,104,104,115,115,115,115,33,33,136,136,153,172,222,89,101,136,136,156,156,48,60,60,60,76,76,76,76,76,1,27,27],"floor_reached":56,"language":"KOR","playtime":2458,"items_purged":["Strike_B","Defend_B","Strike_B","Defend_B","Redo"],"score":1210,"play_id":"ad2ab7a3-01f5-40d5-9a64-e459b83b17c7","local_time":"20210117190732","is_ascension_mode":false,"campfire_choices":[{"data":"Dualcast","floor":6.0,"key":"SMITH"},{"data":"Capacitor","floor":8.0,"key":"SMITH"},{"data":"Redo","floor":15.0,"key":"SMITH"},{"data":"Coolheaded","floor":23.0,"key":"SMITH"},{"data":"ReplayRNGCard","floor":28.0,"key":"SMITH"},{"data":"FTL","floor":30,"key":"SMITH"},{"data":"Consume","floor":32,"key":"SMITH"},{"data":"Creative AI","floor":41,"key":"SMITH"},{"floor":47,"key":"RECALL"},{"data":"Blizzard","floor":52,"key":"SMITH"}],"circlet_count":0,"master_deck":["Zap+1","Dualcast+1","Leap","Loop+1","Capacitor+1","Sweeping Beam+1","Redo+1","FTL+1","Hologram","ReplayRNGCard+1","Cold Snap+1","Coolheaded+1","Compile Driver+1","Glacier+1","Auto Shields","Consume+1","Creative AI+1","Panic Button+1","Biased Cognition","Capacitor+1","Turbo","Blizzard+1","Mirror Shield"],"relics":["FrozenCore","Replay:Accelerometer","Replay:Frozen Program","Ring of Chaos","PreservedInsect","Oddly Smooth Stone","Strawberry","Nloth\u0027s Gift","Incense Burner","Bird Faced Urn","Membership Card","Whetstone","Kunai","StoneCalendar","Medical Kit","Gambling Chip"],"acts_visited":["Exordium","TheCity","TheBeyond","TheEnding"],"potions_floor_usage":[50,50,50,55],"damage_taken":[{"damage":1.0,"enemies":"2 Louse","floor":1.0,"turns":2.0},{"damage":1.0,"enemies":"Jaw Worm","floor":3.0,"turns":4.0},{"damage":10.0,"enemies":"Small Slimes","floor":7.0,"turns":3.0},{"damage":6.0,"enemies":"3 Louse","floor":12.0,"turns":3.0},{"damage":0.0,"enemies":"Lots of Slimes","floor":14.0,"turns":2.0},{"damage":31.0,"enemies":"Hexaghost","floor":16.0,"turns":6.0},{"damage":17.0,"enemies":"Shell Parasite","floor":18.0,"turns":5.0},{"damage":13.0,"enemies":"3 Byrds","floor":21.0,"turns":5.0},{"damage":20.0,"enemies":"Centurion and Healer","floor":22.0,"turns":7.0},{"damage":5.0,"enemies":"Book of Stabbing","floor":24.0,"turns":4.0},{"damage":6.0,"enemies":"Cultist and Chosen","floor":27.0,"turns":7.0},{"damage":21,"enemies":"Pondfish","floor":33,"turns":13},{"damage":18,"enemies":"3 Darklings","floor":35,"turns":7},{"damage":0,"enemies":"Orb Walker","floor":36,"turns":4},{"damage":12,"enemies":"Mind Bloom Boss Battle","floor":37,"turns":8},{"damage":6,"enemies":"4 Shapes","floor":39,"turns":9},{"damage":2,"enemies":"Giant Head","floor":40,"turns":9},{"damage":38,"enemies":"Spire Growth","floor":42,"turns":6},{"damage":28,"enemies":"Jaw Worm Horde","floor":45,"turns":7},{"damage":0,"enemies":"Sphere and 2 Shapes","floor":48,"turns":7},{"damage":12,"enemies":"Donu and Deca","floor":50,"turns":11},{"damage":67,"enemies":"Shield and Spear","floor":54,"turns":9},{"damage":200,"enemies":"The Heart","floor":55,"turns":12}],"seed_played":"-8856099548101704600","potions_obtained":[{"floor":7.0,"key":"FocusPotion"},{"floor":14.0,"key":"Reflective Coating"},{"floor":21.0,"key":"FocusPotion"},{"floor":22.0,"key":"LifebloodPotion"},{"floor":37,"key":"FocusPotion"},{"floor":54,"key":"Swift Potion"}],"is_trial":false,"path_per_floor":["M","?","M","?","?","R","M","R","T","$","?","M","$","M","R","B",null,"M","?","$","M","M","R","E","?","T","M","R","?","R","$","R","B",null,"M","M","?","$","M","E","R","M","T","$","M","?","R","M","R","B",null,"R","$","E","B",null],"character_chosen":"DEFECT","items_purchased":["Sweeping Beam","FTL","Replay:Frozen Program","PreservedInsect","Oddly Smooth Stone","Consume","Membership Card","Turbo","Whetstone","Blizzard","Medical Kit"],"campfire_rested":0,"item_purchase_floors":[10,13,13,20,20,31,38,38,38,44,53],"current_hp_per_floor":[74,67,66,66,51,51,41,41,41,41,46,40,40,40,40,9,80,63,31,31,18,48,48,50,50,50,44,44,44,44,44,44,23,87,69,69,57,57,65,69,69,45,45,45,25,25,25,31,57,65,87,87,87,27,39],"gold":27,"neow_bonus":"RANDOM_EVENT","is_daily":false,"chose_seed":false,"campfire_upgraded":9,"win_rate":0.0,"timestamp":1610878052,"path_taken":["M","?","M","?","?","R","M","R","T","?","?","M","$","M","R","BOSS","M","?","$","M","?","R","E","?","T","?","R","?","R","?","R","BOSS","M","M","?","$","M","E","R","M","T","$","M","?","R","M","R","BOSS","R","$","E","BOSS"],"items_purchased_type":["Card","Card","Relic","Relic","Relic","Card","Relic","Card","Relic","Card","Relic"],"build_version":"2020-12-22","purchased_purges":5,"victory":true,"max_hp_per_floor":[75,75,75,75,75,75,75,75,75,75,80,80,80,80,80,80,80,80,80,80,80,80,80,87,87,87,87,87,87,87,87,87,87,87,87,87,87,87,87,87,87,87,87,87,87,87,87,87,87,87,87,87,87,87,87],"card_choices":[{"not_picked":["Panic Button","Rebound"],"picked":"Leap","floor":1.0},{"not_picked":["Steam","Stack"],"picked":"Loop","floor":3.0},{"not_picked":["Barrage","Steam"],"picked":"Capacitor","floor":7.0},{"not_picked":["FIFO Queue","Creative AI"],"picked":"Redo","floor":12.0},{"not_picked":["Stack","Panic Button"],"picked":"Hologram","floor":14.0},{"not_picked":["Amplify","Thunder Strike"],"picked":"ReplayRNGCard","floor":16.0},{"not_picked":["Skim+1","Gash+1"],"picked":"Cold Snap","floor":18.0},{"not_picked":["Cold Snap","Hologram"],"picked":"Coolheaded","floor":21.0},{"not_picked":["Ball Lightning","Coolheaded","Melter"],"picked":"SKIP","floor":22.0},{"not_picked":["Chill","ReplayTheSpireMod:Reroute Power"],"picked":"Compile Driver+1","floor":24.0},{"not_picked":["Panic Button","ReplayTheSpireMod:System Scan"],"picked":"Glacier","floor":27.0},{"not_picked":["Multi-Cast","ReplayTheSpireMod:Omega Cannon"],"picked":"Creative AI","floor":33},{"not_picked":["Streamline+1","Hologram"],"picked":"Panic Button+1","floor":35},{"not_picked":["Force Field","Rebound+1"],"picked":"Biased Cognition","floor":36},{"not_picked":["Leap+1","Rebound+1"],"picked":"Capacitor+1","floor":37},{"not_picked":["ReplayTheSpireMod:GoodbyeWorld","ReplayTheSpireMod:Repulse","Go for the Eyes"],"picked":"SKIP","floor":39},{"not_picked":["Crystallizer","Hyperbeam","ReplayTheSpireMod:Omega Cannon"],"picked":"SKIP","floor":40},{"not_picked":["Cold Snap","Conserve Battery","Coolheaded+1"],"picked":"SKIP","floor":42},{"not_picked":["Go for the Eyes+1","Leap+1","ReplaySolidLightProjector+1"],"picked":"SKIP","floor":45},{"not_picked":["BasicCrystalCard","Leap+1","Coolheaded"],"picked":"SKIP","floor":48},{"not_picked":["Redo+1","Rebound"],"picked":"Mirror Shield","floor":54}],"player_experience":376468,"relics_obtained":[{"floor":9.0,"key":"Replay:Accelerometer"},{"floor":19.0,"key":"Old Coin"},{"floor":24.0,"key":"Strawberry"},{"floor":26.0,"key":"Incense Burner"},{"floor":37,"key":"Bird Faced Urn"},{"floor":40,"key":"Kunai"},{"floor":43,"key":"StoneCalendar"},{"floor":54,"key":"Gambling Chip"}],"event_choices":[{"cards_removed":["Strike_B"],"damage_healed":0.0,"max_hp_gain":0.0,"max_hp_loss":0.0,"gold_gain":0.0,"event_name":"Golden Wing","player_choice":"Card Removal","floor":2.0,"gold_loss":0.0,"damage_taken":7.0},{"damage_healed":0.0,"max_hp_gain":0.0,"max_hp_loss":0.0,"gold_gain":0.0,"event_name":"Living Wall","player_choice":"Grow","floor":4.0,"gold_loss":0.0,"damage_taken":0.0,"cards_upgraded":["Zap"]},{"damage_healed":0.0,"max_hp_gain":0.0,"max_hp_loss":0.0,"gold_gain":0.0,"event_name":"Shining Light","player_choice":"Entered Light","floor":5.0,"gold_loss":0.0,"damage_taken":15.0,"cards_upgraded":["Strike_B","Loop"]},{"damage_healed":0.0,"max_hp_gain":5.0,"max_hp_loss":0.0,"gold_gain":0.0,"event_name":"Big Fish","player_choice":"Donut","floor":11.0,"gold_loss":0.0,"damage_taken":0.0},{"damage_healed":0.0,"max_hp_gain":0.0,"max_hp_loss":0.0,"gold_gain":0.0,"event_name":"N\u0027loth","player_choice":"Traded Relic","floor":25.0,"relics_lost":["Old Coin"],"gold_loss":0.0,"damage_taken":0.0,"relics_obtained":["Nloth\u0027s Gift"]},{"damage_healed":0,"gold_gain":0,"cards_transformed":["Defend_B","Strike_B"],"player_choice":"Became Test Subject","damage_taken":0,"max_hp_gain":0,"max_hp_loss":0,"event_name":"Drug Dealer","floor":29,"gold_loss":0,"cards_obtained":["Redo","Auto Shields"]},{"damage_healed":0,"gold_gain":0,"player_choice":"Fight","damage_taken":0,"max_hp_gain":0,"max_hp_loss":0,"event_name":"MindBloom","floor":37,"gold_loss":0},{"damage_healed":0,"gold_gain":0,"player_choice":"Got Potions","damage_taken":0,"max_hp_gain":0,"max_hp_loss":0,"event_name":"Lab","floor":46,"gold_loss":0}],"is_beta":false,"boss_relics":[{"not_picked":["Black Star","SlaversCollar"],"picked":"Ring of Chaos"},{"not_picked":["Replay:Drink Me","Pandora\u0027s Box"],"picked":"FrozenCore"}],"items_purged_floors":[10,13,20,38,44],"is_endless":false,"potions_floor_spawned":[7,14,21,22,24,36,37,39,54],"ascension_level":0}}