{"host":"0qlrtuw7bw78ucw4","time":1610915773,"event":{"mods":["BaseMod","Downfall","Minty Spire (QoL Compilation)","StSLib"],"gold_per_floor":[0,15,29,45,62,88,88,88,103,103,114,131,150,176,195,195,195,195],"floor_reached":16,"language":"ENG","playtime":1106,"items_purged":[],"score":177,"play_id":"091444ae-56f3-4403-bee8-389499a9a67f","local_time":"20210118073613","is_ascension_mode":true,"campfire_choices":[{"data":"Slimebound:CorrosiveSpit","floor":1.0,"key":"SMITH"},{"data":"Slimebound:SamplingLick","floor":8.0,"key":"SMITH"},{"data":"Slimebound:TagTeam","floor":10.0,"key":"SMITH"}],"circlet_count":0,"master_deck":["AscendersBane","Slimebound:Strike_Slimebound","Slimebound:Strike_Slimebound","Slimebound:Strike_Slimebound","Slimebound:Tackle","Slimebound:Defend_Slimebound","Slimebound:Defend_Slimebound","Slimebound:Defend_Slimebound","Slimebound:Defend_Slimebound","Slimebound:Split","Slimebound:CorrosiveSpit+1","Sadistic Nature","Slimebound:SplitSpecialist","Slimebound:SplitLeeching","Slimebound:SlimeBrawl","Slimebound:SamplingLick+1","Slimebound:ItLooksTasty","Slimebound:TagTeam+1","Slimebound:GrowthPunch","Slimebound:SpikyOuterGoop","Slimebound:SlimeBarrage"],"relics":["Slimebound:AbsorbEndCombat","Omamori","Bottled Lightning","Ornamental Fan"],"acts_visited":["Exordium"],"potions_floor_usage":[13,14,14,16],"damage_taken":[{"damage":0.0,"enemies":"Cultist","floor":2.0,"turns":3.0},{"damage":4.0,"enemies":"Small Slimes","floor":3.0,"turns":4.0},{"damage":11.0,"enemies":"2 Louse","floor":4.0,"turns":3.0},{"damage":4.0,"enemies":"Large Slime","floor":5.0,"turns":5.0},{"damage":15.0,"enemies":"Lagavulin","floor":6.0,"turns":5.0},{"damage":1.0,"enemies":"3 Louse","floor":9.0,"turns":4.0},{"damage":15.0,"enemies":"Exordium Wildlife","floor":11.0,"turns":4.0},{"damage":3,"enemies":"Red Slaver","floor":12,"turns":3},{"damage":7,"enemies":"Gremlin Gang","floor":13,"turns":5},{"damage":6,"enemies":"3 Sentries","floor":14,"turns":5},{"damage":10,"enemies":"Lots of Slimes","floor":15,"turns":4},{"damage":13,"enemies":"WA_ARCHETYPE_RETAIN","floor":16,"turns":7}],"seed_played":"-2143066140765987290","potions_obtained":[{"floor":3.0,"key":"champ:CounterPotion"},{"floor":5.0,"key":"EssenceOfSteel"},{"floor":6.0,"key":"Weak Potion"},{"floor":13,"key":"champ:CounterPotion"},{"floor":14,"key":"SmokeBomb"}],"is_trial":false,"path_per_floor":["R","M","M","M","M","E","T","R","M","R","M","M","M","E","M","B"],"character_chosen":"SLIMEBOUND","items_purchased":[],"campfire_rested":0,"item_purchase_floors":[],"current_hp_per_floor":[59,60,56,45,43,30,30,30,31,31,18,16,14,9,2,0,0,0],"gold":195,"neow_bonus":"RANDOM_COLORLESS_2","is_daily":false,"chose_seed":false,"campfire_upgraded":3,"win_rate":0.0,"timestamp":1610915773,"path_taken":["R","M","?","M","M","E","T","R","M","R","M","M","M","E","M","BOSS"],"items_purchased_type":[],"build_version":"2020-12-22","purchased_purges":0,"victory":false,"max_hp_per_floor":[65,65,65,65,65,65,65,65,65,65,65,65,65,65,65,65,65,65],"card_choices":[{"not_picked":["Secret Weapon","Secret Technique"],"picked":"Sadistic Nature","floor":0.0},{"not_picked":["Slimebound:Equalize","Slimebound:LivingWall"],"picked":"Slimebound:SplitSpecialist","floor":2.0},{"not_picked":["Slimebound:SplitBruiser","Slimebound:ItLooksTasty"],"picked":"Slimebound:SplitLeeching","floor":3.0},{"not_picked":["Slimebound:SplitBruiser","Slimebound:DivideAndConquer"],"picked":"Slimebound:SlimeBrawl","floor":4.0},{"not_picked":["Slimebound:FinishingTackle","Slimebound:LeechEnergy"],"picked":"Slimebound:SamplingLick","floor":5.0},{"not_picked":["Slimebound:SplitMire","Slimebound:FlameTackle"],"picked":"Slimebound:ItLooksTasty","floor":6.0},{"not_picked":["Slimebound:GoopTackle","Slimebound:Recollect"],"picked":"Slimebound:TagTeam","floor":9.0},{"not_picked":["Slimebound:LeechingTouch","Slimebound:SplitLeeching"],"picked":"Slimebound:GrowthPunch","floor":11},{"not_picked":["Slimebound:SplitMire","Slimebound:MegaLick","Slimebound:LeechingTouch"],"picked":"SKIP","floor":12},{"not_picked":["Slimebound:DivideAndConquer","Slimebound:PrepareCrush"],"picked":"Slimebound:SpikyOuterGoop","floor":13},{"not_picked":["Slimebound:SplitLeeching","Slimebound:LivingWall"],"picked":"Slimebound:SlimeBarrage","floor":14},{"not_picked":["Slimebound:RollThrough","Slimebound:DisruptingSlam","Slimebound:LeechEnergy"],"picked":"SKIP","floor":15}],"player_experience":864265,"relics_obtained":[{"floor":6.0,"key":"Omamori"},{"floor":7.0,"key":"Bottled Lightning"},{"floor":14,"key":"Ornamental Fan"}],"event_choices":[],"is_beta":false,"boss_relics":[],"items_purged_floors":[],"is_endless":false,"potions_floor_spawned":[3,5,6,13,14],"killed_by":"WA_ARCHETYPE_RETAIN","ascension_level":10}}