{"host":"61xbmbtf5zrn7rzc","time":1610864651,"event":{"mods":["BaseMod","Challenge The Spire","Hubris","Infinite Spire","Minty Spire (QoL Compilation)","Replay The Spire","StSLib","SuperFastMode"],"gold_per_floor":[115,115,115,135,60,89,89,164,164,183,183,199,159,176,176,281,281,294,11,116,116,128,128,163,363,363,389,400,112,129,143,143,245,245,260,280,280,280,280],"floor_reached":38,"language":"ENG","playtime":1845,"items_purged":["Strike_P","Strike_P"],"score":460,"play_id":"fba7aa71-81b8-41fe-96f3-3bc5e541b181","local_time":"20210117012411","is_ascension_mode":true,"campfire_choices":[{"data":"ForeignInfluence","floor":7,"key":"SMITH"},{"data":"Enlightenment","floor":15,"key":"SMITH"},{"data":"ReplayUltimateDefense","floor":23,"key":"SMITH"},{"floor":32,"key":"REST"}],"circlet_count":0,"master_deck":["Defend_P","Defend_P","Defend_P","Eruption","Vigilance","Enlightenment+1","SandsOfTime","ForeignInfluence+1","Steam","PathToVictory+1","Replay:DivineShield+1","Protect","Alpha","EmptyBody+1","ReplayUltimateDefense+1","Devotion","Prostrate+1","SandsOfTime","Omniscience","infinitespire:Execution"],"relics":["PureWater","PreservedInsect","NlothsMask","SlaversCollar","ReplayTheSpireMod:TigerMarble","Art of War","Medical Kit","War Paint","InkBottle"],"acts_visited":["Exordium","TheCity","TheBeyond"],"potions_floor_usage":[6,16,16,16,38],"damage_taken":[{"damage":0,"enemies":"Cultist","floor":1,"turns":3},{"damage":0,"enemies":"Small Slimes","floor":4,"turns":4},{"damage":2,"enemies":"3 Sentries","floor":6,"turns":10},{"damage":0,"enemies":"Jaw Worm","floor":10,"turns":2},{"damage":0,"enemies":"Exordium Wildlife","floor":12,"turns":2},{"damage":3,"enemies":"Large Slime","floor":14,"turns":5},{"damage":1,"enemies":"The Guardian","floor":16,"turns":6},{"damage":31,"enemies":"Chosen","floor":18,"turns":7},{"damage":9,"enemies":"3 Byrds","floor":22,"turns":4},{"damage":1,"enemies":"Slavers","floor":24,"turns":8},{"damage":3,"enemies":"Gremlin Leader","floor":27,"turns":7},{"damage":0,"enemies":"Snecko","floor":28,"turns":5},{"damage":0,"enemies":"Chosen and Byrds","floor":30,"turns":7},{"damage":19,"enemies":"Centurion and Healer","floor":31,"turns":8},{"damage":12,"enemies":"Automaton","floor":33,"turns":6},{"damage":0,"enemies":"3 Shapes","floor":35,"turns":6},{"damage":0,"enemies":"Orb Walker","floor":36,"turns":5},{"damage":82,"enemies":"2 Orb Walkers","floor":38,"turns":6}],"seed_played":"813226418193937313","potions_obtained":[{"floor":4,"key":"Block Potion"},{"floor":13,"key":"Strength Potion"},{"floor":13,"key":"Venom Potion"},{"floor":13,"key":"Adrenaline Potion"},{"floor":27,"key":"SteroidPotion"},{"floor":28,"key":"Strength Potion"},{"floor":30,"key":"Toxic Potion"}],"is_trial":false,"path_per_floor":["M","?","?","M","$","E","R","?","T","M","?","M","?","M","R","B",null,"M","$","?","?","M","R","E","?","T","E","M","$","M","M","R","B",null,"M","M","AVR","?"],"character_chosen":"WATCHER","items_purchased":["ReplayUltimateDefense","Medical Kit","War Paint"],"campfire_rested":1,"item_purchase_floors":[19,29,29],"current_hp_per_floor":[72,72,65,65,65,63,63,52,52,52,52,52,52,49,49,48,72,41,41,41,65,56,56,55,55,55,52,52,52,52,33,54,42,72,72,72,72,0,0],"gold":280,"neow_bonus":"RANDOM_COLORLESS","is_daily":false,"chose_seed":false,"campfire_upgraded":3,"win_rate":0.0,"timestamp":1610864651,"path_taken":["M","?","?","M","?","E","R","?","T","?","?","?","?","M","R","BOSS","M","?","?","?","M","R","E","?","T","E","M","$","?","M","R","BOSS","M","?","AVR","?"],"items_purchased_type":["Card","Relic","Relic"],"build_version":"2020-12-22","purchased_purges":2,"victory":false,"max_hp_per_floor":[72,72,72,72,72,72,72,72,72,72,72,72,72,72,72,72,72,72,72,72,72,72,72,72,72,72,72,72,72,72,72,72,72,72,72,72,72,72,72],"card_choices":[{"not_picked":["Bandage Up","Jack Of All Trades"],"picked":"Enlightenment","floor":0},{"not_picked":["EmptyBody","Adaptation"],"picked":"SandsOfTime","floor":1},{"not_picked":["CrushJoints","InnerPeace"],"picked":"PathToVictory","floor":4},{"not_picked":["MasterReality","FlyingSleeves"],"picked":"Replay:DivineShield","floor":6},{"not_picked":["Sanctity","Evaluate","Replay:ManipulateFuture"],"picked":"SKIP","floor":10},{"not_picked":["Collect","JustLucky"],"picked":"Protect","floor":12},{"not_picked":["Adaptation","WheelKick","ClearTheMind"],"picked":"SKIP","floor":14},{"not_picked":["LessonLearned","Vault"],"picked":"Alpha","floor":16},{"not_picked":["WheelKick+1","Evaluate"],"picked":"EmptyBody+1","floor":18},{"not_picked":["FlyingSleeves+1","JustLucky"],"picked":"Devotion","floor":20},{"not_picked":["CrushJoints","SignatureMove"],"picked":"Prostrate+1","floor":22},{"not_picked":["FlyingSleeves+1","Replay:Anticipation"],"picked":"SandsOfTime","floor":24},{"not_picked":["FlurryOfBlows","ClearTheMind","Omniscience"],"picked":"SKIP","floor":27},{"not_picked":["CutThroughFate","Evaluate","Consecrate"],"picked":"SKIP","floor":28},{"not_picked":["ThirdEye","Evaluate","Consecrate"],"picked":"SKIP","floor":30},{"not_picked":["ThirdEye","Evaluate","Consecrate"],"picked":"SKIP","floor":30},{"not_picked":["MentalFortress","Wireheading","Prostrate"],"picked":"SKIP","floor":31},{"not_picked":["Ragnarok","Replay:AllIn"],"picked":"Omniscience","floor":33},{"not_picked":["FollowUp","CrushJoints+1","Indignation"],"picked":"SKIP","floor":35},{"not_picked":["FlyingSleeves","FlurryOfBlows+1","Pray+1"],"picked":"SKIP","floor":36},{"not_picked":["FlyingSleeves","FlurryOfBlows+1","Pray+1"],"picked":"SKIP","floor":36}],"player_experience":124469,"relics_obtained":[{"floor":6,"key":"PreservedInsect"},{"floor":24,"key":"ReplayTheSpireMod:TigerMarble"},{"floor":27,"key":"Art of War"}],"event_choices":[{"cards_removed":["Strike_P"],"damage_healed":0,"gold_gain":0,"player_choice":"Card Removal","damage_taken":7,"max_hp_gain":0,"max_hp_loss":0,"event_name":"Golden Wing","floor":3,"gold_loss":0},{"damage_healed":0,"gold_gain":75,"player_choice":"Gather Gold","damage_taken":11,"max_hp_gain":0,"max_hp_loss":0,"event_name":"World of Goop","floor":8,"gold_loss":0},{"damage_healed":0,"gold_gain":0,"player_choice":"Trade","damage_taken":0,"relics_obtained":["NlothsMask"],"max_hp_gain":0,"max_hp_loss":0,"event_name":"FaceTrader","floor":11,"gold_loss":0},{"damage_healed":0,"gold_gain":0,"player_choice":"Bought 3 Potions","damage_taken":0,"max_hp_gain":0,"max_hp_loss":0,"event_name":"The Woman in Blue","floor":13,"gold_loss":0},{"damage_healed":24,"gold_gain":0,"player_choice":"Heal","damage_taken":0,"max_hp_gain":0,"max_hp_loss":0,"event_name":"The Library","floor":21,"gold_loss":0},{"damage_healed":0,"gold_gain":250,"player_choice":"Bet on Owner","damage_taken":0,"max_hp_gain":0,"max_hp_loss":0,"event_name":"The Joust","floor":25,"gold_loss":50},{"damage_healed":0,"gold_gain":0,"player_choice":"Fight","damage_taken":0,"max_hp_gain":0,"max_hp_loss":0,"event_name":"Mysterious Sphere","floor":38,"gold_loss":0}],"is_beta":false,"boss_relics":[{"not_picked":["Ectoplasm","infinitespire:Cupcake"],"picked":"SlaversCollar"},{"not_picked":["Kintsugi","Snecko Eye","hubris:GrandSneckoEye"]}],"items_purged_floors":[5,19],"is_endless":false,"potions_floor_spawned":[4,27,28,30],"killed_by":"2 Orb Walkers","ascension_level":1}}