{"host":"btj53a7qlsawl9sy","time":1610894439,"event":{"mods":["ATMod(∞¢Ë™Mod)","Act Like it!","Arknights The Spire","BaseMod","Better Vampires","Colored Powertips","Dota2Spire","Gensokyo","Luminous","Marisa£®ÏF”Í°°ƒß¿Ì…≥£©","Marked Mod","Minty Spire (QoL Compilation)","Quick Restart","Reimu£®≤©¿ˆ¡È√Œ£©","Relic Stats","Remilia£®¿Ÿ√◊¿Ú—«£©","Replay The Spire","Spicy Shops","StSLib","The Administrix","The Servant 0.9.4","Yakumo Yukari mod","Youmu£®ªÍ∆«—˝√Œ£©","Yuyuko","vexMod","°æ“≈ŒÔø®≈∆°øREMEMod","≤–¡Ù÷ÆŒÔ"],"gold_per_floor":[116,116,136,147,160,160,185,185,209,106,106,122,122,98,98,201,201,211,228,241,258,269,269,269,304,328,428,439,635,635,575,575,674,674,686,907,39,51,70,100,388,403,427,438,452,485,485,519,519,519],"floor_reached":51,"language":"ZHS","playtime":3264,"items_purged":[],"score":840,"play_id":"21ad9083-158d-4894-8ffa-0c9566d7c7a8","local_time":"20210117224039","is_ascension_mode":false,"campfire_choices":[{"floor":6,"key":"REST"},{"data":"AT_ShrugMaster","floor":8,"key":"SMITH"},{"data":"Mini Ghostdom","floor":15,"key":"SMITH"},{"floor":23,"key":"REST"},{"data":"Mini Ghostdom","floor":30,"key":"SMITH"},{"data":"Spear of Papilio","floor":32,"key":"SMITH"},{"data":"REME_BodyOfCthun","floor":49,"key":"SMITH"}],"circlet_count":0,"master_deck":["Fantasy Butterflies","Fantasy Butterflies","Fantasy Butterflies","Fantasy Butterflies","Fantasy Butterflies","Dreamy Sakura","Dreamy Sakura","Dreamy Sakura","Dreamy Sakura","Dreamy Sakura","Deathly Ground","Faramita\u0027s Temptation","AT_ShrugMaster+1","Open The Fan","Injury","Mini Ghostdom+1","Phantom Gift","Snow","Unstable Ward","Dancing Butterflies","The Forgotten Winter+1","Dying Dream+1","Sweet of Phantom+1","Wandering Soul","Bloom+1","Gone","Spear of Papilio+1","Ghostdom Sakura","Gauzy Sakura","Gauzy Sakura","Float on Moon+1","City of Death+1","Nihility+1","Wandering Soul+1","REME_BodyOfCthun+1","Dancing Butterflies+1","Sakura Ward","Open The Fan","City of Death","Redemption of Death","Linger over Flower","Mini Ghostdom","Final of Final","Full Inky Sakura"],"relics":["Coronal","Yuyuko\u0027s fan","REME_ComplimentaryCards","AT_ATBox","NeowsBlessing","vexMod:MemoryStick","RuthlessExorcism:ReiMu","Dota2Spire:MagicBottle","Gensokyo:CelestialsFlawlessClothing","Gensokyo:OccultBall","Juzu Bracelet","Black Star","MutagenicStrength","Pen Nib","ReplayTheSpireMod:TigerMarble","Tiny Chest","TungstenRod","Quantum Egg","Replay:Bronze Core","Replay:Ringing Soul","Guide Book","AT_ArcaneBoots","Gremlin Food","AT_TimeSand","Bronze Scales","Mummified Hand","Replay:Baseball","Toy Ornithopter","HornCleat"],"acts_visited":["Gensokyo:Gensokyo","TheCity","TheBeyond"],"potions_floor_usage":[19,19,25,25,27,42],"damage_taken":[{"damage":1,"enemies":"Gensokyo:2_Kodama","floor":1,"turns":1},{"damage":1,"enemies":"Gensokyo:Python","floor":3,"turns":1},{"damage":5,"enemies":"Gensokyo:3_Fairies","floor":4,"turns":2},{"damage":28,"enemies":"Gensokyo:2_Rabbits","floor":5,"turns":4},{"damage":13,"enemies":"Gensokyo:Cirno","floor":7,"turns":5},{"damage":16,"enemies":"Gensokyo:LivingMonolith","floor":12,"turns":5},{"damage":37,"enemies":"Gensokyo:Yukari","floor":16,"turns":11},{"damage":14,"enemies":"Chosen","floor":18,"turns":6},{"damage":30,"enemies":"2 Thieves","floor":19,"turns":4},{"damage":21,"enemies":"Snake Plant","floor":20,"turns":6},{"damage":4,"enemies":"Snecko","floor":21,"turns":7},{"damage":23,"enemies":"Centurion and Healer","floor":22,"turns":13},{"damage":40,"enemies":"Gremlin Leader","floor":25,"turns":8},{"damage":16,"enemies":"Colosseum Slavers","floor":27,"turns":2},{"damage":52,"enemies":"Colosseum Nobs","floor":27,"turns":5},{"damage":20,"enemies":"Snake Plant","floor":28,"turns":3},{"damage":26,"enemies":"Snecko","floor":29,"turns":5},{"damage":36,"enemies":"Pondfish","floor":33,"turns":10},{"damage":29,"enemies":"3 Shapes","floor":35,"turns":3},{"damage":46,"enemies":"Orb Walker","floor":36,"turns":5},{"damage":5,"enemies":"Writhing Mass","floor":38,"turns":6},{"damage":10,"enemies":"Jaw Worm Horde","floor":39,"turns":2},{"damage":24,"enemies":"Reptomancer","floor":40,"turns":4},{"damage":41,"enemies":"4 Shapes","floor":41,"turns":4},{"damage":41,"enemies":"Transient","floor":42,"turns":5},{"damage":0,"enemies":"Transient","floor":44,"turns":11},{"damage":20,"enemies":"3 Darklings","floor":45,"turns":2},{"damage":3,"enemies":"R_Hoarder","floor":46,"turns":4},{"damage":1,"enemies":"Reptomancer","floor":48,"turns":2},{"damage":21,"enemies":"Donu and Deca","floor":50,"turns":4}],"seed_played":"5247497060706821755","potions_obtained":[{"floor":3,"key":"Energy Potion"},{"floor":4,"key":"Dota2Spire:HealingSalve"},{"floor":16,"key":"Dota2Spire:HealingSalve"},{"floor":20,"key":"GamblersBrew"},{"floor":21,"key":"Gelsemium Tea"},{"floor":27,"key":"Dota2Spire:Clarity"},{"floor":28,"key":"Weak Potion"},{"floor":35,"key":"Ancient Potion"},{"floor":44,"key":"GrandPatriotsElixir:ReiMu"}],"is_trial":false,"path_per_floor":["M","?","M","M","M","R","E","R","T","COS","?","M","?","$","R","B",null,"M","M","M","M","M","R","?","E","T","?","M","M","R","?","R","B",null,"M","M","$","M","M","E","M","M","T","R","M","E","?","E","R","B",null],"character_chosen":"YUYOKO","items_purchased":["Dancing Butterflies","Replay:Ringing Soul","Guide Book","AT_SpeedBoots","Wandering Soul+1","REME_BodyOfCthun"],"campfire_rested":2,"item_purchase_floors":[14,37,37,37,37,37],"current_hp_per_floor":[39,39,39,37,17,29,35,35,35,35,25,35,35,35,35,29,40,34,25,34,39,27,39,39,32,32,35,38,36,36,36,36,31,40,30,32,35,41,40,44,40,51,51,61,44,59,59,61,61,67],"gold":519,"neow_bonus":"THREE_ENEMY_KILL","is_daily":false,"chose_seed":false,"campfire_upgraded":5,"win_rate":0.0,"timestamp":1610894439,"path_taken":["M","?","?","M","M","R","E","R","T","COS","?","M","?","$","R","BOSS","M","M","M","M","M","R","?","E","T","?","M","M","R","?","R","BOSS","M","M","$","M","M","E","M","M","T","R","M","E","?","E","R","BOSS"],"items_purchased_type":["Card","Relic","Relic","Relic","Card","Card"],"build_version":"2020-12-22","purchased_purges":0,"victory":true,"max_hp_per_floor":[40,40,40,40,40,40,40,40,40,40,40,40,40,40,40,40,40,40,40,40,40,40,40,40,40,40,40,40,40,40,40,40,40,40,40,40,43,46,49,52,55,58,58,61,64,67,67,70,70,70],"relic_stats":{"counters":[30,148],"Mummified Hand":[10],"Bronze Scales":[48],"Tiny Chest":0,"Pen Nib":[8],"Juzu Bracelet":0,"Black Star":4,"obtain_stats":[{"vexMod:MemoryStick":2,"AT_ATBox":0,"AT_ArcaneBoots":44,"Juzu Bracelet":16,"AT_TimeSand":40,"Dota2Spire:MagicBottle":9,"Replay:Ringing Soul":37,"HornCleat":48,"Mummified Hand":46,"Coronal":0,"Replay:Bronze Core":34,"Gensokyo:OccultBall":13,"Tiny Chest":26,"Gremlin Food":40,"NeowsBlessing":0,"Quantum Egg":27,"Guide Book":37,"Pen Nib":25,"Gensokyo:CelestialsFlawlessClothing":11,"AT_SpeedBoots":37,"Replay:Baseball":46,"Yuyuko\u0027s fan":0,"MutagenicStrength":24,"Bronze Scales":43,"Black Star":17,"ReplayTheSpireMod:TigerMarble":25,"TungstenRod":27,"Toy Ornithopter":48,"REME_ComplimentaryCards":0,"RuthlessExorcism:ReiMu":7},{"vexMod:MemoryStick":1,"AT_ATBox":0,"AT_ArcaneBoots":26,"Juzu Bracelet":7,"AT_TimeSand":23,"Dota2Spire:MagicBottle":5,"Replay:Ringing Soul":20,"HornCleat":29,"Mummified Hand":28,"Coronal":0,"Replay:Bronze Core":18,"Gensokyo:OccultBall":6,"Tiny Chest":13,"Gremlin Food":23,"NeowsBlessing":0,"Quantum Egg":15,"Guide Book":20,"Pen Nib":13,"Gensokyo:CelestialsFlawlessClothing":5,"AT_SpeedBoots":20,"Replay:Baseball":28,"Yuyuko\u0027s fan":0,"MutagenicStrength":12,"Bronze Scales":25,"Black Star":7,"ReplayTheSpireMod:TigerMarble":13,"TungstenRod":15,"Toy Ornithopter":29,"REME_ComplimentaryCards":0,"RuthlessExorcism:ReiMu":5},{"vexMod:MemoryStick":1,"AT_ATBox":0,"AT_ArcaneBoots":129,"Juzu Bracelet":19,"AT_TimeSand":116,"Dota2Spire:MagicBottle":13,"Replay:Ringing Soul":105,"HornCleat":144,"Mummified Hand":142,"Coronal":0,"Replay:Bronze Core":98,"Gensokyo:OccultBall":18,"Tiny Chest":73,"Gremlin Food":116,"NeowsBlessing":0,"Quantum Egg":80,"Guide Book":105,"Pen Nib":73,"Gensokyo:CelestialsFlawlessClothing":13,"AT_SpeedBoots":105,"Replay:Baseball":142,"Yuyuko\u0027s fan":0,"MutagenicStrength":65,"Bronze Scales":125,"Black Star":29,"ReplayTheSpireMod:TigerMarble":73,"TungstenRod":80,"Toy Ornithopter":144,"REME_ComplimentaryCards":0,"RuthlessExorcism:ReiMu":13}],"TungstenRod":67,"Toy Ornithopter":0},"card_choices":[{"not_picked":["Suicide","Dancing Butterflies"],"picked":"Open The Fan","floor":1},{"not_picked":["Dying Butterflies","Open The Fan"],"picked":"Mini Ghostdom","floor":3},{"not_picked":["The Forgotten Winter","Gather the Spring"],"picked":"Phantom Gift","floor":4},{"not_picked":["Dancing Soul","Gather the Spring"],"picked":"Snow","floor":5},{"not_picked":["Home of Suicide","Full Moon"],"picked":"Snow","floor":7},{"not_picked":["Gather the Spring","City of Death"],"picked":"Unstable Ward","floor":12},{"not_picked":["Remain Here","Home of Suicide"],"picked":"Dying Dream","floor":16},{"not_picked":["Butterflies in Dream+1","Dancing Soul+1"],"picked":"Sweet of Phantom+1","floor":18},{"not_picked":["Phantom Village","Gather the Spring"],"picked":"Wandering Soul","floor":19},{"not_picked":["Monster Cherry Tree","Cerasus Subhirtella"],"picked":"Bloom+1","floor":20},{"not_picked":["Trap Lamp","Become Phantom"],"picked":"Gone","floor":21},{"not_picked":["Snowing Sakura","Chase The Sukhavati"],"picked":"Spear of Papilio","floor":22},{"not_picked":["Unknown Petal+1","Dark Wind"],"picked":"Ghostdom Sakura","floor":25},{"not_picked":["Steamed Phantom+1","Dying Butterflies"],"picked":"Gauzy Sakura","floor":27},{"not_picked":["Triple Snow","Gather the Spring+1"],"picked":"Gauzy Sakura","floor":28},{"not_picked":["The Nether","Dying Dream"],"picked":"Mini Ghostdom","floor":29},{"not_picked":["Unfulfilling Attachment","The Way to Death"],"picked":"Float on Moon","floor":33},{"not_picked":["Sweet of Phantom","Final of Final"],"picked":"City of Death+1","floor":35},{"not_picked":["Dying Butterflies","Bomb"],"picked":"Nihility+1","floor":36},{"not_picked":["End of Faramita+1","All Wander"],"picked":"Dancing Butterflies+1","floor":38},{"not_picked":["Unstable Ward","Dancing Soul"],"picked":"Sakura Ward","floor":39},{"not_picked":["Childlike+1","Explore Ghostdom"],"picked":"Open The Fan","floor":40},{"not_picked":["End of Faramita","Gone"],"picked":"City of Death","floor":41},{"not_picked":["All Wander+1","Bloom"],"picked":"Redemption of Death","floor":42},{"not_picked":["Butterflies in Dream","Trap Lamp"],"picked":"Linger over Flower","floor":44},{"not_picked":["Gone","Ghostdom Sakura+1"],"picked":"Mini Ghostdom","floor":45},{"not_picked":["Reverse The Screen+1","Gather the Spring"],"picked":"Final of Final","floor":46},{"not_picked":["Spear of Papilio","Song of Papilio+1"],"picked":"Full Inky Sakura","floor":48}],"player_experience":139152,"relics_obtained":[{"floor":7,"key":"RuthlessExorcism:ReiMu"},{"floor":9,"key":"Dota2Spire:MagicBottle"},{"floor":16,"key":"Gensokyo:OccultBall"},{"floor":21,"key":"Gensokyo:OccultBall"},{"floor":25,"key":"Pen Nib"},{"floor":25,"key":"ReplayTheSpireMod:TigerMarble"},{"floor":26,"key":"Tiny Chest"},{"floor":27,"key":"TungstenRod"},{"floor":27,"key":"Quantum Egg"},{"floor":29,"key":"Gensokyo:OccultBall"},{"floor":33,"key":"Gensokyo:OccultBall"},{"floor":35,"key":"Gensokyo:OccultBall"},{"floor":40,"key":"Gremlin Food"},{"floor":40,"key":"AT_TimeSand"},{"floor":42,"key":"Gensokyo:OccultBall"},{"floor":43,"key":"Bronze Scales"},{"floor":44,"key":"Gensokyo:OccultBall"},{"floor":46,"key":"Mummified Hand"},{"floor":46,"key":"Replay:Baseball"},{"floor":48,"key":"Toy Ornithopter"},{"floor":48,"key":"HornCleat"}],"event_choices":[{"damage_healed":0,"gold_gain":0,"player_choice":"Inject Mutagens","damage_taken":0,"relics_obtained":["MutagenicStrength"],"max_hp_gain":0,"max_hp_loss":0,"event_name":"Drug Dealer","floor":24,"gold_loss":0},{"damage_healed":0,"gold_gain":0,"player_choice":"Fight","damage_taken":0,"max_hp_gain":0,"max_hp_loss":0,"event_name":"Colosseum","floor":27,"gold_loss":0},{"damage_healed":0,"gold_gain":0,"player_choice":"Fought Nobs","damage_taken":0,"max_hp_gain":0,"max_hp_loss":0,"event_name":"Colosseum","floor":27,"gold_loss":0},{"cards_removed":["Mini Ghostdom"],"damage_healed":0,"gold_gain":0,"player_choice":"Removed Skill","damage_taken":0,"max_hp_gain":0,"max_hp_loss":0,"event_name":"Falling","floor":47,"gold_loss":0}],"is_beta":false,"boss_relics":[{"not_picked":["vexMod:EndlessSickness","Ectoplasm"],"picked":"Black Star"},{"not_picked":["Kintsugi","Velvet Choker"],"picked":"Replay:Bronze Core"}],"items_purged_floors":[],"is_endless":false,"potions_floor_spawned":[3,4,16,18,20,21,27,27,28,35,39,41,44,46],"ascension_level":0}}