{"host":"fxjo6tp1j0b638k6","time":1610887703,"event":{"mods":["BaseMod","Minty Spire (QoL Compilation)","Permanent Neow","Quick Restart","Relic Stats"],"gold_per_floor":[117,117,137,152,202,202,228,228,228,228,328,339,304,335,335,335,335],"floor_reached":16,"language":"ENG","playtime":1108,"items_purged":[],"score":140,"play_id":"5f39da4c-550c-477e-a256-6872014a3d10","local_time":"20210117134823","is_ascension_mode":true,"campfire_choices":[{"data":"Perfected Strike","floor":6.0,"key":"SMITH"},{"data":"Rampage","floor":8.0,"key":"SMITH"},{"floor":15.0,"key":"REST"}],"circlet_count":0,"master_deck":["Strike_R","Strike_R","Strike_R","Strike_R","Strike_R","Defend_R","Defend_R","Defend_R","Defend_R","Bash","Shockwave","Perfected Strike+1","Hemokinesis","Rampage+1","Hemokinesis+1"],"relics":["Black Star","Smiling Mask","Bottled Flame","Singing Bowl","Happy Flower","Molten Egg 2"],"acts_visited":["Exordium"],"potions_floor_usage":[],"damage_taken":[{"damage":15.0,"enemies":"Jaw Worm","floor":1.0,"turns":5.0},{"damage":0.0,"enemies":"2 Louse","floor":3.0,"turns":3.0},{"damage":4.0,"enemies":"Cultist","floor":4.0,"turns":3.0},{"damage":42.0,"enemies":"Lagavulin","floor":7.0,"turns":5.0},{"damage":12.0,"enemies":"Large Slime","floor":12.0,"turns":4.0},{"damage":18.0,"enemies":"Gremlin Nob","floor":14.0,"turns":3.0},{"damage":36,"enemies":"Hexaghost","floor":16,"turns":7}],"seed_played":"933846873188583954","potions_obtained":[{"floor":4.0,"key":"SkillPotion"},{"floor":7.0,"key":"ColorlessPotion"},{"floor":12.0,"key":"Energy Potion"}],"is_trial":false,"path_per_floor":["M","?","M","M","?","R","E","R","T","?","?","M","?","E","R","B"],"character_chosen":"IRONCLAD","items_purchased":[],"campfire_rested":1,"item_purchase_floors":[],"current_hp_per_floor":[57,80,80,76,76,76,34,34,34,34,34,24,44,26,50,14,14],"gold":335,"neow_bonus":"BOSS_RELIC","is_daily":false,"chose_seed":false,"campfire_upgraded":2,"win_rate":0.0,"timestamp":1610887703,"path_taken":["M","?","M","M","?","R","E","R","T","?","?","?","?","E","R","BOSS"],"items_purchased_type":[],"build_version":"2020-12-22","purchased_purges":0,"victory":false,"max_hp_per_floor":[80,80,80,80,80,80,80,80,80,80,80,82,82,82,82,82,82],"relic_stats":{"Singing Bowl":2,"Happy Flower":[2],"counters":[7,30],"Black Star":2,"Smiling Mask":0,"obtain_stats":[{"Bottled Flame":7,"Singing Bowl":9,"Happy Flower":14,"Molten Egg 2":14,"Black Star":0,"Smiling Mask":7,"Burning Blood":0},{"Bottled Flame":4,"Singing Bowl":4,"Happy Flower":6,"Molten Egg 2":6,"Black Star":0,"Smiling Mask":4,"Burning Blood":0},{"Bottled Flame":16,"Singing Bowl":16,"Happy Flower":23,"Molten Egg 2":23,"Black Star":0,"Smiling Mask":16,"Burning Blood":0}]},"card_choices":[{"not_picked":["Sword Boomerang","Warcry"],"picked":"Shockwave","floor":1.0},{"not_picked":["Bloodletting","Flex"],"picked":"Perfected Strike","floor":3.0},{"not_picked":["Headbutt","Armaments"],"picked":"Hemokinesis","floor":4.0},{"not_picked":["Clash","Clothesline"],"picked":"Rampage","floor":7.0},{"not_picked":["Infernal Blade","Seeing Red","True Grit"],"picked":"Singing Bowl","floor":12.0},{"not_picked":["Exhume","Combust"],"picked":"Hemokinesis+1","floor":14.0}],"player_experience":165819,"relics_obtained":[{"floor":7.0,"key":"Smiling Mask"},{"floor":7.0,"key":"Bottled Flame"},{"floor":9.0,"key":"Singing Bowl"},{"floor":14.0,"key":"Happy Flower"},{"floor":14.0,"key":"Molten Egg 2"}],"event_choices":[{"damage_healed":26.0,"max_hp_gain":0.0,"max_hp_loss":0.0,"gold_gain":0.0,"event_name":"Big Fish","player_choice":"Banana","floor":2.0,"gold_loss":0.0,"damage_taken":0.0},{"damage_healed":0.0,"max_hp_gain":0.0,"max_hp_loss":0.0,"gold_gain":50.0,"event_name":"Golden Wing","player_choice":"Gained Gold","floor":5.0,"gold_loss":0.0,"damage_taken":0.0},{"damage_healed":0.0,"max_hp_gain":0.0,"max_hp_loss":0.0,"gold_gain":0.0,"event_name":"Liars Game","player_choice":"Ignored","floor":10.0,"gold_loss":0.0,"damage_taken":0.0},{"damage_healed":0.0,"max_hp_gain":0.0,"max_hp_loss":0.0,"gold_gain":100.0,"event_name":"Golden Shrine","player_choice":"Pray","floor":11.0,"gold_loss":0.0,"damage_taken":0.0},{"damage_healed":20.0,"max_hp_gain":0.0,"max_hp_loss":0.0,"gold_gain":0.0,"event_name":"The Cleric","player_choice":"Healed","floor":13.0,"gold_loss":35.0,"damage_taken":0.0}],"is_beta":false,"boss_relics":[],"items_purged_floors":[],"is_endless":false,"potions_floor_spawned":[4,7,12],"killed_by":"Hexaghost","ascension_level":6}}