{"host":"3498uni0c31c9bdm","time":1610871604,"event":{"mods":["BaseMod","Better Third Choice","Minty Spire (QoL Compilation)","Replay The Spire","StSLib"],"gold_per_floor":[115,63,13,13,26,59,59,86,86,111,111,111,111,130,130,231,231,244,244,244,244,27,27,40,40,40,40,40,69,87,100,100,100,100],"floor_reached":33,"language":"ENG","playtime":1199,"items_purged":[],"score":377,"play_id":"7137ef04-a7cb-481d-9170-69d3e8b5d9fc","local_time":"20210117192004","is_ascension_mode":true,"campfire_choices":[{"floor":7,"key":"REST"},{"floor":11,"key":"REST"},{"floor":13,"key":"REST"},{"floor":15,"key":"REST"},{"floor":23,"key":"REST"},{"floor":25,"key":"RECALL"},{"floor":27,"key":"REST"},{"floor":32,"key":"REST"}],"circlet_count":0,"master_deck":["Strike_B","Strike_B","Strike_B+1","Strike_B","Defend_B","Defend_B","Defend_B+1","Defend_B","Zap","Dualcast","Strike_P+1","Core Surge","Chaos","Genetic Algorithm+1","Streamline","Turbo","Gash","Capacitor","Hello World+1","Amplify","Go for the Eyes","Necronomicurse","Shame","Self Repair+1","Coolheaded","Consume","Beam Cell+1"],"relics":["Cracked Core","ReplayTheSpireMod:Ninjato","Chameleon Ring","Replay:Accelerometer","Pondfish Scales","Frozen Egg 2","Busted Crown","Necronomicon","Replay:WaspNest","Gremlin Food","ReplayTheSpireMod:Shallot","MutagenicStrength","Replay:Ringing Soul"],"acts_visited":["Exordium","TheCity"],"potions_floor_usage":[6,8,8,10,10,16,29,31],"damage_taken":[{"damage":0,"enemies":"Cultist","floor":1,"turns":2},{"damage":16,"enemies":"Small Slimes","floor":5,"turns":3},{"damage":36,"enemies":"Gremlin Nob","floor":6,"turns":4},{"damage":27,"enemies":"Lagavulin","floor":8,"turns":7},{"damage":20,"enemies":"3 Sentries","floor":10,"turns":5},{"damage":3,"enemies":"2 Louse","floor":14,"turns":2},{"damage":19,"enemies":"Hexaghost","floor":16,"turns":9},{"damage":8,"enemies":"Chosen","floor":18,"turns":4},{"damage":23,"enemies":"3 Byrds","floor":24,"turns":5},{"damage":57,"enemies":"Gremlin Leader","floor":29,"turns":5},{"damage":14,"enemies":"3 Cultists","floor":30,"turns":6},{"damage":10,"enemies":"Snake Plant","floor":31,"turns":4},{"damage":64,"enemies":"Champ","floor":33,"turns":13}],"seed_played":"-7576265056498928384","potions_obtained":[{"floor":1,"key":"Doom Potion"},{"floor":4,"key":"Cursed Concoction"},{"floor":4,"key":"Regen Potion"},{"floor":4,"key":"Toxic Potion"},{"floor":6,"key":"Adrenaline Potion"},{"floor":8,"key":"DistilledChaos"},{"floor":14,"key":"Block Potion"},{"floor":24,"key":"PowerPotion"},{"floor":30,"key":"Swift Potion"}],"is_trial":false,"path_per_floor":["M","$","?","?","M","E","R","E","T","E","R","?","R","M","R","B",null,"M","?","?","?","$","R","M","R","T","R","?","E","M","M","R","B"],"character_chosen":"DEFECT","items_purchased":["Genetic Algorithm+1","Gremlin Food","Self Repair+1"],"campfire_rested":7,"item_purchase_floors":[2,22,22],"current_hp_per_floor":[68,68,68,68,52,28,50,23,23,3,25,25,47,44,66,47,68,60,44,44,44,44,66,53,53,53,75,75,31,30,30,54,0,0],"gold":100,"neow_bonus":"THREE_RARE_CARDS","is_daily":false,"chose_seed":false,"campfire_upgraded":0,"win_rate":0.0,"timestamp":1610871604,"path_taken":["M","?","?","?","?","E","R","E","T","E","R","?","R","M","R","BOSS","M","?","?","?","$","R","M","R","T","R","?","E","M","M","R","BOSS"],"items_purchased_type":["Card","Relic","Card"],"build_version":"2020-12-22","purchased_purges":0,"victory":false,"max_hp_per_floor":[75,75,75,75,75,75,75,75,75,75,75,75,75,75,75,75,75,75,75,75,75,75,75,75,75,75,75,75,78,81,81,81,81,81],"card_choices":[{"not_picked":["Amplify","Machine Learning"],"picked":"Core Surge","floor":0},{"not_picked":["Redo","Sweeping Beam"],"picked":"Chaos","floor":1},{"not_picked":["Double Energy","Go for the Eyes"],"picked":"Streamline","floor":5},{"not_picked":["Undo","FTL"],"picked":"Turbo","floor":6},{"not_picked":["Melter","All For One"],"picked":"Gash","floor":8},{"not_picked":["Static Discharge","Ball Lightning"],"picked":"Capacitor","floor":10},{"not_picked":["Go for the Eyes","ReplayTheSpireMod:Repulse"],"picked":"Hello World+1","floor":14},{"not_picked":["Meteor Strike","All For One"],"picked":"Amplify","floor":16},{"not_picked":[],"picked":"Go for the Eyes","floor":18},{"not_picked":[],"picked":"Coolheaded","floor":24},{"not_picked":[],"picked":"Consume","floor":29},{"not_picked":[],"picked":"Beam Cell+1","floor":30},{"not_picked":["Rebound+1"],"picked":"SKIP","floor":31}],"player_experience":693545,"relics_obtained":[{"floor":6,"key":"ReplayTheSpireMod:Ninjato"},{"floor":8,"key":"Chameleon Ring"},{"floor":9,"key":"Replay:Accelerometer"},{"floor":10,"key":"Pondfish Scales"},{"floor":19,"key":"Necronomicon"},{"floor":26,"key":"ReplayTheSpireMod:Shallot"},{"floor":29,"key":"Replay:Ringing Soul"}],"event_choices":[{"cards_removed":["Vigilance"],"damage_healed":0,"gold_gain":0,"player_choice":"Card Removal","damage_taken":0,"max_hp_gain":0,"max_hp_loss":0,"event_name":"The Cleric","floor":3,"gold_loss":50},{"damage_healed":0,"gold_gain":0,"player_choice":"Got Potions","damage_taken":0,"max_hp_gain":0,"max_hp_loss":0,"event_name":"Lab","floor":4,"gold_loss":0},{"damage_healed":0,"gold_gain":0,"player_choice":"Searched \u00272\u0027 times","damage_taken":0,"relics_obtained":["Frozen Egg 2"],"max_hp_gain":0,"max_hp_loss":0,"event_name":"Dead Adventurer","floor":12,"gold_loss":0},{"damage_healed":0,"gold_gain":0,"player_choice":"Obtained Book","damage_taken":16,"max_hp_gain":0,"max_hp_loss":0,"event_name":"Cursed Tome","floor":19,"gold_loss":0},{"damage_healed":0,"gold_gain":0,"player_choice":"Ignored","damage_taken":0,"max_hp_gain":0,"max_hp_loss":0,"event_name":"Ghosts","floor":20,"gold_loss":0},{"damage_healed":0,"gold_gain":0,"player_choice":"Stole Relic","damage_taken":0,"relics_obtained":["Replay:WaspNest"],"max_hp_gain":0,"max_hp_loss":0,"event_name":"Addict","floor":21,"gold_loss":0,"cards_obtained":["Shame"]},{"damage_healed":0,"gold_gain":0,"player_choice":"Inject Mutagens","damage_taken":0,"relics_obtained":["MutagenicStrength"],"max_hp_gain":0,"max_hp_loss":0,"event_name":"Drug Dealer","floor":28,"gold_loss":0}],"is_beta":false,"boss_relics":[{"not_picked":["Fusion Hammer","Runic Dome"],"picked":"Busted Crown"}],"items_purged_floors":[],"is_endless":false,"potions_floor_spawned":[1,6,8,14,24,30],"killed_by":"Champ","ascension_level":7}}