{"host":"1a3cjta80tad0aqj","time":1610881203,"event":{"mods":["2.2 Compatiblity","AchievementEnabler","BaseMod","Colored Map","DeckTracker","KOR Keyword Fix","Keyboard Shortcuts","Minty Spire (QoL Compilation)","Permanent Neow","Quick Restart","Random Character Button","StSLib","SuperFastMode","everything is the same but u backflip on backflip"],"gold_per_floor":[113,126,51,51,69,69,104,104,183,210,238,250,261,289,289,394,444,458,469,207,207,220,250,250,269,296,296,331,331,311,211,211,308,308,328,348,348,348,396,430,430,445,445,445,462,485,154,167,167,167,167,167,7,33,33],"floor_reached":56,"language":"KOR","playtime":3553,"items_purged":["Strike_B","Defend_B","Strike_B"],"score":1255,"play_id":"00ff6e74-49e0-462b-9c1d-3a4c0eb3cfde","local_time":"20210117200003","is_ascension_mode":true,"campfire_choices":[{"floor":6.0,"key":"RECALL"},{"data":"Ball Lightning","floor":8.0,"key":"SMITH"},{"data":"Chill","floor":15.0,"key":"SMITH"},{"floor":24.0,"key":"REST"},{"data":"Streamline","floor":27.0,"key":"SMITH"},{"data":"Creative AI","floor":29.0,"key":"SMITH"},{"data":"Electrodynamics","floor":32.0,"key":"SMITH"},{"floor":41.0,"key":"REST"},{"data":"Consume","floor":44.0,"key":"SMITH"},{"data":"Defragment","floor":49.0,"key":"SMITH"},{"data":"Capacitor","floor":52.0,"key":"SMITH"}],"circlet_count":0,"master_deck":["Strike_B","Strike_B","Defend_B","Defend_B","Zap","Dualcast+1","Ball Lightning+1","Leap","Echo Form","Conserve Battery","Go for the Eyes","Chill+1","Hologram","Sweeping Beam+1","Rebound","Seek","Streamline+1","Stack+1","Creative AI+1","Capacitor+1","Turbo","Sunder+1","Cold Snap+1","Sunder+1","Electrodynamics+1","Core Surge","Coolheaded","Cold Snap+1","Aggregate","Consume+1","Beam Cell","Double Energy+1","Defragment+1","White Noise"],"relics":["Cracked Core","Akabeko","Eternal Feather","Anchor","Odd Mushroom","Bottled Flame","Tiny House","Medical Kit","Art of War","Pen Nib","MealTicket","Inserter","TungstenRod","Potion Belt","MawBank","Membership Card","Cables","Du-Vu Doll"],"acts_visited":["Exordium","TheCity","TheBeyond","TheEnding"],"potions_floor_usage":[55,55,55],"damage_taken":[{"damage":1.0,"enemies":"Jaw Worm","floor":1.0,"turns":3.0},{"damage":0.0,"enemies":"2 Louse","floor":2.0,"turns":2.0},{"damage":1.0,"enemies":"Cultist","floor":5.0,"turns":3.0},{"damage":22.0,"enemies":"3 Sentries","floor":7.0,"turns":7.0},{"damage":8.0,"enemies":"Lagavulin","floor":10.0,"turns":5.0},{"damage":0.0,"enemies":"The Mushroom Lair","floor":11.0,"turns":3.0},{"damage":0.0,"enemies":"3 Louse","floor":12.0,"turns":3.0},{"damage":0.0,"enemies":"Gremlin Gang","floor":13.0,"turns":5.0},{"damage":0.0,"enemies":"3 Sentries","floor":14.0,"turns":7.0},{"damage":33.0,"enemies":"The Guardian","floor":16.0,"turns":11.0},{"damage":0.0,"enemies":"Shell Parasite","floor":18.0,"turns":5.0},{"damage":13.0,"enemies":"3 Byrds","floor":19.0,"turns":5.0},{"damage":14.0,"enemies":"Snecko","floor":22.0,"turns":7.0},{"damage":15.0,"enemies":"Slavers","floor":23.0,"turns":6.0},{"damage":20.0,"enemies":"Snake Plant","floor":25.0,"turns":3.0},{"damage":6.0,"enemies":"Gremlin Leader","floor":28.0,"turns":6.0},{"damage":52.0,"enemies":"Automaton","floor":33.0,"turns":9.0},{"damage":0.0,"enemies":"3 Shapes","floor":35.0,"turns":5.0},{"damage":0.0,"enemies":"Orb Walker","floor":36.0,"turns":2.0},{"damage":35.0,"enemies":"2 Orb Walkers","floor":39.0,"turns":6.0},{"damage":53.0,"enemies":"Nemesis","floor":40.0,"turns":9.0},{"damage":23.0,"enemies":"3 Darklings","floor":42.0,"turns":5.0},{"damage":0.0,"enemies":"4 Shapes","floor":45.0,"turns":6.0},{"damage":14.0,"enemies":"Maw","floor":48.0,"turns":8.0},{"damage":17.0,"enemies":"Awakened One","floor":50.0,"turns":16.0},{"damage":32.0,"enemies":"Shield and Spear","floor":54.0,"turns":8.0},{"damage":70,"enemies":"The Heart","floor":55,"turns":12}],"seed_played":"5667065820715454815","potions_obtained":[{"floor":5.0,"key":"SteroidPotion"},{"floor":10.0,"key":"LiquidMemories"},{"floor":13.0,"key":"Explosive Potion"},{"floor":17.0,"key":"BlessingOfTheForge"},{"floor":18.0,"key":"Energy Potion"},{"floor":25.0,"key":"CultistPotion"},{"floor":33.0,"key":"EssenceOfSteel"},{"floor":42.0,"key":"GamblersBrew"}],"is_trial":false,"path_per_floor":["M","M","$","?","M","R","E","R","T","E","?","M","M","E","R","B",null,"M","M","$","?","M","E","R","M","T","R","E","R","?","$","R","B",null,"M","M","?","?","?","E","R","M","T","R","M","T","$","M","R","B",null,"R","$","E","B",null],"character_chosen":"DEFECT","items_purchased":["Capacitor","Turbo","Medical Kit","Membership Card","Defragment","Cables","Block Potion","FairyPotion","Fire Potion","SpeedPotion"],"campfire_rested":2,"item_purchase_floors":[20,20,20,47,47,47,47,53,53,53],"current_hp_per_floor":[74,74,74,74,73,73,51,51,51,43,43,43,43,43,52,19,80,80,67,67,55,41,26,65,45,45,60,54,69,69,80,80,28,80,80,80,80,80,45,24,66,43,43,61,61,61,76,62,80,63,80,80,80,48,3],"gold":33,"neow_bonus":"UPGRADE_CARD","is_daily":false,"chose_seed":false,"campfire_upgraded":8,"win_rate":0.0,"timestamp":1610881203,"path_taken":["M","M","$","?","M","R","E","R","T","E","?","M","M","E","R","BOSS","M","M","$","?","M","E","R","?","T","R","E","R","?","$","R","BOSS","M","?","?","?","?","E","R","M","T","R","M","?","$","?","R","BOSS","R","$","E","BOSS"],"items_purchased_type":["Card","Card","Relic","Relic","Card","Relic","Potion","Potion","Potion","Potion"],"build_version":"2020-12-22","purchased_purges":3,"victory":true,"max_hp_per_floor":[75,75,75,75,75,75,75,75,75,75,75,75,75,75,75,75,80,80,80,80,80,80,80,80,80,80,80,80,80,80,80,80,80,80,80,80,80,80,80,80,80,80,80,80,80,80,80,80,80,80,80,80,80,80,80],"card_choices":[{"not_picked":["Steam","Compile Driver"],"picked":"Ball Lightning","floor":1.0},{"not_picked":["Darkness","Stack"],"picked":"Leap","floor":2.0},{"not_picked":["Ball Lightning","Beam Cell"],"picked":"Conserve Battery","floor":5.0},{"not_picked":["Rip and Tear","Machine Learning"],"picked":"Go for the Eyes","floor":7.0},{"not_picked":["Stack","Force Field"],"picked":"Chill","floor":10.0},{"not_picked":["Leap","Steam"],"picked":"Stack","floor":11.0},{"not_picked":["Sweeping Beam","Ball Lightning"],"picked":"Hologram","floor":12.0},{"not_picked":["Steam","Barrage"],"picked":"Sweeping Beam","floor":13.0},{"not_picked":["Barrage","Go for the Eyes"],"picked":"Rebound","floor":14.0},{"not_picked":["Buffer","Amplify"],"picked":"Seek","floor":16.0},{"not_picked":["Leap","Go for the Eyes"],"picked":"Streamline","floor":17.0},{"not_picked":["Steam","Beam Cell"],"picked":"Stack+1","floor":18.0},{"not_picked":["Go for the Eyes","Conserve Battery+1"],"picked":"Creative AI","floor":19.0},{"not_picked":["Ball Lightning+1","Redo"],"picked":"Sunder+1","floor":22.0},{"not_picked":["Compile Driver+1","Scrape"],"picked":"Cold Snap+1","floor":23.0},{"not_picked":["Redo","Storm+1"],"picked":"Sunder+1","floor":25.0},{"not_picked":["Coolheaded","Sweeping Beam+1"],"picked":"Electrodynamics","floor":28.0},{"not_picked":["Electrodynamics","Machine Learning"],"picked":"Core Surge","floor":33.0},{"not_picked":["Force Field","Steam+1"],"picked":"Coolheaded","floor":35.0},{"not_picked":["Sunder+1","Go for the Eyes"],"picked":"Cold Snap+1","floor":36.0},{"not_picked":["Gash+1","Redo+1"],"picked":"Aggregate","floor":39.0},{"not_picked":["Gash","Leap"],"picked":"Consume","floor":40.0},{"not_picked":["Stack","Leap"],"picked":"Beam Cell","floor":42.0},{"not_picked":["Echo Form","Steam Power+1"],"picked":"Double Energy+1","floor":45.0},{"not_picked":["Redo","Chill"],"picked":"White Noise","floor":48.0},{"not_picked":["Scrape","Steam","Rip and Tear"],"picked":"SKIP","floor":54.0}],"player_experience":700421,"relics_obtained":[{"floor":7.0,"key":"Akabeko"},{"floor":9.0,"key":"Eternal Feather"},{"floor":10.0,"key":"Anchor"},{"floor":11.0,"key":"Odd Mushroom"},{"floor":14.0,"key":"Bottled Flame"},{"floor":23.0,"key":"Art of War"},{"floor":26.0,"key":"Pen Nib"},{"floor":28.0,"key":"MealTicket"},{"floor":39.0,"key":"TungstenRod"},{"floor":40.0,"key":"Potion Belt"},{"floor":46.0,"key":"MawBank"},{"floor":54.0,"key":"Du-Vu Doll"}],"event_choices":[{"damage_healed":0.0,"max_hp_gain":0.0,"max_hp_loss":0.0,"gold_gain":0.0,"cards_transformed":["Defend_B"],"event_name":"Living Wall","player_choice":"Change","floor":4.0,"gold_loss":0.0,"damage_taken":0.0,"cards_obtained":["Echo Form"]},{"damage_healed":0.0,"max_hp_gain":0.0,"max_hp_loss":0.0,"gold_gain":0.0,"event_name":"Mushrooms","player_choice":"Fought Mushrooms","floor":11.0,"gold_loss":0.0,"damage_taken":0.0},{"damage_healed":0.0,"max_hp_gain":0.0,"max_hp_loss":0.0,"gold_gain":0.0,"event_name":"Knowing Skull","player_choice":"POTION ","floor":21.0,"potions_obtained":["FairyPotion"],"gold_loss":0.0,"damage_taken":12.0,"cards_obtained":[]},{"damage_healed":0.0,"max_hp_gain":0.0,"max_hp_loss":0.0,"gold_gain":0.0,"event_name":"The Woman in Blue","player_choice":"Bought 1 Potion","floor":30.0,"gold_loss":0.0,"damage_taken":0.0},{"cards_removed":["Stack"],"damage_healed":0.0,"max_hp_gain":0.0,"max_hp_loss":0.0,"gold_gain":0.0,"event_name":"Falling","player_choice":"Removed Skill","floor":37.0,"gold_loss":0.0,"damage_taken":0.0},{"damage_healed":0.0,"max_hp_gain":0.0,"max_hp_loss":0.0,"gold_gain":0.0,"event_name":"Tomb of Lord Red Mask","player_choice":"Ignored","floor":38.0,"gold_loss":0.0,"damage_taken":0.0},{"damage_healed":0.0,"max_hp_gain":0.0,"max_hp_loss":0.0,"gold_gain":0.0,"event_name":"Mysterious Sphere","player_choice":"Fight","floor":39.0,"gold_loss":0.0,"damage_taken":0.0}],"is_beta":false,"boss_relics":[{"not_picked":["Snecko Eye","Ectoplasm"],"picked":"Tiny House"},{"not_picked":["Coffee Dripper","Empty Cage"],"picked":"Inserter"}],"items_purged_floors":[3,31,53],"is_endless":false,"potions_floor_spawned":[5,10,13,18,25,28,33,42],"ascension_level":1}}