{"host":"5gc11emcm5chfr5t","time":1610859061,"event":{"mods":["2.2 Compatiblity","AchievementEnabler","BaseMod","Bestiary","Better Note","Colored Map","Colored Powertips","Downfall","Googly Eyes","Minty Spire (QoL Compilation)","Rare Cards Sparkle","StSLib"],"gold_per_floor":[99,119,119,131,131,149,149,166,185,218,231,44,44,64,78,152,152,52,70,82,67,67,86,86,86,86,86,120,139,29,29,40,40,40],"floor_reached":33,"language":"ENG","playtime":1413,"items_purged":[],"score":592,"play_id":"dcea10c8-8b81-4396-bfaf-0a18c917a333","local_time":"20210116235101","is_ascension_mode":true,"campfire_choices":[{"floor":1,"key":"RECALL"},{"floor":18,"key":"REST"},{"floor":25,"key":"REST"},{"floor":27,"key":"REST"}],"circlet_count":0,"master_deck":["AscendersBane","sneckomod:Strike","sneckomod:Defend","sneckomod:Defend","sneckomod:Defend","sneckomod:TailWhip","sneckomod:SnekBite","sneckomod:Unknown","sneckomod:Unknown","sneckomod:QuickMove","sneckomod:QuickMove+1","sneckomod:QuickMove","sneckomod:UnknownDraw","sneckomod:ImprovisedAttack","sneckomod:QuickBite","sneckomod:UnknownClassBLUE","sneckomod:MorePower","Bandage Up","sneckomod:DangerNoodle","sneckomod:UnknownRarePower+1","sneckomod:SnekBeam","sneckomod:UnknownDraw+1","sneckomod:UnknownBoss+1","sneckomod:UnknownRareSkill","sneckomod:UnknownUncommonPower+1","sneckomod:QuickMove","sneckomod:UnknownStrike+1","sneckomod:UnknownStrike","sneckomod:UnknownUncommonSkill+1","hexamod:SixthSeal","sneckomod:TrashToTreasure","sneckomod:UnknownRareSkill+1","sneckomod:UnknownExhaust+1","sneckomod:CheapStock","sneckomod:UnknownBoss+1","sneckomod:QuickBite+1","sneckomod:SnakeSap+1","sneckomod:Rotation","sneckomod:UnendingSupply","sneckomod:UnknownClassTHE_CHAMP_GRAY","sneckomod:CheapStock","downfall:Bewildered","sneckomod:Restock","Slimebound:LeechingTouch"],"relics":["Fusion Hammer","Mercury Hourglass","Philosopher\u0027s Stone","downfall:HeartBlessingRed","Du-Vu Doll","MutagenicStrength","Bottled Flame","Meat on the Bone","Orrery","sneckomod:BabySnecko"],"acts_visited":["Exordium","TheCity"],"potions_floor_usage":[10,10,12,16,20,21,30,33],"damage_taken":[{"damage":11,"enemies":"2 Louse","floor":2,"turns":3},{"damage":7,"enemies":"Jaw Worm","floor":4,"turns":3},{"damage":0,"enemies":"Cultist","floor":6,"turns":3},{"damage":10,"enemies":"Exordium Thugs","floor":8,"turns":5},{"damage":0,"enemies":"Blue Slaver","floor":9,"turns":2},{"damage":32,"enemies":"3 Sentries","floor":10,"turns":12},{"damage":4,"enemies":"Exordium Wildlife","floor":11,"turns":3},{"damage":0,"enemies":"downfall:FleeingMerchant","floor":12,"turns":4},{"damage":10,"enemies":"Large Slime","floor":14,"turns":5},{"damage":0,"enemies":"3 Louse","floor":15,"turns":3},{"damage":49,"enemies":"IC_STATUS_ARCHETYPE","floor":16,"turns":10},{"damage":0,"enemies":"Spheric Guardian","floor":19,"turns":1},{"damage":4,"enemies":"Shelled Parasite and Fungi","floor":20,"turns":5},{"damage":0,"enemies":"downfall:FleeingMerchant","floor":21,"turns":4},{"damage":52,"enemies":"Centurion and Healer","floor":23,"turns":8},{"damage":52,"enemies":"Slavers","floor":28,"turns":4},{"damage":19,"enemies":"Sentry and Sphere","floor":29,"turns":6},{"damage":25,"enemies":"downfall:FleeingMerchant","floor":30,"turns":4},{"damage":0,"enemies":"Snake Plant","floor":32,"turns":1},{"damage":43,"enemies":"WA_ARCHETYPE_CALM","floor":33,"turns":5}],"seed_played":"6933820159521392813","potions_obtained":[{"floor":4,"key":"Regen Potion"},{"floor":6,"key":"EntropicBrew"},{"floor":13,"key":"Regen Potion"},{"floor":19,"key":"AttackPotion"},{"floor":29,"key":"sneckomod:DiceRollPotion"},{"floor":32,"key":"Ancient Potion"}],"is_trial":false,"path_per_floor":["R","M","?","M","?","M","T","M","M","E","M","$","?","M","M","B",null,"R","M","M","$","?","M","T","R","?","R","E","M","$","?","M","B"],"character_chosen":"THE_SNECKO","items_purchased":["Bandage Up","sneckomod:DangerNoodle","Meat on the Bone","Orrery"],"campfire_rested":3,"item_purchase_floors":[12,12,30,30],"current_hp_per_floor":[75,71,71,64,64,64,64,54,54,37,33,33,33,27,31,1,63,83,83,79,83,83,31,31,55,55,79,31,26,8,8,20,0,0],"gold":40,"neow_bonus":"BOSS_RELIC","is_daily":false,"chose_seed":false,"campfire_upgraded":0,"win_rate":0.0,"timestamp":1610859061,"path_taken":["R","M","?","M","?","?","T","M","M","E","M","?","?","M","M","BOSS","R","M","M","$","?","M","T","R","?","R","E","M","?","?","M","BOSS"],"items_purchased_type":["Card","Card","Relic","Relic"],"build_version":"2020-12-22","purchased_purges":0,"victory":false,"max_hp_per_floor":[83,83,83,83,83,83,83,83,83,83,83,83,83,83,83,83,83,83,83,83,83,83,83,83,83,83,83,83,83,83,83,83,83,83],"card_choices":[{"not_picked":["sneckomod:QuickBite","sneckomod:UnknownClassTHE_CHAMP_GRAY"],"picked":"sneckomod:QuickMove","floor":2},{"not_picked":["sneckomod:UnknownDraw","sneckomod:DiceBlock"],"picked":"sneckomod:QuickMove","floor":4},{"not_picked":["sneckomod:IronFang","sneckomod:SerpentMind"],"picked":"sneckomod:QuickMove","floor":6},{"not_picked":["sneckomod:UnknownClassGUARDIAN","sneckomod:MasterEye"],"picked":"sneckomod:UnknownDraw","floor":8},{"not_picked":["sneckomod:UnknownClassGREEN","sneckomod:UnknownClassTHE_BRONZE_AUTOMATON"],"picked":"sneckomod:ImprovisedAttack","floor":9},{"not_picked":["sneckomod:UnknownUncommonSkill","sneckomod:DefensiveFlair"],"picked":"sneckomod:QuickBite","floor":10},{"not_picked":["sneckomod:UnknownDexterity","sneckomod:Nope"],"picked":"sneckomod:UnknownClassBLUE","floor":11},{"not_picked":["sneckomod:UnknownClassBLUE","sneckomod:Unknown1Cost"],"picked":"sneckomod:MorePower","floor":12},{"not_picked":["sneckomod:Unknown+1","sneckomod:UnknownClassPURPLE+1"],"picked":"sneckomod:UnknownRarePower+1","floor":14},{"not_picked":["sneckomod:UnknownBlock","sneckomod:DiceCrush"],"picked":"sneckomod:SnekBeam","floor":14},{"not_picked":["sneckomod:MixItUp","sneckomod:QuickMove"],"picked":"sneckomod:UnknownDraw","floor":15},{"not_picked":["sneckomod:Unknown+1","sneckomod:UnknownStrength+1"],"picked":"sneckomod:UnknownBoss+1","floor":16},{"not_picked":["sneckomod:UnknownBoss","sneckomod:Mudshield"],"picked":"sneckomod:UnknownRareSkill","floor":16},{"not_picked":["sneckomod:UnknownClassBLUE","sneckomod:IronFang"],"picked":"sneckomod:UnknownCommonAttack+1","floor":19},{"not_picked":["sneckomod:UnknownClassRED+1","sneckomod:UnknownCommonSkill+1"],"picked":"sneckomod:UnknownUncommonPower+1","floor":20},{"not_picked":["sneckomod:UnknownClassGREEN","sneckomod:Nope"],"picked":"sneckomod:QuickMove","floor":20},{"not_picked":["sneckomod:Unknown0Cost+1","sneckomod:UnknownClassGREEN+1"],"picked":"sneckomod:UnknownStrike+1","floor":21},{"not_picked":["sneckomod:UnknownCommonSkill","sneckomod:UnknownClassGUARDIAN"],"picked":"sneckomod:UnknownStrike","floor":21},{"not_picked":["sneckomod:Unknown1Cost+1","sneckomod:UnknownBlock+1"],"picked":"sneckomod:UnknownUncommonSkill+1","floor":23},{"not_picked":["hexamod:SecondSeal","hexamod:FourthSeal"],"picked":"hexamod:SixthSeal","floor":23},{"not_picked":["sneckomod:UnknownClassGREEN","sneckomod:Mudshield"],"picked":"sneckomod:TrashToTreasure","floor":23},{"not_picked":["sneckomod:UnknownExhaust+1","sneckomod:UnknownClassGUARDIAN+1"],"picked":"sneckomod:UnknownRareSkill+1","floor":28},{"not_picked":["sneckomod:CheapStock","sneckomod:UnknownClassBLUE"],"picked":"sneckomod:Memorize+1","floor":28},{"not_picked":["sneckomod:Unknown1Cost+1","sneckomod:Unknown2Cost+1"],"picked":"sneckomod:UnknownExhaust+1","floor":29},{"not_picked":["sneckomod:DiceBoulder","sneckomod:Unknown0Cost"],"picked":"sneckomod:CheapStock","floor":29},{"not_picked":["sneckomod:UnknownClassGREEN+1","sneckomod:UnknownDexterity+1"],"picked":"sneckomod:UnknownBoss+1","floor":30},{"not_picked":["sneckomod:UnknownExhaust","sneckomod:UnknownClassPURPLE"],"picked":"sneckomod:QuickBite+1","floor":30},{"not_picked":["sneckomod:ImprovisedGuard","sneckomod:UnknownClassBLUE+1"],"picked":"sneckomod:SnakeSap+1","floor":30},{"not_picked":["sneckomod:MasterEye+1","sneckomod:UnknownClassTHE_BRONZE_AUTOMATON"],"picked":"sneckomod:Rotation","floor":30},{"not_picked":["sneckomod:UnknownBlock","sneckomod:SerpentIdol"],"picked":"sneckomod:UnendingSupply","floor":30},{"not_picked":["sneckomod:UnknownVulnerable","sneckomod:MasterEye"],"picked":"sneckomod:UnknownClassTHE_CHAMP_GRAY","floor":30},{"not_picked":["sneckomod:Unknown1Cost","sneckomod:DefensiveFlair"],"picked":"sneckomod:CheapStock","floor":30},{"not_picked":["sneckomod:SoulRoll","sneckomod:SoulDraw"],"picked":"sneckomod:Restock","floor":32}],"player_experience":551361,"relics_obtained":[{"floor":10,"key":"Mercury Hourglass"},{"floor":24,"key":"Du-Vu Doll"},{"floor":28,"key":"Bottled Flame"}],"event_choices":[{"damage_healed":0,"gold_gain":0,"player_choice":"Got Potions","damage_taken":0,"max_hp_gain":0,"max_hp_loss":0,"event_name":"Lab","floor":13,"gold_loss":0},{"damage_healed":0,"gold_gain":0,"player_choice":"Ignored","damage_taken":0,"max_hp_gain":0,"max_hp_loss":0,"event_name":"Ghosts","floor":22,"gold_loss":0},{"damage_healed":0,"gold_gain":0,"player_choice":"Inject Mutagens","damage_taken":0,"relics_obtained":["MutagenicStrength"],"max_hp_gain":0,"max_hp_loss":0,"event_name":"Drug Dealer","floor":26,"gold_loss":0}],"is_beta":false,"boss_relics":[{"not_picked":["Runic Dome","Empty Cage"],"picked":"Philosopher\u0027s Stone"}],"items_purged_floors":[],"is_endless":false,"potions_floor_spawned":[4,6,9,14,19,29,32],"killed_by":"WA_ARCHETYPE_CALM","ascension_level":20}}