{"host":"2ica2wc1gg7guzbw","time":1610897751,"event":{"mods":["BaseMod","Colored Map","Minty Spire (QoL Compilation)","Replay The Spire","Shop Mod","StSLib"],"gold_per_floor":[116,81,231,81,94,121,134,166,166,195,24,24,34,56,56,135,135,155,155,155],"floor_reached":19,"language":"RUS","playtime":677,"items_purged":["Doubt"],"score":420,"play_id":"87326303-4ca8-4e99-bea8-77d68e0bfa0d","local_time":"20210117193551","is_ascension_mode":true,"campfire_choices":[{"floor":12.0,"key":"REST"},{"floor":15.0,"key":"REST"}],"circlet_count":0,"master_deck":["AscendersBane","Strike_B","Strike_B","Strike_B","Strike_B","Defend_B","Defend_B","Defend_B","Defend_B","Zap","Dualcast","Streamline","FIFO Queue","Turbo","Conserve Battery","BootSequence","Rip and Tear","Blizzard","Defragment+1","Hologram","Cold Snap","Buffer+1","FTL","BasicCrystalCard"],"relics":["Cracked Core","NeowsBlessing","Snack Pack","Potion Belt","Frozen Egg 2","Lantern","Happy Flower","Prayer Wheel","Odd Mushroom","Black Star"],"acts_visited":["Exordium","TheCity"],"potions_floor_usage":[19],"damage_taken":[{"damage":0.0,"enemies":"2 Louse","floor":1.0,"turns":1.0},{"damage":0.0,"enemies":"Small Slimes","floor":5.0,"turns":1.0},{"damage":0.0,"enemies":"Gremlin Nob","floor":6.0,"turns":1.0},{"damage":5.0,"enemies":"Jaw Worm","floor":7.0,"turns":2.0},{"damage":26.0,"enemies":"3 Sentries","floor":8.0,"turns":9.0},{"damage":36.0,"enemies":"Gremlin Nob","floor":10.0,"turns":4.0},{"damage":12.0,"enemies":"Lots of Slimes","floor":13.0,"turns":4.0},{"damage":2.0,"enemies":"The Mushroom Lair","floor":14.0,"turns":3.0},{"damage":41.0,"enemies":"Hexaghost","floor":16.0,"turns":11.0},{"damage":9,"enemies":"Chosen","floor":18,"turns":5},{"damage":5,"enemies":"3 Byrds","floor":19,"turns":3}],"seed_played":"7163087058691915392","potions_obtained":[{"floor":6.0,"key":"Dexterity Potion"},{"floor":10.0,"key":"SkillPotion"},{"floor":13.0,"key":"Fire Potion"},{"floor":18,"key":"Adrenaline Potion"}],"is_trial":false,"path_per_floor":["M","?","?","$","M","E","M","E","T","E","$","R","M","?","R","B",null,"M","M"],"character_chosen":"DEFECT","items_purchased":["FIFO Queue","Happy Flower"],"campfire_rested":2,"item_purchase_floors":[4,11],"current_hp_per_floor":[64,71,71,71,71,71,66,42,42,6,6,27,19,17,38,3,54,45,42,42],"gold":155,"neow_bonus":"THREE_ENEMY_KILL","is_daily":false,"chose_seed":false,"campfire_upgraded":0,"win_rate":0.0,"timestamp":1610897751,"path_taken":["M","?","?","$","M","E","M","E","T","E","$","R","M","?","R","BOSS","M","M"],"items_purchased_type":["Card","Relic"],"build_version":"2020-12-22","purchased_purges":1,"victory":false,"max_hp_per_floor":[71,71,71,71,71,71,71,71,71,71,71,71,71,71,71,71,71,71,71,71],"card_choices":[{"not_picked":["Beam Cell","Compile Driver"],"picked":"Streamline","floor":1.0},{"not_picked":["ReplaySolidLightProjector","Recycle"],"picked":"Turbo","floor":5.0},{"not_picked":["Hologram","Rebound"],"picked":"Conserve Battery","floor":6.0},{"not_picked":["Stack","Sweeping Beam"],"picked":"BootSequence","floor":7.0},{"not_picked":["Stack","Recycle"],"picked":"Rip and Tear","floor":8.0},{"not_picked":["Reinforced Body","Leap"],"picked":"Blizzard","floor":10.0},{"not_picked":["Coolheaded","ReplayTheSpireMod:Repulse"],"picked":"Defragment+1","floor":13.0},{"not_picked":["Consume","Compile Driver"],"picked":"Hologram","floor":13.0},{"not_picked":["Panic Button","Biased Cognition+1"],"picked":"Cold Snap","floor":14.0},{"not_picked":["Hyperbeam","Mirror Shield"],"picked":"Buffer+1","floor":16.0},{"not_picked":["Compile Driver","Redo"],"picked":"FTL","floor":18},{"not_picked":["Gash","Hologram"],"picked":"BasicCrystalCard","floor":18}],"player_experience":910444,"relics_obtained":[{"floor":6.0,"key":"Snack Pack"},{"floor":8.0,"key":"Potion Belt"},{"floor":9.0,"key":"Frozen Egg 2"},{"floor":10.0,"key":"Lantern"},{"floor":14.0,"key":"Odd Mushroom"}],"event_choices":[{"damage_healed":17.0,"max_hp_gain":0.0,"max_hp_loss":0.0,"gold_gain":0.0,"event_name":"The Cleric","player_choice":"Healed","floor":2.0,"gold_loss":35.0,"damage_taken":0.0},{"damage_healed":0.0,"max_hp_gain":0.0,"max_hp_loss":0.0,"gold_gain":150.0,"event_name":"Liars Game","player_choice":"AGREE","floor":3.0,"gold_loss":0.0,"damage_taken":0.0,"cards_obtained":["Doubt"]},{"damage_healed":0.0,"max_hp_gain":0.0,"max_hp_loss":0.0,"gold_gain":0.0,"event_name":"Mushrooms","player_choice":"Fought Mushrooms","floor":14.0,"gold_loss":0.0,"damage_taken":0.0}],"is_beta":false,"boss_relics":[{"not_picked":["Empty Cage","SlaversCollar"],"picked":"Black Star"}],"items_purged_floors":[4],"is_endless":false,"potions_floor_spawned":[6,10,13,18],"killed_by":"3 Byrds","ascension_level":20}}