{"host":"uyrebrj0204enqpc","time":1610914511,"event":{"mods":["Act Like it!","Bard","BaseMod","Block Reminder","Challenge The Spire","Colored Map","Colored Powertips","DeckTracker","Downfall","GifTheSpireLib","HexUI Lib","Highlight Path","Hubris","Infinite Spire","Minty Spire (QoL Compilation)","Pale of the Ancients","Quick Restart","Random Character Button","Relic Sorter","Relic Stats","Shop Mod","StSLib","The Blue Laboratory","The Bug Knight","The Cursed","The Jungle","The Marked","Wandering Minibosses"],"gold_per_floor":[115,115,115,125,137,170,170,170,170,95,95,114,145,185,185,314,314,339,339,84,84,84,84,420,441,515,529,529,550,550,465,465,594,594,619,619,619,635,635,635,635,635],"floor_reached":41,"language":"ENG","playtime":1475,"items_purged":["bronze:Strike","bronze:Strike"],"score":415,"play_id":"be1f6430-5403-4473-9db4-048fcdbdf849","local_time":"20210117151511","is_ascension_mode":false,"campfire_choices":[{"data":"bronze:Replicate","floor":7.0,"key":"SMITH"},{"floor":11.0,"key":"REST"},{"data":"bronze:Terminator","floor":15.0,"key":"SMITH"},{"data":"bronze:Flail","floor":23.0,"key":"SMITH"},{"data":"bronze:Safeguard","floor":28.0,"key":"SMITH"},{"data":"bronze:Invalidate","floor":30.0,"key":"SMITH"},{"data":"bronze:Goto","floor":32.0,"key":"SMITH"},{"floor":40.0,"key":"REST"}],"circlet_count":0,"master_deck":["bronze:Strike","bronze:Strike","bronze:Defend","bronze:Defend+1","bronze:Defend+1","bronze:Replicate+1","bronze:Goto+1","bronze:BronzeArmor","bronze:Invalidate+1","bronze:FineTuning","bronze:Terminator+1","bronze:Flail+1","bronze:InfiniteLoop+1","bronze:Safeguard+1","bronze:FineTuning+1","bronze:HardenedForm","wanderingMiniBosses:FinaleOfPromise","bronze:Constructor+1"],"relics":["bronze:BronzeCore","infinitespire:Beetle Shell","hubris:Metronome","Golden Idol","hubris:Reverence","Odd Mushroom","infinitespire:PuzzleCube","Black Star","hubris:TenFootPole","Old Coin","Nunchaku","Mango","Busted Crown","wanderingMiniBosses:Blackblade","hubris:Towel"],"acts_visited":["Exordium","TheCity","TheBeyond"],"potions_floor_usage":[],"damage_taken":[{"damage":6.0,"enemies":"Jaw Worm","floor":1.0,"turns":4.0},{"damage":0.0,"enemies":"2 Louse","floor":4.0,"turns":2.0},{"damage":0.0,"enemies":"Small Slimes","floor":5.0,"turns":2.0},{"damage":26.0,"enemies":"Gremlin Nob","floor":6.0,"turns":6.0},{"damage":3.0,"enemies":"Exordium Wildlife","floor":12.0,"turns":4.0},{"damage":1.0,"enemies":"The Mushroom Lair","floor":13.0,"turns":3.0},{"damage":13.0,"enemies":"3 Sentries","floor":14.0,"turns":7.0},{"damage":6.0,"enemies":"Hexaghost","floor":16.0,"turns":5.0},{"damage":5.0,"enemies":"3 Byrds","floor":18.0,"turns":5.0},{"damage":10.0,"enemies":"Gremlin Leader","floor":24.0,"turns":4.0},{"damage":14.0,"enemies":"2 Thieves","floor":25.0,"turns":3.0},{"damage":10.0,"enemies":"Snecko","floor":27.0,"turns":3.0},{"damage":0.0,"enemies":"Centurion and Healer","floor":29.0,"turns":4.0},{"damage":34.0,"enemies":"Automaton","floor":33.0,"turns":6.0},{"damage":26.0,"enemies":"Orb Walker","floor":35.0,"turns":7.0},{"damage":20.0,"enemies":"3 Darklings","floor":38.0,"turns":2.0},{"damage":19.0,"enemies":"infinitespire:Three Voidlings","floor":39.0,"turns":2.0},{"damage":46,"enemies":"Nemesis","floor":41,"turns":2}],"seed_played":"5599029805369616565","potions_obtained":[{"floor":4.0,"key":"blueLaboratory:BubblePotion"},{"floor":12.0,"key":"GamblersBrew"},{"floor":18.0,"key":"SteroidPotion"},{"floor":35.0,"key":"CultistPotion"}],"is_trial":false,"path_per_floor":["M","?","?","M","M","E","R","?","T","$","R","M","?","E","R","B",null,"M","?","$","?","$","R","E","M","T","M","R","M","R","?","R","B",null,"M","?","?","M","?","R","E"],"character_chosen":"THE_AUTOMATON","items_purchased":["hubris:TenFootPole"],"campfire_rested":2,"item_purchase_floors":[20],"current_hp_per_floor":[64,50,43,43,43,17,17,17,17,17,36,33,32,19,19,13,65,60,60,60,60,60,60,50,36,36,26,26,26,26,40,40,6,79,53,53,53,33,14,37,0,0],"gold":635,"neow_bonus":"RANDOM_COMMON_RELIC","is_daily":false,"chose_seed":false,"campfire_upgraded":6,"win_rate":0.0,"timestamp":1610914511,"path_taken":["M","?","?","M","M","E","R","?","T","$","R","M","?","E","R","BOSS","M","?","$","?","?","R","E","M","T","M","R","M","R","?","R","BOSS","M","?","?","M","?","R","E"],"items_purchased_type":["Relic"],"build_version":"2020-12-22","purchased_purges":2,"victory":false,"max_hp_per_floor":[70,70,70,70,70,70,70,65,65,65,65,65,65,65,65,65,65,65,65,65,65,65,65,65,65,65,65,65,65,65,79,79,79,79,79,79,79,79,79,79,79,79],"relic_stats":{"Nunchaku":[7],"Busted Crown":10,"counters":[18,71],"Golden Idol":101,"Black Star":1,"obtain_stats":[{"hubris:Metronome":6,"bronze:BronzeCore":0,"Golden Idol":8,"Mango":31,"infinitespire:Beetle Shell":0,"Odd Mushroom":13,"hubris:Towel":37,"Old Coin":24,"Nunchaku":24,"Busted Crown":34,"wanderingMiniBosses:Blackblade":35,"Black Star":17,"hubris:TenFootPole":20,"infinitespire:PuzzleCube":14,"hubris:Reverence":9},{"hubris:Metronome":4,"bronze:BronzeCore":0,"Golden Idol":4,"Mango":13,"infinitespire:Beetle Shell":0,"Odd Mushroom":6,"hubris:Towel":15,"Old Coin":10,"Nunchaku":10,"Busted Crown":14,"wanderingMiniBosses:Blackblade":15,"Black Star":8,"hubris:TenFootPole":9,"infinitespire:PuzzleCube":7,"hubris:Reverence":4},{"hubris:Metronome":14,"bronze:BronzeCore":0,"Golden Idol":14,"Mango":52,"infinitespire:Beetle Shell":0,"Odd Mushroom":21,"hubris:Towel":65,"Old Coin":42,"Nunchaku":42,"Busted Crown":58,"wanderingMiniBosses:Blackblade":65,"Black Star":33,"hubris:TenFootPole":38,"infinitespire:PuzzleCube":28,"hubris:Reverence":14}]},"card_choices":[{"not_picked":["bronze:CutThrough","bronze:Deprecate"],"picked":"bronze:BronzeArmor","floor":1.0},{"not_picked":["bronze:Turbo","bronze:CutThrough"],"picked":"bronze:Invalidate","floor":4.0},{"not_picked":["bronze:Invalidate","bronze:NullPointer"],"picked":"bronze:FineTuning","floor":5.0},{"not_picked":["bronze:AlphaBuild","bronze:BronzeOrb","bronze:Fortify"],"picked":"SKIP","floor":6.0},{"not_picked":["bronze:BronzeArmor","bronze:BuggyMess","bronze:Branch"],"picked":"SKIP","floor":12.0},{"not_picked":["bronze:Fortify","bronze:Return"],"picked":"bronze:Terminator","floor":13.0},{"not_picked":["bronze:ForLoop","bronze:BronzeOrb"],"picked":"bronze:Flail","floor":14.0},{"not_picked":["bronze:HyperBeam","bronze:ShipIt"],"picked":"bronze:InfiniteLoop","floor":16.0},{"not_picked":["bronze:Branch","bronze:ItsAFeature+1","bronze:BugBarrage"],"picked":"SKIP","floor":18.0},{"not_picked":["bronze:FindAndReplace","bronze:Frontload","bronze:Overheat"],"picked":"SKIP","floor":24.0},{"not_picked":["bronze:DelayedSlice","bronze:BugBarrage"],"picked":"bronze:Safeguard","floor":25.0},{"not_picked":["bronze:OilSpill","bronze:DarkDash"],"picked":"bronze:FineTuning+1","floor":27.0},{"not_picked":["bronze:DigitalCarnage","bronze:Iterate","bronze:Fortify"],"picked":"SKIP","floor":29.0},{"not_picked":["bronze:Break","bronze:Mutator"],"picked":"bronze:HardenedForm","floor":33.0},{"not_picked":[],"picked":"wanderingMiniBosses:FinaleOfPromise","floor":35.0},{"not_picked":["bronze:Iterate"],"picked":"SKIP","floor":35.0},{"not_picked":[],"picked":"bronze:Constructor+1","floor":38.0}],"player_experience":1060328,"relics_obtained":[{"floor":6.0,"key":"hubris:Metronome"},{"floor":9.0,"key":"hubris:Reverence"},{"floor":13.0,"key":"Odd Mushroom"},{"floor":14.0,"key":"infinitespire:PuzzleCube"},{"floor":24.0,"key":"Old Coin"},{"floor":24.0,"key":"Nunchaku"},{"floor":35.0,"key":"wanderingMiniBosses:Blackblade"}],"event_choices":[{"damage_healed":0.0,"max_hp_gain":0.0,"max_hp_loss":0.0,"gold_gain":0.0,"event_name":"Shining Light","player_choice":"Entered Light","floor":2.0,"gold_loss":0.0,"damage_taken":14.0,"cards_upgraded":["bronze:Defend","bronze:Defend"]},{"cards_removed":["bronze:Defend"],"damage_healed":0.0,"max_hp_gain":0.0,"max_hp_loss":0.0,"gold_gain":0.0,"event_name":"Golden Wing","player_choice":"Card Removal","floor":3.0,"gold_loss":0.0,"damage_taken":7.0},{"damage_healed":0.0,"max_hp_gain":0.0,"max_hp_loss":5.0,"gold_gain":0.0,"event_name":"Golden Idol","player_choice":"Lose Max HP","floor":8.0,"gold_loss":0.0,"damage_taken":0.0,"relics_obtained":["Golden Idol"]},{"damage_healed":0.0,"max_hp_gain":0.0,"max_hp_loss":0.0,"gold_gain":0.0,"event_name":"Mushrooms","player_choice":"Fought Mushrooms","floor":13.0,"gold_loss":0.0,"damage_taken":0.0},{"damage_healed":0.0,"max_hp_gain":0.0,"max_hp_loss":0.0,"gold_gain":0.0,"event_name":"Vampires","player_choice":"Ignored","floor":19.0,"gold_loss":0.0,"damage_taken":0.0},{"damage_healed":0.0,"max_hp_gain":0.0,"max_hp_loss":0.0,"gold_gain":0.0,"event_name":"Addict","player_choice":"Obtained Relic","floor":31.0,"gold_loss":85.0,"damage_taken":0.0,"relics_obtained":["Mango"]},{"damage_healed":0.0,"max_hp_gain":0.0,"max_hp_loss":0.0,"gold_gain":0.0,"event_name":"SensoryStone","player_choice":"Memory 1","floor":36.0,"gold_loss":0.0,"damage_taken":0.0}],"is_beta":false,"boss_relics":[{"not_picked":["bronze:PlatinumCore","Sozu"],"picked":"Black Star"},{"not_picked":["hubris:HollowSoul","hubris:Stopwatch"],"picked":"Busted Crown"}],"items_purged_floors":[10,20],"is_endless":false,"potions_floor_spawned":[4,12,18,35,39],"killed_by":"Nemesis","ascension_level":0}}