{"host":"y89x8uui45kcjy42","time":1610893862,"event":{"mods":["2.2 Compatiblity","BaseMod","CapriCore","Colored Map","Colored Powertips","Custom Start","Friendly Minions","Keyboard Shortcuts","Minty Spire (QoL Compilation)","Relic Stats","Replay The Spire","Slay the Relics Exporter","StSLib","SuperFastMode","Uncapped"],"gold_per_floor":[116,132,132,132,132,132,132,2404,2404,1911,1911,1936,1936,1936,2010,2010,2010],"floor_reached":16,"language":"KOR","playtime":529,"items_purged":[],"score":263,"play_id":"775ccbe2-09e1-4d56-9cc9-78040844c009","local_time":"20210117233102","is_ascension_mode":true,"campfire_choices":[{"data":"ReplayTheSpireMod:Brewmster","floor":6,"key":"SMITH"},{"data":"Draining Mist","floor":7,"key":"SMITH"},{"data":"Atom Bomb","floor":13,"key":"SMITH"}],"circlet_count":0,"master_deck":["Strike_G","Strike_G","Defend_G","Defend_G","Defend_G","Survivor","Neutralize","ReplayTheSpireMod:Brewmster+1","Draining Mist+1","Atom Bomb+1","Adrenaline+1","Well Laid Plans"],"relics":["Ring of the Serpent","Orichalcum","Ring of Peace","Ring of Fangs","Bronze Scales","Omamori","Chameleon Ring","Replay:Ringing Soul","TheAbacus","Blood Vial","Potion Belt","Potion Belt","WingedGreaves","Pocketwatch","Replay:Baseball","OrangePellets"],"acts_visited":["Exordium"],"potions_floor_usage":[1,1,2,12,16,16,16,16,16],"damage_taken":[{"damage":5,"enemies":"2 Louse","floor":1,"turns":5},{"damage":1,"enemies":"Jaw Worm","floor":2,"turns":2},{"damage":10,"enemies":"Lagavulin","floor":12,"turns":5},{"damage":52,"enemies":"Slime Boss","floor":16,"turns":8}],"seed_played":"4004958592615247679","potions_obtained":[{"floor":1,"key":"Explosive Potion"},{"floor":11,"key":"Swift Potion"},{"floor":11,"key":"GhostInAJar"}],"is_trial":false,"path_per_floor":["M","M","?","?","?","R","R","$","T","$","R","E","R","?","R_BF","B"],"character_chosen":"THE_SILENT","items_purchased":["Chameleon Ring","Replay:Ringing Soul","Atom Bomb","TheAbacus","Blood Vial","Adrenaline"],"campfire_rested":0,"item_purchase_floors":[8,8,8,10,10,10],"current_hp_per_floor":[54,53,42,42,42,42,42,45,45,48,48,40,40,40,43,0,0],"gold":2010,"neow_bonus":"RANDOM_COLORLESS_2","is_daily":false,"chose_seed":false,"campfire_upgraded":3,"win_rate":0.0,"timestamp":1610893862,"path_taken":["M","M","?","?","?","R","R","$","T","?","R","E","R","?","R_BF","BOSS"],"items_purchased_type":["Relic","Relic","Card","Relic","Relic","Card"],"build_version":"2020-12-22","purchased_purges":0,"victory":false,"max_hp_per_floor":[66,66,66,66,66,66,66,69,69,72,72,72,72,72,75,75,75],"relic_stats":{"Blood Vial":4,"OrangePellets":[0],"TheAbacus":[66],"counters":[4,20],"Bronze Scales":[27],"Orichalcum":[12],"obtain_stats":[{"Potion Belt":11,"Omamori":4,"Orichalcum":3,"Blood Vial":10,"Replay:Ringing Soul":8,"OrangePellets":16,"Replay:Baseball":15,"Ring of Fangs":4,"Chameleon Ring":8,"TheAbacus":10,"Ring of Peace":4,"Bronze Scales":5,"WingedGreaves":2,"Ring of the Serpent":2,"Ring of the Snake":0,"Pocketwatch":12},{"Potion Belt":2,"Omamori":2,"Orichalcum":2,"Blood Vial":2,"Replay:Ringing Soul":2,"OrangePellets":4,"Replay:Baseball":3,"Ring of Fangs":2,"Chameleon Ring":2,"TheAbacus":2,"Ring of Peace":2,"Bronze Scales":2,"WingedGreaves":2,"Ring of the Serpent":2,"Ring of the Snake":0,"Pocketwatch":3},{"Potion Belt":7,"Omamori":7,"Orichalcum":7,"Blood Vial":7,"Replay:Ringing Soul":7,"OrangePellets":16,"Replay:Baseball":12,"Ring of Fangs":7,"Chameleon Ring":7,"TheAbacus":7,"Ring of Peace":7,"Bronze Scales":7,"WingedGreaves":7,"Ring of the Serpent":7,"Ring of the Snake":0,"Pocketwatch":12}],"Pocketwatch":[6]},"card_choices":[{"not_picked":["Panache","Magnetism"],"picked":"ReplayTheSpireMod:Brewmster","floor":0},{"not_picked":["Poisoned Stab","Choke","PiercingWail"],"picked":"SKIP","floor":1},{"not_picked":["Deadly Poison","Dagger Spray"],"picked":"Draining Mist","floor":2},{"not_picked":["Dagger Throw","Dodge and Roll","Acrobatics"],"picked":"SKIP","floor":12},{"not_picked":["Calculated Gamble","Underhanded Strike"],"picked":"Well Laid Plans","floor":15}],"player_experience":624689,"relics_obtained":[{"floor":4,"key":"Ring of Peace"},{"floor":4,"key":"Ring of Fangs"},{"floor":12,"key":"Pocketwatch"},{"floor":15,"key":"Replay:Baseball"}],"event_choices":[{"damage_healed":0,"gold_gain":0,"player_choice":"Success","damage_taken":11,"relics_obtained":["Orichalcum"],"max_hp_gain":0,"max_hp_loss":0,"event_name":"Scrap Ooze","floor":3,"gold_loss":0},{"damage_healed":0,"gold_gain":0,"player_choice":"Box","damage_taken":0,"relics_obtained":["Bronze Scales"],"max_hp_gain":0,"max_hp_loss":0,"event_name":"Big Fish","floor":5,"gold_loss":0,"cards_obtained":["Regret"]}],"is_beta":false,"boss_relics":[],"items_purged_floors":[],"is_endless":false,"potions_floor_spawned":[1],"killed_by":"Slime Boss","ascension_level":20}}