{"host":"owox7x4ngjt9htcc","time":1610871019,"event":{"mods":["BaseMod","Colored Map","DeckTracker","Keyboard Shortcuts","Minty Spire (QoL Compilation)","SuperFastMode"],"gold_per_floor":[144,144,189,234,279,369,369,414,414,414,459,504,504,594,594,894,894,939,984,599,524,284,374,374,464,464,509,608,608,698,743,743,1043,1043,1088,788,698,195,240,330,375,420,420,420,465,190,235,280,280,280],"floor_reached":51,"language":"KOR","playtime":1352,"items_purged":[],"score":1226,"play_id":"322b13cb-a744-489f-b6a8-fc80f9f3e389","local_time":"20210117171019","daily_mods":["SealedDeck","Hoarder","Midas"],"is_ascension_mode":false,"campfire_choices":[{"floor":7.0,"key":"REST"},{"floor":15.0,"key":"REST"},{"floor":32,"key":"REST"},{"data":"Beam Cell","floor":44,"key":"PURGE"},{"data":"Rebound","floor":49,"key":"PURGE"}],"circlet_count":0,"master_deck":["Stack","Stack","Stack","Heatsinks","Heatsinks","Heatsinks","Rebound","Rebound","Compile Driver","Compile Driver","Compile Driver","Hologram","Hologram","Hologram","Beam Cell","Turbo","Turbo","Turbo","Conserve Battery","Conserve Battery","Conserve Battery","Coolheaded","Coolheaded","Coolheaded","Turbo","Turbo","Turbo","Leap","Leap","Double Energy","Double Energy","Double Energy","Core Surge","Core Surge","Core Surge","Gash","Gash","Gash","Storm","Storm","Storm","Reboot","Reboot","Reboot","Machine Learning","Machine Learning","Machine Learning","Echo Form","Echo Form","Echo Form","Storm","Storm","Storm","Double Energy","Double Energy","Double Energy","Reboot","Reboot","Reboot","Compile Driver","Compile Driver","Compile Driver","Glacier","Glacier","Glacier","Loop+1","Loop","Loop","Capacitor","Capacitor","Capacitor","Biased Cognition","Biased Cognition","Biased Cognition","Gash","Gash","Gash","Undo+1","Undo+1","Undo+1","Coolheaded+1","Coolheaded+1","Coolheaded+1","Amplify+1","Amplify+1","Amplify+1","Gash","Gash","Gash","Electrodynamics","Electrodynamics","Electrodynamics","Barrage","Barrage","Barrage","Defragment","Defragment","Defragment","Coolheaded+1","Coolheaded+1","Coolheaded+1","Gash","Gash","Gash","Thunder Strike","Thunder Strike","Thunder Strike","Double Energy+1","Double Energy+1","Double Energy+1","All For One","All For One","All For One","Gash+1","Gash+1","Gash+1","Storm","Storm","Storm","Aggregate+1","Aggregate+1","Aggregate+1","Steam Power+1","Steam Power+1","Steam Power+1","Defragment+1","Defragment+1","Defragment+1","Recycle+1","Recycle+1","Recycle+1"],"relics":["Cracked Core","Pear","Darkstone Periapt","Potion Belt","Bottled Flame","Fusion Hammer","Membership Card","Nunchaku","Mango","Toxic Egg 2","Vajra","Matryoshka","MutagenicStrength","Bird Faced Urn","Black Star","Orichalcum","OrangePellets","Peace Pipe","Ice Cream","FossilizedHelix","Chemical X","Shuriken","PreservedInsect","Bottled Tornado","White Beast Statue","Eternal Feather","Ancient Tea Set","Orrery"],"acts_visited":["Exordium","TheCity","TheBeyond"],"potions_floor_usage":[40,50,50,50,50],"damage_taken":[{"damage":1.0,"enemies":"2 Louse","floor":1.0,"turns":2.0},{"damage":0.0,"enemies":"Cultist","floor":3.0,"turns":4.0},{"damage":8.0,"enemies":"Small Slimes","floor":4.0,"turns":5.0},{"damage":7.0,"enemies":"Looter","floor":5.0,"turns":3.0},{"damage":8.0,"enemies":"3 Sentries","floor":6.0,"turns":6.0},{"damage":0.0,"enemies":"2 Fungi Beasts","floor":8.0,"turns":3.0},{"damage":0.0,"enemies":"Large Slime","floor":11.0,"turns":3.0},{"damage":7.0,"enemies":"Lots of Slimes","floor":12.0,"turns":4.0},{"damage":7.0,"enemies":"Lagavulin","floor":14.0,"turns":6.0},{"damage":23.0,"enemies":"Slime Boss","floor":16.0,"turns":6.0},{"damage":0.0,"enemies":"Spheric Guardian","floor":18.0,"turns":4.0},{"damage":7.0,"enemies":"Chosen","floor":19.0,"turns":4.0},{"damage":33.0,"enemies":"Slavers","floor":23.0,"turns":4.0},{"damage":13.0,"enemies":"Gremlin Leader","floor":25.0,"turns":5.0},{"damage":0.0,"enemies":"3 Cultists","floor":27.0,"turns":3.0},{"damage":28,"enemies":"Book of Stabbing","floor":30,"turns":5},{"damage":5,"enemies":"Snake Plant","floor":31,"turns":5},{"damage":0,"enemies":"Automaton","floor":33,"turns":5},{"damage":0,"enemies":"3 Darklings","floor":35,"turns":3},{"damage":0,"enemies":"3 Shapes","floor":39,"turns":3},{"damage":0,"enemies":"Reptomancer","floor":40,"turns":4},{"damage":0,"enemies":"Transient","floor":41,"turns":5},{"damage":14,"enemies":"Writhing Mass","floor":42,"turns":4},{"damage":10,"enemies":"Jaw Worm Horde","floor":45,"turns":2},{"damage":39,"enemies":"3 Darklings","floor":47,"turns":5},{"damage":0,"enemies":"4 Shapes","floor":48,"turns":4},{"damage":64,"enemies":"Awakened One","floor":50,"turns":9}],"seed_played":"7372172642885907109","potions_obtained":[{"floor":5.0,"key":"Regen Potion"},{"floor":8.0,"key":"SneckoOil"},{"floor":11.0,"key":"SneckoOil"},{"floor":18.0,"key":"SpeedPotion"},{"floor":27,"key":"DistilledChaos"},{"floor":30,"key":"CultistPotion"},{"floor":33,"key":"LiquidBronze"},{"floor":45,"key":"Strength Potion"}],"is_trial":false,"path_per_floor":["M","?","M","M","M","E","R","M","T","?","M","M","?","E","R","B",null,"M","M","$","?","$","E","?","E","T","M","?","?","E","M","R","B",null,"M","$","?","$","M","E","M","M","T","R","M","$","M","M","R","B",null],"character_chosen":"DEFECT","items_purchased":["Membership Card","Nunchaku","Reboot","Compile Driver","Glacier","Loop","Capacitor","Mango","CultistPotion","Orichalcum","OrangePellets","Peace Pipe","Defragment","Coolheaded+1","Ice Cream","Gash","FossilizedHelix","Chemical X","Thunder Strike","Eternal Feather","Ancient Tea Set","Orrery"],"campfire_rested":3,"item_purchase_floors":[20,20,20,20,20,20,22,22,22,36,36,36,38,38,38,38,38,38,38,46,46,46],"current_hp_per_floor":[74,74,74,66,59,61,85,85,85,85,85,78,78,71,85,62,85,85,78,78,78,92,59,59,46,46,46,46,46,18,31,60,88,99,99,99,99,99,99,99,99,93,93,93,95,95,78,98,99,47],"gold":280,"neow_bonus":"","is_daily":true,"chose_seed":false,"campfire_upgraded":0,"win_rate":0.0,"timestamp":1610871019,"path_taken":["M","?","M","M","M","E","R","M","T","?","?","M","?","E","R","BOSS","M","M","$","?","$","E","?","E","T","M","?","?","E","M","R","BOSS","M","$","?","$","M","E","M","M","T","R","?","$","M","M","R","BOSS"],"items_purchased_type":["Relic","Relic","Card","Card","Card","Card","Card","Relic","Potion","Relic","Relic","Relic","Card","Card","Relic","Card","Relic","Relic","Card","Relic","Relic","Relic"],"build_version":"2020-12-22","purchased_purges":0,"victory":true,"max_hp_per_floor":[75,75,75,75,75,85,85,85,85,85,85,85,85,85,85,85,85,85,85,85,85,99,99,99,99,99,99,99,99,99,99,99,99,99,99,99,99,99,99,99,99,99,99,99,99,99,99,99,99,99],"card_choices":[{"not_picked":["Leap","Scrape","Streamline"],"picked":"SKIP","floor":1.0},{"not_picked":["Scrape","Streamline"],"picked":"Leap","floor":1.0},{"not_picked":["Cold Snap","Streamline"],"picked":"Double Energy","floor":3.0},{"not_picked":["Steam","Turbo"],"picked":"Core Surge","floor":4.0},{"not_picked":["Stack","FTL"],"picked":"Gash","floor":5.0},{"not_picked":["Beam Cell","Hello World"],"picked":"Storm","floor":6.0},{"not_picked":["Hologram","Steam"],"picked":"Reboot","floor":8.0},{"not_picked":["Go for the Eyes","Consume"],"picked":"Machine Learning","floor":11.0},{"not_picked":["FTL","Redo","Chill"],"picked":"SKIP","floor":12.0},{"not_picked":["Sunder","Go for the Eyes","Conserve Battery"],"picked":"SKIP","floor":14.0},{"not_picked":["Core Surge","Machine Learning"],"picked":"Echo Form","floor":16.0},{"not_picked":["Streamline","Ball Lightning"],"picked":"Storm","floor":18.0},{"not_picked":["Static Discharge","Genetic Algorithm"],"picked":"Double Energy","floor":19.0},{"not_picked":["FTL","BootSequence+1"],"picked":"Biased Cognition","floor":23.0},{"not_picked":["Skim+1","Self Repair+1"],"picked":"Undo+1","floor":25.0},{"not_picked":["Streamline+1","Gash+1"],"picked":"Coolheaded+1","floor":27},{"not_picked":["Cold Snap","Consume+1"],"picked":"Amplify+1","floor":30},{"not_picked":["Self Repair","Barrage"],"picked":"Gash","floor":31},{"not_picked":["Thunder Strike","Core Surge"],"picked":"Electrodynamics","floor":33},{"not_picked":["Redo+1","Conserve Battery+1","Barrage"],"picked":"SKIP","floor":35},{"not_picked":["Redo+1","Conserve Battery+1"],"picked":"Barrage","floor":35},{"not_picked":["Cold Snap+1","Compile Driver+1"],"picked":"Double Energy+1","floor":39},{"not_picked":["Doom and Gloom","Chaos+1"],"picked":"All For One","floor":40},{"not_picked":["Glacier+1","Conserve Battery+1","Consume+1"],"picked":"SKIP","floor":41},{"not_picked":["Glacier+1","Conserve Battery+1","Consume+1"],"picked":"SKIP","floor":41},{"not_picked":["Doom and Gloom+1","Reprogram+1","Tempest+1"],"picked":"SKIP","floor":42},{"not_picked":["Go for the Eyes","Leap+1"],"picked":"Gash+1","floor":45},{"not_picked":["Rebound+1","Undo+1"],"picked":"Storm","floor":46},{"not_picked":["Darkness+1","Reboot+1"],"picked":"Aggregate+1","floor":46},{"not_picked":["Conserve Battery+1","Chaos+1"],"picked":"Steam Power+1","floor":46},{"not_picked":["Self Repair","Coolheaded+1"],"picked":"Defragment+1","floor":46},{"not_picked":["Compile Driver","Conserve Battery+1","Cold Snap+1"],"picked":"SKIP","floor":47},{"not_picked":["Glacier+1","Hologram+1"],"picked":"Recycle+1","floor":48}],"player_experience":888139,"relics_obtained":[{"floor":6.0,"key":"Pear"},{"floor":9.0,"key":"Darkstone Periapt"},{"floor":14.0,"key":"Bottled Flame"},{"floor":23.0,"key":"Toxic Egg 2"},{"floor":25.0,"key":"Vajra"},{"floor":26.0,"key":"Matryoshka"},{"floor":30,"key":"Bird Faced Urn"},{"floor":40,"key":"Shuriken"},{"floor":40,"key":"PreservedInsect"},{"floor":43,"key":"Bottled Tornado"},{"floor":43,"key":"White Beast Statue"}],"event_choices":[{"damage_healed":0.0,"max_hp_gain":0.0,"max_hp_loss":0.0,"gold_gain":0.0,"event_name":"Golden Wing","player_choice":"Ignored","floor":2.0,"gold_loss":0.0,"damage_taken":0.0},{"damage_healed":0.0,"max_hp_gain":0.0,"max_hp_loss":0.0,"gold_gain":0.0,"event_name":"WeMeetAgain","player_choice":"Gave Potion","floor":10.0,"gold_loss":0.0,"damage_taken":0.0,"relics_obtained":["Potion Belt"]},{"damage_healed":0.0,"max_hp_gain":0.0,"max_hp_loss":0.0,"gold_gain":0.0,"event_name":"Liars Game","player_choice":"Ignored","floor":13.0,"gold_loss":0.0,"damage_taken":0.0},{"cards_removed":["Leap"],"damage_healed":0.0,"max_hp_gain":0.0,"max_hp_loss":0.0,"gold_gain":0.0,"event_name":"Beggar","player_choice":"Gave Gold","floor":21.0,"gold_loss":75.0,"damage_taken":0.0},{"damage_healed":0.0,"max_hp_gain":0.0,"max_hp_loss":0.0,"gold_gain":0.0,"event_name":"The Library","player_choice":"Read","floor":24.0,"gold_loss":0.0,"damage_taken":0.0,"cards_obtained":["Gash"]},{"damage_healed":0,"gold_gain":99,"player_choice":"Stole From Cult","damage_taken":0,"max_hp_gain":0,"max_hp_loss":0,"event_name":"Nest","floor":28,"gold_loss":0},{"damage_healed":0,"gold_gain":0,"player_choice":"Inject Mutagens","damage_taken":0,"relics_obtained":["MutagenicStrength"],"max_hp_gain":0,"max_hp_loss":0,"event_name":"Drug Dealer","floor":29,"gold_loss":0},{"cards_removed":["Beam Cell"],"damage_healed":0,"gold_gain":0,"player_choice":"Upgrade and Remove","damage_taken":0,"max_hp_gain":0,"max_hp_loss":0,"event_name":"Designer","floor":37,"gold_loss":90,"cards_upgraded":["Loop"]}],"is_beta":false,"boss_relics":[{"not_picked":["SlaversCollar","Philosopher\u0027s Stone"],"picked":"Fusion Hammer"},{"not_picked":["Nuclear Battery","Astrolabe"],"picked":"Black Star"}],"items_purged_floors":[],"is_endless":false,"potions_floor_spawned":[5,8,11,18,27,30,33,39,45,47,48],"ascension_level":0}}