{"host":"xm0tf1maiknh0fp9","time":1610918441,"event":{"mods":["BaseMod","Colored Map","Colored Powertips","Googly Eyes","Minty Spire (QoL Compilation)","Replay The Spire","StSLib"],"gold_per_floor":[115,115,135,135,60,60,87,98,98,112,112,129,204,217,217,217,217],"floor_reached":16,"language":"ENG","playtime":660,"items_purged":["Delirium"],"score":138,"play_id":"fcfc892e-7bda-496b-88eb-fd3b2b48c67d","local_time":"20210117162041","is_ascension_mode":true,"campfire_choices":[{"floor":6,"key":"REST"},{"floor":15,"key":"REST"}],"circlet_count":0,"master_deck":["Strike_G","Strike_G","Strike_G","Strike_G","Strike_G","Defend_G","Defend_G","Defend_G","Defend_G","Defend_G","Survivor","Reflex+1","Blade Dance+1","Prepared"],"relics":["Ring of the Snake","ReplayTheSpireMod:Ring of Addiction","ReplayTheSpireMod:Ring of Exchange","White Beast Statue","Chameleon Ring","ReplayTheSpireMod:Ninjato","Sundial"],"acts_visited":["Exordium"],"potions_floor_usage":[6,7,10,12,12,16],"damage_taken":[{"damage":11,"enemies":"Jaw Worm","floor":1,"turns":8},{"damage":8,"enemies":"Small Slimes","floor":3,"turns":5},{"damage":57,"enemies":"3 Sentries","floor":7,"turns":16},{"damage":2,"enemies":"2 Louse","floor":8,"turns":3},{"damage":6,"enemies":"Gremlin Gang","floor":10,"turns":4},{"damage":0,"enemies":"Large Slime","floor":12,"turns":2},{"damage":4,"enemies":"Red Slaver","floor":14,"turns":5},{"damage":34,"enemies":"The Guardian","floor":16,"turns":10}],"seed_played":"-8819922419579579650","potions_obtained":[{"floor":1,"key":"Adrenaline Potion"},{"floor":2,"key":"GhostInAJar"},{"floor":2,"key":"LifebloodPotion"},{"floor":3,"key":"Fruit Juice"},{"floor":7,"key":"SkillPotion"},{"floor":8,"key":"FearPotion"},{"floor":10,"key":"Fire Potion"},{"floor":12,"key":"Fire Potion"},{"floor":14,"key":"Energy Potion"}],"is_trial":false,"path_per_floor":["M","?","M","?","$","R","E","M","T","M","?","M","?","M","R","B"],"character_chosen":"THE_SILENT","items_purchased":[],"campfire_rested":2,"item_purchase_floors":[],"current_hp_per_floor":[59,59,51,51,51,82,25,23,23,17,17,17,9,5,29,0,0],"gold":217,"neow_bonus":"TEN_PERCENT_HP_BONUS","is_daily":false,"chose_seed":false,"campfire_upgraded":0,"win_rate":0.0,"timestamp":1610918441,"path_taken":["M","?","M","?","?","R","E","M","T","M","?","?","?","M","R","BOSS"],"items_purchased_type":[],"build_version":"2020-12-22","purchased_purges":1,"victory":false,"max_hp_per_floor":[77,77,77,77,77,82,82,82,82,82,82,82,82,82,82,80,80],"card_choices":[{"not_picked":["Eviscerate","Acrobatics","Underhanded Strike"],"picked":"SKIP","floor":1},{"not_picked":["Sucker Punch","Poisoned Stab","Storm of Steel"],"picked":"SKIP","floor":3},{"not_picked":["ReplayTheSpireMod:Speed Training","Leg Sweep"],"picked":"Blade Dance","floor":7},{"not_picked":["Outmaneuver","Sneak Up"],"picked":"Prepared","floor":8},{"not_picked":["Quick Slash","Flying Knee","Acrobatics"],"picked":"SKIP","floor":10},{"not_picked":["Hidden Blade","Sucker Punch","PiercingWail"],"picked":"SKIP","floor":12},{"not_picked":["Outmaneuver","Finisher","Choke"],"picked":"SKIP","floor":14}],"player_experience":139299,"relics_obtained":[{"floor":2,"key":"ReplayTheSpireMod:Ring of Addiction"},{"floor":2,"key":"ReplayTheSpireMod:Ring of Exchange"},{"floor":2,"key":"White Beast Statue"},{"floor":2,"key":"Chameleon Ring"},{"floor":7,"key":"ReplayTheSpireMod:Ninjato"},{"floor":9,"key":"Sundial"}],"event_choices":[{"damage_healed":0,"gold_gain":0,"player_choice":"Forge","damage_taken":0,"max_hp_gain":0,"max_hp_loss":0,"event_name":"Accursed Blacksmith","floor":11,"gold_loss":0,"cards_upgraded":["Blade Dance"]},{"damage_healed":0,"gold_gain":75,"player_choice":"Touch","damage_taken":8,"max_hp_gain":0,"max_hp_loss":0,"event_name":"FaceTrader","floor":13,"gold_loss":0}],"is_beta":false,"boss_relics":[],"items_purged_floors":[5],"is_endless":false,"potions_floor_spawned":[1,3,7,8,10,12,14],"killed_by":"The Guardian","ascension_level":7}}