{"host":"r51me5lv7t5xfjjt","time":1610864030,"event":{"mods":["BaseMod","Downfall","Hunter 猎人","Minty Spire (QoL Compilation)","Spicy Shops","StSLib","TestMod","The Animator"],"gold_per_floor":[116,516,516,536,238,273,315,355,381,381,416,416,416,44,44,171,171,183,197,197,197,197,240,264,303,329,340,351,362,373,421,432,562,573,606,464,464],"floor_reached":36,"language":"ZHS","playtime":1574,"items_purged":["Dagger Throw"],"score":742,"play_id":"33ee4e94-9b8b-4438-b02f-4bf4a03d497a","local_time":"20210117141350","daily_mods":["SealedDeck","Heirloom","Time Dilation","Flight","downfall:Lament"],"is_ascension_mode":false,"campfire_choices":[{"data":"Noxious Fumes","floor":10,"key":"SMITH"},{"data":"Deadly Poison","floor":15,"key":"SMITH"},{"data":"Catalyst","floor":27,"key":"SMITH"},{"data":"Deadly Poison","floor":29,"key":"SMITH"},{"data":"RitualDagger","floor":32,"key":"SMITH"}],"circlet_count":0,"master_deck":["Crippling Poison","Sucker Punch","Dash","Flying Knee","PiercingWail","Poisoned Stab","Poisoned Stab","Deadly Poison+1","Noxious Fumes+1","Deadly Poison+1","Catalyst+1","Concentrate+1","Writhe","RitualDagger+1","Deadly Poison","Adrenaline"],"relics":["Unceasing Top","NeowsBlessing","testmod-Prudence","testmod-CrystalShield","Golden Idol","testmod-Charity","bronze:BronzeIdol","testmod-OneHitWonder","testmod-LifeArmor","Boot","Toy Ornithopter","hexamod:BolsterEngine","Snake Skull","Tiny Chest","Lantern","Coffee Dripper","MutagenicStrength","Slimebound:PreparedRelic","Blood Vial","Mummified Hand","MawBank","testmod-TurbochargingSystem","testmod-InfectionSource","Busted Crown","Orrery"],"acts_visited":["Exordium","TheCity","TheBeyond"],"potions_floor_usage":[25],"damage_taken":[{"damage":0,"enemies":"Jaw Worm","floor":1,"turns":1},{"damage":0,"enemies":"2 Louse","floor":4,"turns":2},{"damage":0,"enemies":"3 Sentries","floor":6,"turns":1},{"damage":6,"enemies":"Gremlin Nob","floor":7,"turns":4},{"damage":17,"enemies":"Lagavulin","floor":8,"turns":5},{"damage":14,"enemies":"3 Sentries","floor":11,"turns":5},{"damage":0,"enemies":"Hexaghost","floor":16,"turns":6},{"damage":0,"enemies":"Spheric Guardian","floor":18,"turns":3},{"damage":4,"enemies":"2 Thieves","floor":19,"turns":3},{"damage":2,"enemies":"Gremlin Leader","floor":23,"turns":4},{"damage":0,"enemies":"Snake Plant","floor":24,"turns":3},{"damage":0,"enemies":"Book of Stabbing","floor":25,"turns":3},{"damage":0,"enemies":"Gremlin Leader","floor":31,"turns":2},{"damage":0,"enemies":"Automaton","floor":33,"turns":4},{"damage":0,"enemies":"Orb Walker","floor":35,"turns":2}],"seed_played":"-4151905187304104280","potions_obtained":[{"floor":1,"key":"Regen Potion"},{"floor":6,"key":"AttackPotion"},{"floor":11,"key":"Poison Potion"},{"floor":25,"key":"bronze:BurnAndBuffPotion"}],"is_trial":true,"path_per_floor":["M","?","?","M","$","E","E","E","T","R","E","T","?","$","R","B",null,"M","M","?","?","T","E","M","E","T","R","?","R","?","E","R","B",null,"M","$"],"character_chosen":"THE_SILENT","items_purchased":["testmod-Charity","bronze:BronzeIdol","Tiny Chest","Lantern","Orrery"],"campfire_rested":0,"item_purchase_floors":[5,5,14,14,36],"current_hp_per_floor":[70,70,53,53,53,54,49,33,34,34,21,21,21,21,21,22,76,77,75,75,75,75,74,77,82,83,84,85,86,81,85,86,90,93,95,96,96],"gold":464,"neow_bonus":"","is_daily":false,"chose_seed":false,"campfire_upgraded":5,"win_rate":0.0,"timestamp":1610864030,"path_taken":["M","?","?","?","$","E","E","E","T","R","E","?","?","$","R","BOSS","M","?","?","?","?","E","?","E","T","R","?","R","?","E","R","BOSS","M","$"],"items_purchased_type":["Relic","Relic","Relic","Relic","Relic"],"build_version":"2020-12-22","purchased_purges":1,"victory":false,"max_hp_per_floor":[70,70,70,70,70,71,72,73,74,74,75,75,75,75,75,76,76,77,79,79,79,79,80,81,82,83,84,85,86,87,89,90,92,93,95,96,96],"card_choices":[{"not_picked":["Flechettes","Bane"],"picked":"Noxious Fumes","floor":1},{"not_picked":["Prepared","Footwork"],"picked":"Deadly Poison","floor":4},{"not_picked":["Slice","Eviscerate","Unload"],"picked":"SKIP","floor":6},{"not_picked":["Backflip","Blade Dance","Prepared"],"picked":"SKIP","floor":7},{"not_picked":["PiercingWail","Masterful Stab","Quick Slash"],"picked":"SKIP","floor":8},{"not_picked":["Crippling Poison","Prepared","Poisoned Stab"],"picked":"SKIP","floor":11},{"not_picked":["Outmaneuver","Finisher","Slice"],"picked":"SKIP","floor":18},{"not_picked":["Dagger Throw","Dodge and Roll+1","Outmaneuver+1"],"picked":"SKIP","floor":19},{"not_picked":["Prepared+1","Underhanded Strike","Bullet Time"],"picked":"SKIP","floor":23},{"not_picked":["Dagger Spray","Blade Dance+1"],"picked":"Catalyst","floor":24},{"not_picked":["Quick Slash","Die Die Die"],"picked":"Concentrate+1","floor":25},{"not_picked":["Noxious Fumes","Concentrate"],"picked":"Deadly Poison","floor":31},{"not_picked":["After Image","Phantasmal Killer"],"picked":"Adrenaline","floor":33},{"not_picked":["Cloak And Dagger"],"picked":"SKIP","floor":35}],"player_experience":368968,"relics_obtained":[{"floor":6,"key":"testmod-OneHitWonder"},{"floor":7,"key":"testmod-LifeArmor"},{"floor":8,"key":"Boot"},{"floor":9,"key":"Toy Ornithopter"},{"floor":11,"key":"hexamod:BolsterEngine"},{"floor":12,"key":"Snake Skull"},{"floor":22,"key":"Slimebound:PreparedRelic"},{"floor":23,"key":"Blood Vial"},{"floor":25,"key":"Mummified Hand"},{"floor":26,"key":"MawBank"},{"floor":31,"key":"testmod-InfectionSource"}],"event_choices":[{"damage_healed":0,"gold_gain":400,"player_choice":"Sell","damage_taken":0,"max_hp_gain":0,"max_hp_loss":0,"event_name":"恩洛斯的盘子","floor":2,"relics_lost":["testmod-TestBox"],"gold_loss":0},{"damage_healed":0,"gold_gain":0,"player_choice":"Take Damage","damage_taken":17,"relics_obtained":["Golden Idol"],"max_hp_gain":0,"max_hp_loss":0,"event_name":"Golden Idol","floor":3,"gold_loss":0},{"damage_healed":0,"gold_gain":0,"player_choice":"Bought 0 Potions","damage_taken":0,"max_hp_gain":0,"max_hp_loss":0,"event_name":"The Woman in Blue","floor":13,"gold_loss":0},{"cards_removed":["Dagger Spray"],"damage_healed":0,"gold_gain":0,"player_choice":"Elegance","damage_taken":0,"max_hp_gain":0,"max_hp_loss":0,"event_name":"Back to Basics","floor":20,"gold_loss":0},{"damage_healed":0,"gold_gain":0,"player_choice":"Inject Mutagens","damage_taken":0,"relics_obtained":["MutagenicStrength"],"max_hp_gain":0,"max_hp_loss":0,"event_name":"Drug Dealer","floor":21,"gold_loss":0},{"damage_healed":0,"gold_gain":0,"player_choice":"Opened","damage_taken":0,"relics_obtained":["testmod-TurbochargingSystem"],"max_hp_gain":0,"max_hp_loss":0,"event_name":"The Mausoleum","floor":28,"gold_loss":0,"cards_obtained":["Writhe"]},{"damage_healed":0,"gold_gain":0,"player_choice":"Joined the Cult","damage_taken":6,"max_hp_gain":0,"max_hp_loss":0,"event_name":"Nest","floor":30,"gold_loss":0,"cards_obtained":["RitualDagger"]}],"is_beta":false,"boss_relics":[{"not_picked":["Fusion Hammer","testmod-EnergyCheck"],"picked":"Coffee Dripper"},{"not_picked":["Runic Pyramid","testmod-Nine"],"picked":"Busted Crown"}],"items_purged_floors":[14],"is_endless":true,"potions_floor_spawned":[1,6,11,18,23,25,35],"ascension_level":0}}