{"host":"mydft8i2zzydgggw","time":1610844238,"event":{"mods":["AchievementEnabler","BaseMod","BetterRewards","Colored Map","Colored Powertips","DeckTracker","Keyboard Shortcuts","Minty Spire (QoL Compilation)","Rare Cards Sparkle","StSLib","SuperFastMode","everything is the same but u backflip on backflip"],"gold_per_floor":[115,215,235,246,206,206,225,225,225,244,260,260,277,277,277,277,277,277],"floor_reached":17,"language":"KOR","playtime":235,"items_purged":[],"score":129,"play_id":"c8f9e5b4-b9bb-4d87-9cc4-cda16744b42a","local_time":"20210117094358","is_ascension_mode":true,"campfire_choices":[{"data":"Pommel Strike","floor":6,"key":"SMITH"},{"data":"Bash","floor":8,"key":"SMITH"},{"floor":12,"key":"REST"},{"floor":15,"key":"REST"},{"floor":16,"key":"REST"}],"circlet_count":0,"master_deck":["Strike_R","Strike_R","Strike_R","Strike_R","Strike_R","Defend_R","Defend_R","Defend_R","Defend_R","Bash+1","Pommel Strike+1","Whirlwind","Double Tap"],"relics":["Burning Blood","NeowsBlessing","Mummified Hand","Ice Cream"],"acts_visited":["Exordium"],"potions_floor_usage":[7,17,17,17],"damage_taken":[{"damage":0,"enemies":"2 Louse","floor":1,"turns":1},{"damage":0,"enemies":"Cultist","floor":3,"turns":1},{"damage":0,"enemies":"Small Slimes","floor":4,"turns":1},{"damage":49,"enemies":"Gremlin Gang","floor":7,"turns":7},{"damage":25,"enemies":"Large Slime","floor":10,"turns":5},{"damage":12,"enemies":"2 Fungi Beasts","floor":11,"turns":3},{"damage":20,"enemies":"Exordium Wildlife","floor":13,"turns":5},{"damage":69,"enemies":"Hexaghost","floor":17,"turns":9}],"seed_played":"-1548149352730679815","potions_obtained":[{"floor":4,"key":"LiquidBronze"},{"floor":5,"key":"Fruit Juice"},{"floor":5,"key":"SpeedPotion"},{"floor":7,"key":"SteroidPotion"}],"is_trial":false,"path_per_floor":["M","?","M","M","?","R","M","R","T","M","M","R","M","?","R","R","B"],"character_chosen":"IRONCLAD","items_purchased":[],"campfire_rested":3,"item_purchase_floors":[],"current_hp_per_floor":[78,78,80,80,80,80,42,42,42,23,17,42,28,16,41,66,0,0],"gold":277,"neow_bonus":"THREE_ENEMY_KILL","is_daily":false,"chose_seed":false,"campfire_upgraded":2,"win_rate":0.0,"timestamp":1610844238,"path_taken":["M","?","?","M","?","R","?","R","T","M","M","R","M","?","R","R","BOSS"],"items_purchased_type":[],"build_version":"2020-12-22","purchased_purges":0,"victory":false,"max_hp_per_floor":[80,80,80,80,80,80,85,85,85,85,85,85,85,85,85,85,85,85],"card_choices":[{"not_picked":["Second Wind","Intimidate"],"picked":"Pommel Strike","floor":1},{"not_picked":["Clash","Rupture"],"picked":"Whirlwind","floor":3},{"not_picked":["Perfected Strike","True Grit","Warcry"],"picked":"SKIP","floor":4},{"not_picked":["Exhume","Clash","Dropkick"],"picked":"SKIP","floor":7},{"not_picked":["Havoc","Clothesline","Iron Wave"],"picked":"SKIP","floor":10},{"not_picked":["Heavy Blade","Clash","Pummel"],"picked":"SKIP","floor":11},{"not_picked":["Perfected Strike","Flex"],"picked":"Double Tap","floor":13}],"player_experience":180133,"relics_obtained":[{"floor":9,"key":"Mummified Hand"}],"event_choices":[{"damage_healed":0,"gold_gain":100,"player_choice":"Pray","damage_taken":0,"max_hp_gain":0,"max_hp_loss":0,"event_name":"Golden Shrine","floor":2,"gold_loss":0},{"damage_healed":0,"gold_gain":0,"player_choice":"Bought 3 Potions","damage_taken":0,"max_hp_gain":0,"max_hp_loss":0,"event_name":"The Woman in Blue","floor":5,"gold_loss":0},{"damage_healed":0,"gold_gain":0,"player_choice":"Success","damage_taken":12,"relics_obtained":["Ice Cream"],"max_hp_gain":0,"max_hp_loss":0,"event_name":"Scrap Ooze","floor":14,"gold_loss":0}],"is_beta":false,"boss_relics":[],"items_purged_floors":[],"is_endless":false,"potions_floor_spawned":[4,7,11],"killed_by":"Hexaghost","ascension_level":6}}