{"host":"gzsdmyo07u314vug","time":1610848011,"event":{"mods":["2.2 Compatiblity","Bard","BaseMod","Colored Powertips","GifTheSpireLib","Hermit","Minty Spire (QoL Compilation)","Quick Restart","Rare Cards Sparkle","Relic Stats","Replay The Spire","Robot Space Explorer","Shop Mod","StSLib","The Bug Knight","The Construct","The Elementalist","The Hierophant","The IronCluck","The Marked","The Runesmith","The Servant 0.9.4","Unceasing Turn Reminder","everything is the same but u backflip on backflip","slay the spire mod where everything is the same but ironclad has a cowboy hat","vexMod"],"gold_per_floor":[112,112,62,75,107,107,87,87],"floor_reached":7,"language":"ENG","playtime":841,"items_purged":[],"score":41,"play_id":"b1d624e3-d2b9-4bb5-94e3-e343e2c3acb4","local_time":"20210116224651","is_ascension_mode":false,"campfire_choices":[{"data":"hierophant:Doubloon","floor":6,"key":"SMITH"}],"circlet_count":0,"master_deck":["hierophant:Strike_Hierophant","hierophant:Strike_Hierophant","hierophant:Strike_Hierophant","hierophant:Punish","hierophant:Defend_Hierophant","hierophant:Defend_Hierophant","hierophant:Defend_Hierophant","hierophant:ChurchCoffers","hierophant:Doubloon+1","hierophant:CursedGold","hierophant:HammerAndAnvil"],"relics":["hierophant:PropheticMaskRelic","Golden Idol"],"acts_visited":["Exordium"],"potions_floor_usage":[7],"damage_taken":[{"damage":0,"enemies":"2 Louse","floor":1,"turns":2},{"damage":0,"enemies":"Small Slimes","floor":4,"turns":4},{"damage":6,"enemies":"Jaw Worm","floor":5,"turns":4},{"damage":68,"enemies":"Lagavulin","floor":7,"turns":8}],"seed_played":"-1581425698781328914","potions_obtained":[{"floor":1,"key":"LiquidMemories"}],"is_trial":false,"path_per_floor":["M","?","?","M","M","R","E"],"character_chosen":"HIEROPHANT","items_purchased":[],"campfire_rested":0,"item_purchase_floors":[],"current_hp_per_floor":[75,57,57,57,51,51,0,0],"gold":87,"neow_bonus":"REMOVE_CARD","is_daily":false,"chose_seed":false,"campfire_upgraded":1,"win_rate":0.0,"timestamp":1610848011,"path_taken":["M","?","?","M","M","R","E"],"items_purchased_type":[],"build_version":"2020-12-22","purchased_purges":0,"victory":false,"max_hp_per_floor":[75,75,75,75,75,75,75,75],"relic_stats":{"counters":[4,18],"Golden Idol":8,"obtain_stats":[{"Golden Idol":2,"hierophant:PropheticMaskRelic":0},{"Golden Idol":1,"hierophant:PropheticMaskRelic":0},{"Golden Idol":2,"hierophant:PropheticMaskRelic":0}]},"card_choices":[{"not_picked":["hierophant:Doomsaying","hierophant:HammerAndAnvil"],"picked":"hierophant:CursedGold","floor":1},{"not_picked":["hierophant:Purify","hierophant:PassingBell"],"picked":"hierophant:HammerAndAnvil","floor":4},{"not_picked":["hierophant:Smite","hierophant:Martyrdom","hierophant:Doubloon"],"picked":"SKIP","floor":5}],"player_experience":684175,"relics_obtained":[],"event_choices":[{"damage_healed":0,"gold_gain":0,"player_choice":"Take Damage","damage_taken":18,"relics_obtained":["Golden Idol"],"max_hp_gain":0,"max_hp_loss":0,"event_name":"Golden Idol","floor":2,"gold_loss":0},{"cards_removed":["hierophant:Defend_Hierophant"],"damage_healed":0,"gold_gain":0,"player_choice":"Card Removal","damage_taken":0,"max_hp_gain":0,"max_hp_loss":0,"event_name":"The Cleric","floor":3,"gold_loss":50}],"is_beta":false,"boss_relics":[],"items_purged_floors":[],"is_endless":false,"potions_floor_spawned":[1],"killed_by":"Lagavulin","ascension_level":0}}