{"host":"2pmmafybkq7zb6na","time":1610878346,"event":{"mods":["AchievementEnabler","BaseMod","Colored Map","Highlight Path","Keyboard Shortcuts","Minty Spire (QoL Compilation)","Quick Restart","StSLib","SuperFastMode"],"gold_per_floor":[118,133,153,153,153,186,186,198,247,121,121,135,135,155,155,259,259,276,290,38,56,9,9,38,38,65,65,77,77,97,117,117,216,216,232,107,107,107,107],"floor_reached":38,"language":"KOR","playtime":1682,"items_purged":["Defend_R","Clash","Heavy Blade"],"score":396,"play_id":"974db4fc-c836-4f39-bc39-9156771e1f63","local_time":"20210117191226","is_ascension_mode":false,"campfire_choices":[{"data":"Seeing Red","floor":7.0,"key":"SMITH"},{"data":"Seeing Red","floor":11.0,"key":"SMITH"},{"data":"Flex","floor":13.0,"key":"SMITH"},{"floor":15.0,"key":"REST"},{"data":"Barricade","floor":23.0,"key":"SMITH"},{"data":"Metallicize","floor":29,"key":"SMITH"},{"data":"Body Slam","floor":32,"key":"SMITH"}],"circlet_count":0,"master_deck":["Bash","Seeing Red+1","Seeing Red+1","Flex+1","Flex","Infernal Blade","Battle Trance","Double Tap","Barricade+1","Dropkick","Shrug It Off","Double Tap","Thunderclap","Rage+1","Battle Trance","Metallicize+1","Body Slam+1","Flame Barrier","Dark Embrace+1","Madness","Madness"],"relics":["Burning Blood","Blood Vial","Sundial","Pen Nib","Pandora\u0027s Box","TheAbacus","Lantern","Enchiridion","Ancient Tea Set","Coffee Dripper"],"acts_visited":["Exordium","TheCity","TheBeyond"],"potions_floor_usage":[33,33,33,38],"damage_taken":[{"damage":9.0,"enemies":"Jaw Worm","floor":1.0,"turns":5.0},{"damage":5.0,"enemies":"2 Louse","floor":2.0,"turns":2.0},{"damage":7.0,"enemies":"Small Slimes","floor":3.0,"turns":3.0},{"damage":54.0,"enemies":"Gremlin Nob","floor":6.0,"turns":6.0},{"damage":8.0,"enemies":"Red Slaver","floor":8.0,"turns":2.0},{"damage":2.0,"enemies":"Blue Slaver","floor":12.0,"turns":2.0},{"damage":0.0,"enemies":"Large Slime","floor":14.0,"turns":3.0},{"damage":56.0,"enemies":"The Guardian","floor":16.0,"turns":9.0},{"damage":16.0,"enemies":"Shell Parasite","floor":18.0,"turns":3.0},{"damage":10.0,"enemies":"Chosen","floor":19.0,"turns":2.0},{"damage":24.0,"enemies":"Sentry and Sphere","floor":21.0,"turns":4.0},{"damage":1,"enemies":"Gremlin Leader","floor":24,"turns":2},{"damage":0,"enemies":"Snake Plant","floor":28,"turns":1},{"damage":0,"enemies":"3 Cultists","floor":30,"turns":5},{"damage":26,"enemies":"Sentry and Sphere","floor":31,"turns":6},{"damage":59,"enemies":"Collector","floor":33,"turns":10},{"damage":21,"enemies":"3 Darklings","floor":35,"turns":6},{"damage":92,"enemies":"2 Orb Walkers","floor":38,"turns":4}],"seed_played":"-4892888807226903979","potions_obtained":[{"floor":1.0,"key":"SpeedPotion"},{"floor":2.0,"key":"LiquidBronze"},{"floor":8.0,"key":"Dexterity Potion"},{"floor":16.0,"key":"Fire Potion"},{"floor":21.0,"key":"DistilledChaos"},{"floor":24,"key":"Ancient Potion"},{"floor":28,"key":"DuplicationPotion"},{"floor":30,"key":"Block Potion"},{"floor":35,"key":"BloodPotion"}],"is_trial":false,"path_per_floor":["M","M","M","?","?","E","R","M","T","$","R","M","R","M","R","B",null,"M","M","$","M","$","R","E","?","T","?","M","R","M","M","R","B",null,"M","$","?","?"],"character_chosen":"IRONCLAD","items_purchased":["Flex","TheAbacus","Thunderclap"],"campfire_rested":1,"item_purchase_floors":[10,20,22],"current_hp_per_floor":[77,80,79,84,84,37,37,37,37,37,37,43,43,51,76,28,85,81,79,79,69,69,69,76,60,60,60,68,68,76,58,58,7,85,70,70,59,0,0],"gold":107,"neow_bonus":"RANDOM_COMMON_RELIC","is_daily":false,"chose_seed":false,"campfire_upgraded":6,"win_rate":0.0,"timestamp":1610878346,"path_taken":["M","M","M","?","?","E","R","M","T","$","R","M","R","M","R","BOSS","M","M","$","M","$","R","E","?","T","?","?","R","M","M","R","BOSS","M","$","?","?"],"items_purchased_type":["Card","Relic","Card"],"build_version":"2020-12-22","purchased_purges":3,"victory":false,"max_hp_per_floor":[80,80,80,85,85,85,85,85,85,85,85,85,85,85,85,85,85,85,85,85,85,85,85,85,85,85,85,85,85,85,85,85,85,85,85,85,85,85,85],"card_choices":[{"not_picked":["Cleave","Warcry"],"picked":"Heavy Blade","floor":1.0},{"not_picked":["Dark Embrace","Thunderclap"],"picked":"Seeing Red","floor":2.0},{"not_picked":["Twin Strike","Clothesline","Perfected Strike"],"picked":"SKIP","floor":3.0},{"not_picked":["Body Slam","Sword Boomerang"],"picked":"Seeing Red","floor":6.0},{"not_picked":["Body Slam","Clash","Clothesline"],"picked":"SKIP","floor":8.0},{"not_picked":["Iron Wave","Shrug It Off"],"picked":"Flex","floor":12.0},{"not_picked":["Pommel Strike","Dual Wield"],"picked":"Infernal Blade","floor":14.0},{"not_picked":["Juggernaut","Berserk"],"picked":"Reaper","floor":16.0},{"not_picked":["Rampage","Battle Trance","Sword Boomerang"],"picked":"SKIP","floor":18.0},{"not_picked":["Hemokinesis","Sword Boomerang+1","Clash"],"picked":"SKIP","floor":19.0},{"not_picked":["Perfected Strike+1","Twin Strike+1","Sword Boomerang"],"picked":"SKIP","floor":21.0},{"not_picked":["Anger+1","Body Slam"],"picked":"Rage+1","floor":24},{"not_picked":["Reckless Charge","Demon Form"],"picked":"Metallicize","floor":28},{"not_picked":["Heavy Blade","Clothesline"],"picked":"Body Slam","floor":30},{"not_picked":["Whirlwind","Flex"],"picked":"Flame Barrier","floor":31},{"not_picked":["Anger+1","Body Slam"],"picked":"Dark Embrace+1","floor":35}],"player_experience":73686,"relics_obtained":[{"floor":6.0,"key":"Sundial"},{"floor":9.0,"key":"Pen Nib"},{"floor":24,"key":"Lantern"},{"floor":25,"key":"Enchiridion"},{"floor":26,"key":"Ancient Tea Set"}],"event_choices":[{"damage_healed":0.0,"max_hp_gain":5.0,"max_hp_loss":0.0,"gold_gain":0.0,"event_name":"Big Fish","player_choice":"Donut","floor":4.0,"gold_loss":0.0,"damage_taken":0.0},{"cards_removed":["Strike_R"],"damage_healed":0.0,"max_hp_gain":0.0,"max_hp_loss":0.0,"gold_gain":0.0,"event_name":"Living Wall","player_choice":"Forget","floor":5.0,"gold_loss":0.0,"damage_taken":0.0},{"damage_healed":0,"gold_gain":0,"player_choice":"Obtained Book","damage_taken":16,"max_hp_gain":0,"max_hp_loss":0,"event_name":"Cursed Tome","floor":25,"gold_loss":0},{"damage_healed":0,"gold_gain":0,"cards_transformed":["Reaper"],"player_choice":"Transformed","damage_taken":0,"max_hp_gain":0,"max_hp_loss":0,"event_name":"Transmorgrifier","floor":27,"gold_loss":0,"cards_obtained":["Battle Trance"]},{"damage_healed":0,"gold_gain":0,"player_choice":"Embrace Madness","damage_taken":11,"max_hp_gain":0,"max_hp_loss":0,"event_name":"Winding Halls","floor":37,"gold_loss":0,"cards_obtained":["Madness","Madness"]},{"damage_healed":0,"gold_gain":0,"player_choice":"Fight","damage_taken":0,"max_hp_gain":0,"max_hp_loss":0,"event_name":"Mysterious Sphere","floor":38,"gold_loss":0}],"is_beta":false,"boss_relics":[{"not_picked":["SlaversCollar","Busted Crown"],"picked":"Pandora\u0027s Box"},{"not_picked":["Runic Cube","Snecko Eye"],"picked":"Coffee Dripper"}],"items_purged_floors":[10,20,36],"is_endless":false,"potions_floor_spawned":[1,2,8,16,21,24,28,30,35],"killed_by":"2 Orb Walkers","ascension_level":0}}