{"host":"t5h83eruwt5lxl3o","time":1610860329,"event":{"mods":["AchievementEnabler","Act Like it!","BaseMod","CapriCore","Colored Map","DeckTracker","Hermit","Highlight Path","Koishi","Marisa£¨Ùöéë¡¡Øª×âÞÞ£©","Minty Spire (QoL Compilation)","Permanent Neow","Quick Restart","StSLib","SuperFastMode","The Cursed","The Immortal","everything is the same but u backflip on backflip"],"gold_per_floor":[118,137,137,155,168,168,188,25,100,100,130,55,55,55,55,130,130,159,82,82,82,82],"floor_reached":21,"language":"KOR","playtime":704,"items_purged":["Strike_R"],"score":327,"play_id":"c329eeae-643a-4b98-9dff-dd4de0d8ef3c","local_time":"20210117141209","is_ascension_mode":true,"campfire_choices":[{"data":"Combust","floor":6.0,"key":"SMITH"},{"floor":10.0,"key":"REST"},{"data":"Reaper","floor":15,"key":"SMITH"}],"circlet_count":0,"master_deck":["AscendersBane","Strike_R","Strike_R","Defend_R","Defend_R","Defend_R","Defend_R","Bash","Reaper+1","Combust+1","Shrug It Off","Rupture","Bloodletting","Combust+1","Exhume","CurseOfTheBell","Thunderclap","Blood for Blood"],"relics":["Burning Blood","Strange Spoon","Bottled Tornado","Mango","Calling Bell","MawBank","Paper Frog","Ginger"],"acts_visited":["Exordium","TheCity"],"potions_floor_usage":[16],"damage_taken":[{"damage":19.0,"enemies":"Jaw Worm","floor":1.0,"turns":4.0},{"damage":3.0,"enemies":"Cultist","floor":2.0,"turns":3.0},{"damage":12.0,"enemies":"Small Slimes","floor":4.0,"turns":3.0},{"damage":27.0,"enemies":"Red Slaver","floor":5.0,"turns":5.0},{"damage":22.0,"enemies":"3 Louse","floor":7.0,"turns":4.0},{"damage":31.0,"enemies":"Gremlin Nob","floor":11.0,"turns":5.0},{"damage":41,"enemies":"Slime Boss","floor":16,"turns":8},{"damage":69,"enemies":"Shell Parasite","floor":18,"turns":9},{"damage":24,"enemies":"Chosen","floor":21,"turns":3}],"seed_played":"8141669885811826407","potions_obtained":[{"floor":2.0,"key":"Weak Potion"},{"floor":5.0,"key":"CultistPotion"},{"floor":7.0,"key":"EssenceOfSteel"},{"floor":11.0,"key":"Swift Potion"}],"is_trial":false,"path_per_floor":["M","M","?","M","M","R","M","$","T","R","E","$","?","?","R","B",null,"M","$","?","M"],"character_chosen":"IRONCLAD","items_purchased":["Strange Spoon","Blood for Blood"],"campfire_rested":1,"item_purchase_floors":[8,19],"current_hp_per_floor":[41,44,44,45,29,29,23,23,23,45,45,45,45,45,45,32,75,12,12,12,0,0],"gold":82,"neow_bonus":"THREE_RARE_CARDS","is_daily":false,"chose_seed":false,"campfire_upgraded":2,"win_rate":0.0,"timestamp":1610860329,"path_taken":["M","M","?","M","M","R","M","?","T","R","E","$","?","?","R","BOSS","M","$","?","M"],"items_purchased_type":["Relic","Card"],"build_version":"2020-12-22","purchased_purges":1,"victory":false,"max_hp_per_floor":[75,75,75,75,75,75,75,75,75,75,89,89,89,89,89,89,89,89,89,89,89,89],"card_choices":[{"not_picked":["Brutality","Berserk"],"picked":"Reaper","floor":0.0},{"not_picked":["Warcry","Blood for Blood"],"picked":"Combust","floor":1.0},{"not_picked":["Cleave","Headbutt"],"picked":"Shrug It Off","floor":2.0},{"not_picked":["Inflame","Spot Weakness"],"picked":"Rupture","floor":4.0},{"not_picked":["Iron Wave","Second Wind","Perfected Strike"],"picked":"SKIP","floor":5.0},{"not_picked":["Heavy Blade","Pommel Strike"],"picked":"Bloodletting","floor":7.0},{"not_picked":["Fiend Fire","Havoc"],"picked":"Combust","floor":11.0},{"not_picked":["Corruption","Reaper"],"picked":"Exhume","floor":16},{"not_picked":["Armaments","Perfected Strike"],"picked":"Thunderclap","floor":18}],"player_experience":656814,"relics_obtained":[{"floor":9.0,"key":"Bottled Tornado"},{"floor":11.0,"key":"Mango"},{"floor":17,"key":"MawBank"},{"floor":17,"key":"Paper Frog"},{"floor":17,"key":"Ginger"}],"event_choices":[{"cards_removed":["Strike_R"],"damage_healed":0.0,"max_hp_gain":0.0,"max_hp_loss":0.0,"gold_gain":0.0,"event_name":"Bonfire Elementals","player_choice":"Offered Basic","floor":3.0,"gold_loss":0.0,"damage_taken":0.0},{"damage_healed":0,"gold_gain":0,"player_choice":"Ignored","damage_taken":0,"max_hp_gain":0,"max_hp_loss":0,"event_name":"Shining Light","floor":13,"gold_loss":0},{"damage_healed":0,"gold_gain":0,"player_choice":"Forge","damage_taken":0,"max_hp_gain":0,"max_hp_loss":0,"event_name":"Accursed Blacksmith","floor":14,"gold_loss":0,"cards_upgraded":["Combust"]},{"cards_removed":["Strike_R"],"damage_healed":0,"gold_gain":0,"player_choice":"Elegance","damage_taken":0,"max_hp_gain":0,"max_hp_loss":0,"event_name":"Back to Basics","floor":20,"gold_loss":0}],"is_beta":false,"boss_relics":[{"not_picked":["Snecko Eye","Cursed Key"],"picked":"Calling Bell"}],"items_purged_floors":[12],"is_endless":false,"potions_floor_spawned":[2,5,7,11],"killed_by":"Chosen","ascension_level":17}}