{"host":"87fdiiwflhrwsj8a","time":1610907640,"event":{"mods":["Aspiration","BaseMod","Better Match","Better Third Choice","BetterRewards","Colored Map","Conspire","GifTheSpireLib","Infinite Spire","Minty Spire (QoL Compilation)","Quick Restart","Relic Sorter","Replay The Spire","Robot Space Explorer","StSLib","Stuff the Spire","The Cursed","The Jungle","The Marked"],"gold_per_floor":[117,117,137,137,153,153,169,169,169,182,182,182,182,182,182,287,287,303,318,318,329,290,323,323,323,323,323,356,371,400,417,417,520,520,531,546,546,565,576,576,590,601,601,601,601,628,640,702,714,726,738,750,363,398,398],"floor_reached":56,"language":"ENG","playtime":4879,"items_purged":["Amnesia"],"score":1252,"play_id":"34508963-e24c-4f4d-83d1-26c322bc4706","local_time":"20210117132040","is_ascension_mode":false,"campfire_choices":[{"data":"theMarked:ParalyzingBlade","floor":6.0,"key":"SMITH"},{"data":"theMarked:SoldierOfQuellstein","floor":11,"key":"SMITH"},{"data":"infinitespire:Collect","floor":15,"key":"SMITH"},{"data":"theMarked:ThrowWeapon","floor":24,"key":"SMITH"},{"floor":27,"key":"REST"},{"floor":32,"key":"REST"},{"data":"theMarked:Challenge","floor":40,"key":"SMITH"},{"floor":45,"key":"RECALL"},{"floor":49,"key":"REST"},{"data":"theMarked:ComboAttacks","floor":52,"key":"SMITH"}],"circlet_count":0,"master_deck":["theMarked:Strike","theMarked:Strike","theMarked:Strike","theMarked:Strike","theMarked:Defend","theMarked:Defend","theMarked:Defend","theMarked:Defend","theMarked:SoldierOfQuellstein+1","theMarked:ParalyzingBlade+1","infinitespire:Collect+1","theMarked:ThrowWeapon+1","theMarked:Overthink+1","theMarked:Overthink","theMarked:Improvise+1","theMarked:WastefulAttack+1","theMarked:Challenge+1","theMarked:WardOff+1","theMarked:Aftermath+1","theMarked:ComboAttacks+1","theMarked:WastefulAttack+1","theMarked:KeepCalmAndFightOn+1","theMarked:RogueSparks+1","Secret Weapon+1","theMarked:ResourceFulStrike+1"],"relics":["theMarked:ArtifactOfAir","Ginger","Chemical X","conspire:SpecialSausage","Medical Kit","conspire:RunicOctahedron","aspiration:RitualStick","Oddly Smooth Stone","conspire:BottledYoYo","conspire:DecoderRing","PreservedInsect","Black Star","theMarked:BronzeBlade","Toxic Egg 2","infinitespire:EmpoweringShard","MawBank","StuffTheSpire:Nightcore","aspiration:AnachronicSnailShell","theMarked:Winder","Mummified Hand","Onion Ring"],"acts_visited":["Exordium","TheCity","TheBeyond","TheEnding"],"potions_floor_usage":[16,30,30,33,55,55,55],"damage_taken":[{"damage":0.0,"enemies":"2 Louse","floor":1.0,"turns":2.0},{"damage":2.0,"enemies":"Small Slimes","floor":3.0,"turns":3.0},{"damage":8.0,"enemies":"Jaw Worm","floor":5.0,"turns":2.0},{"damage":9.0,"enemies":"Large Slime","floor":7.0,"turns":8.0},{"damage":9,"enemies":"Blue Slaver","floor":10,"turns":4},{"damage":0,"enemies":"Slime Boss","floor":16,"turns":5},{"damage":10,"enemies":"2 Thieves","floor":18,"turns":3},{"damage":4,"enemies":"conspire:FuzzyDice","floor":19,"turns":4},{"damage":4,"enemies":"3 Cultists","floor":21,"turns":4},{"damage":16,"enemies":"Book of Stabbing","floor":23,"turns":4},{"damage":6,"enemies":"Replay:Snechameleon","floor":28,"turns":2},{"damage":0,"enemies":"Snecko","floor":29,"turns":2},{"damage":13,"enemies":"Slavers","floor":30,"turns":3},{"damage":15,"enemies":"Snake Plant","floor":31,"turns":2},{"damage":8,"enemies":"Automaton","floor":33,"turns":3},{"damage":0,"enemies":"3 Shapes","floor":35,"turns":3},{"damage":0,"enemies":"Orb Walker","floor":36,"turns":2},{"damage":2,"enemies":"3 Darklings","floor":38,"turns":3},{"damage":0,"enemies":"Spire Growth","floor":39,"turns":2},{"damage":0,"enemies":"Transient","floor":41,"turns":5},{"damage":22,"enemies":"4 Shapes","floor":42,"turns":5},{"damage":24,"enemies":"R_Hoarder","floor":46,"turns":5},{"damage":0,"enemies":"Mind Bloom Boss Battle","floor":48,"turns":2},{"damage":19,"enemies":"Replay:Hell Engine","floor":50,"turns":4},{"damage":15,"enemies":"Shield and Spear","floor":54,"turns":2},{"damage":57,"enemies":"The Heart","floor":55,"turns":5}],"seed_played":"-1748624725475429364","potions_obtained":[{"floor":1.0,"key":"Swift Potion"},{"floor":3.0,"key":"Cursed Concoction"},{"floor":10,"key":"Adrenaline Potion"},{"floor":21,"key":"Block Potion"},{"floor":30,"key":"BlessingOfTheForge"},{"floor":31,"key":"Explosive Potion"},{"floor":33,"key":"BlessingOfTheForge"},{"floor":38,"key":"LiquidBronze"}],"is_trial":false,"path_per_floor":["M","?","M","?","M","R","M","$","T","M","R","?","AVR","?","R","B",null,"M","M","?","M","$","E","R","?","T","R","E","M","E","M","R","B",null,"M","M","AVR","M","M","R","M","M","T","$","R","E","?","?","R","B",null,"R","$","E","B",null],"character_chosen":"THE_DEFAULT","items_purchased":["Chemical X","theMarked:Overthink","theMarked:Winder","theMarked:RogueSparks+1","Secret Weapon+1"],"campfire_rested":3,"item_purchase_floors":[0,22,53,53,53],"current_hp_per_floor":[49,70,68,68,60,60,51,51,51,42,42,47,47,47,47,47,75,65,61,46,42,42,26,26,26,26,48,42,42,29,14,36,28,75,75,75,75,73,73,73,73,51,51,51,51,31,31,31,53,34,75,75,75,60,3],"gold":398,"neow_bonus":"","is_daily":false,"chose_seed":false,"campfire_upgraded":6,"win_rate":0.0,"timestamp":1610907640,"path_taken":["M","?","M","?","M","R","M","$","T","M","R","?","AVR","?","R","BOSS","M","M","?","M","$","E","R","?","T","R","E","M","E","M","R","BOSS","M","M","AVR","M","M","R","M","M","T","$","R","E","?","?","R","BOSS","R","$","E","BOSS"],"items_purchased_type":["Relic","Card","Relic","Card","Card"],"build_version":"2020-12-22","purchased_purges":1,"victory":true,"max_hp_per_floor":[70,70,70,70,70,70,70,70,70,70,70,75,75,75,75,75,75,75,75,75,75,75,75,75,75,75,75,75,75,75,75,75,75,75,75,75,75,75,75,75,75,75,75,75,75,75,75,75,75,75,75,75,75,75,75],"card_choices":[{"not_picked":["theMarked:BanishingStrike","theMarked:LightningStrikesTwice","theMarked:EmpowerWeapon"],"picked":"SKIP","floor":1.0},{"not_picked":["theMarked:StartUp","theMarked:ElementalBlade"],"picked":"theMarked:ParalyzingBlade","floor":3.0},{"not_picked":["theMarked:Overcharge","theMarked:Frustration","theMarked:Static"],"picked":"SKIP","floor":5.0},{"not_picked":["theMarked:Convert","theMarked:Opportunist","theMarked:WastefulAttack"],"picked":"SKIP","floor":7.0},{"not_picked":["theMarked:ElectricStrings","theMarked:RepellingDischarge","theMarked:ChainLightning"],"picked":"SKIP","floor":10},{"not_picked":["theMarked:TurnInvisible","theMarked:UnarmedFury"],"picked":"theMarked:ThrowWeapon","floor":16},{"not_picked":["theMarked:Static","theMarked:Parry","theMarked:Frustration"],"picked":"SKIP","floor":18},{"not_picked":["theMarked:BanishingStrike","theMarked:WastefulAttack"],"picked":"theMarked:Overthink+1","floor":19},{"not_picked":["theMarked:Frustration+1","theMarked:ElectricStrings","theMarked:AttractMetal+1"],"picked":"SKIP","floor":21},{"not_picked":["theMarked:BanishingStrike","theMarked:Opportunist","theMarked:Standoff"],"picked":"SKIP","floor":23},{"not_picked":["theMarked:HeritageOfTheMarked","theMarked:Seal","theMarked:MysticalArsenal"],"picked":"SKIP","floor":28},{"not_picked":["theMarked:Parkour+1","theMarked:KeepCalmAndFightOn"],"picked":"theMarked:Improvise+1","floor":29},{"not_picked":["theMarked:Improvise","theMarked:Convert","theMarked:WastefulDefense"],"picked":"SKIP","floor":30},{"not_picked":["theMarked:Polarize+1","theMarked:Vacuum"],"picked":"theMarked:WastefulAttack+1","floor":31},{"not_picked":["theMarked:Vacuum","theMarked:FavorableWinds"],"picked":"theMarked:Challenge","floor":33},{"not_picked":["theMarked:ParalyzingBlade","theMarked:BanishingStrike","theMarked:Panic+1"],"picked":"SKIP","floor":35},{"not_picked":["theMarked:WastefulDefense+1","theMarked:Parkour+1","theMarked:Electrify"],"picked":"SKIP","floor":36},{"not_picked":["theMarked:WastefulAttack","theMarked:HeightenedSenses+1"],"picked":"theMarked:WardOff+1","floor":38},{"not_picked":["theMarked:Overthink+1","theMarked:SelfDefenseTraining"],"picked":"theMarked:Aftermath+1","floor":39},{"not_picked":["theMarked:SwordAndMagic","theMarked:RepellingDischarge+1"],"picked":"theMarked:ComboAttacks","floor":41},{"not_picked":["theMarked:SwordAndMagic+1","theMarked:EmpowerWeapon+1","theMarked:GodGivenPower"],"picked":"SKIP","floor":42},{"not_picked":["theMarked:HeritageOfTheMarked+1","theMarked:Convert+1"],"picked":"theMarked:WastefulAttack+1","floor":46},{"not_picked":["theMarked:WastefulAttack","theMarked:EmpowerWeapon+1"],"picked":"theMarked:KeepCalmAndFightOn+1","floor":48},{"not_picked":["theMarked:ChainLightning+1","theMarked:Electrocute"],"picked":"theMarked:ResourceFulStrike+1","floor":54}],"player_experience":2714254,"relics_obtained":[{"floor":23,"key":"Oddly Smooth Stone"},{"floor":26,"key":"conspire:BottledYoYo"},{"floor":28,"key":"conspire:DecoderRing"},{"floor":30,"key":"PreservedInsect"},{"floor":43,"key":"infinitespire:EmpoweringShard"},{"floor":46,"key":"MawBank"},{"floor":46,"key":"StuffTheSpire:Nightcore"},{"floor":48,"key":"aspiration:AnachronicSnailShell"},{"floor":54,"key":"Mummified Hand"},{"floor":54,"key":"Onion Ring"}],"event_choices":[{"damage_healed":0.0,"max_hp_gain":0.0,"max_hp_loss":0.0,"gold_gain":0.0,"event_name":"conspire:Investor","player_choice":"Leave","floor":4.0,"gold_loss":0.0,"damage_taken":0.0},{"damage_healed":0,"gold_gain":0,"player_choice":"Donut","damage_taken":0,"max_hp_gain":5,"max_hp_loss":0,"event_name":"Big Fish","floor":12,"gold_loss":0},{"cards_removed":["theMarked:Strike"],"damage_healed":0,"gold_gain":0,"player_choice":"Removed Attack","damage_taken":0,"max_hp_gain":0,"max_hp_loss":0,"event_name":"Falling","floor":47,"gold_loss":0},{"damage_healed":0,"gold_gain":0,"player_choice":"Fight","damage_taken":0,"max_hp_gain":0,"max_hp_loss":0,"event_name":"MindBloom","floor":48,"gold_loss":0}],"is_beta":false,"boss_relics":[{"not_picked":["Snecko Eye","conspire:RoyalGoblet"],"picked":"conspire:RunicOctahedron"},{"not_picked":["Coffee Dripper","theMarked:Eyepatch"],"picked":"Black Star"}],"items_purged_floors":[13],"is_endless":false,"potions_floor_spawned":[1,3,10,21,23,28,30,31,33,38,46,48],"ascension_level":0}}