{"host":"axuns55dzq466eei","time":1610888097,"event":{"mods":["BaseMod","Colored Map","Keyboard Shortcuts","Minty Spire (QoL Compilation)","StSLib","SuperFastMode"],"gold_per_floor":[112,131,131,143,154,154,169,169,169,169,187,205,217,217,217,217,217],"floor_reached":16,"language":"KOR","playtime":285,"items_purged":[],"score":192,"play_id":"427ef82c-bb70-4487-9add-373ffb653261","local_time":"20210117215457","is_ascension_mode":true,"campfire_choices":[{"data":"Zap","floor":6,"key":"SMITH"},{"data":"Chaos","floor":8,"key":"SMITH"},{"floor":15,"key":"REST"}],"circlet_count":0,"master_deck":["AscendersBane","Strike_B","Strike_B","Strike_B","Strike_B","Defend_B","Defend_B","Defend_B+1","Defend_B","Zap+1","Dualcast+1","Cold Snap","Barrage","Compile Driver","Sweeping Beam","Chaos+1","Electrodynamics","Coolheaded"],"relics":["Cracked Core","Mummified Hand"],"acts_visited":["Exordium"],"potions_floor_usage":[5,16],"damage_taken":[{"damage":9,"enemies":"2 Louse","floor":1,"turns":2},{"damage":7,"enemies":"Jaw Worm","floor":2,"turns":4},{"damage":2,"enemies":"Small Slimes","floor":4,"turns":3},{"damage":3,"enemies":"3 Louse","floor":5,"turns":3},{"damage":0,"enemies":"2 Fungi Beasts","floor":7,"turns":2},{"damage":12,"enemies":"Red Slaver","floor":11,"turns":3},{"damage":0,"enemies":"Lots of Slimes","floor":12,"turns":2},{"damage":1,"enemies":"Looter","floor":13,"turns":3},{"damage":44,"enemies":"Slime Boss","floor":16,"turns":7}],"seed_played":"-2730505063616741704","potions_obtained":[{"floor":1,"key":"AttackPotion"},{"floor":5,"key":"Energy Potion"},{"floor":7,"key":"SpeedPotion"}],"is_trial":false,"path_per_floor":["M","M","?","M","M","R","M","R","T","?","M","M","M","?","R","B"],"character_chosen":"DEFECT","items_purchased":[],"campfire_rested":1,"item_purchase_floors":[],"current_hp_per_floor":[62,55,32,30,27,27,27,27,27,27,15,15,14,14,37,0,0],"gold":217,"neow_bonus":"TEN_PERCENT_HP_BONUS","is_daily":false,"chose_seed":false,"campfire_upgraded":2,"win_rate":0.0,"timestamp":1610888097,"path_taken":["M","M","?","M","M","R","M","R","T","?","M","M","M","?","R","BOSS"],"items_purchased_type":[],"build_version":"2020-12-22","purchased_purges":0,"victory":false,"max_hp_per_floor":[78,78,78,78,78,78,78,78,78,78,78,78,78,78,78,78,78],"card_choices":[{"not_picked":["Lockon","Conserve Battery"],"picked":"Cold Snap","floor":1},{"not_picked":["Beam Cell","Hello World"],"picked":"Barrage","floor":2},{"not_picked":["Lockon","Barrage"],"picked":"Compile Driver","floor":4},{"not_picked":["Go for the Eyes","Steam"],"picked":"Sweeping Beam","floor":5},{"not_picked":["Sweeping Beam","White Noise"],"picked":"Chaos","floor":7},{"not_picked":["Tempest","Hologram","Leap"],"picked":"SKIP","floor":11},{"not_picked":["Leap","Gash"],"picked":"Electrodynamics","floor":12},{"not_picked":["Sweeping Beam","Gash"],"picked":"Coolheaded","floor":13}],"player_experience":1079942,"relics_obtained":[{"floor":9,"key":"Mummified Hand"}],"event_choices":[{"damage_healed":0,"gold_gain":0,"player_choice":"Entered Light","damage_taken":23,"max_hp_gain":0,"max_hp_loss":0,"event_name":"Shining Light","floor":3,"gold_loss":0,"cards_upgraded":["Dualcast","Defend_B"]},{"damage_healed":0,"gold_gain":0,"player_choice":"Ignored","damage_taken":0,"max_hp_gain":0,"max_hp_loss":0,"event_name":"Liars Game","floor":10,"gold_loss":0},{"damage_healed":0,"gold_gain":0,"player_choice":"Ignored","damage_taken":0,"max_hp_gain":0,"max_hp_loss":0,"event_name":"Golden Idol","floor":14,"gold_loss":0}],"is_beta":false,"boss_relics":[],"items_purged_floors":[],"is_endless":false,"potions_floor_spawned":[1,5,7,13],"killed_by":"Slime Boss","ascension_level":20}}