{"host":"jwbw4f4imxd0v0b0","time":1610921148,"event":{"mods":["BaseMod","Colored Map","Highlight Path","Minty Spire (QoL Compilation)","Relic Stats","StSLib"],"gold_per_floor":[119,133,144,69,69,69,88,98,149,183,203,227,277,277,277],"floor_reached":14,"language":"ENG","playtime":603,"items_purged":[],"score":161,"play_id":"6f4d9dd7-1e5c-487a-827e-bdd5518c5ab4","local_time":"20210117160548","is_ascension_mode":true,"campfire_choices":[{"data":"Blade Dance","floor":6.0,"key":"SMITH"}],"circlet_count":0,"master_deck":["AscendersBane","Strike_G","Strike_G","Strike_G","Defend_G","Defend_G","Defend_G","Defend_G","Defend_G","Survivor","Neutralize","Blade Dance","Deadly Poison","Blade Dance+1","Wraith Form v2","Deflect"],"relics":["Ring of the Snake","Nunchaku","Eternal Feather","Odd Mushroom"],"acts_visited":["Exordium"],"potions_floor_usage":[7,10],"damage_taken":[{"damage":1.0,"enemies":"Jaw Worm","floor":1.0,"turns":5.0},{"damage":1.0,"enemies":"Small Slimes","floor":2.0,"turns":4.0},{"damage":0.0,"enemies":"Cultist","floor":3.0,"turns":3.0},{"damage":5,"enemies":"Blue Slaver","floor":7,"turns":4},{"damage":12,"enemies":"Large Slime","floor":8,"turns":5},{"damage":15,"enemies":"Lagavulin","floor":10,"turns":6},{"damage":12,"enemies":"Lots of Slimes","floor":11,"turns":3},{"damage":15,"enemies":"The Mushroom Lair","floor":12,"turns":5},{"damage":16,"enemies":"Gremlin Nob","floor":14,"turns":4}],"seed_played":"-744555056737526471","potions_obtained":[{"floor":1.0,"key":"Weak Potion"},{"floor":3.0,"key":"ColorlessPotion"}],"is_trial":false,"path_per_floor":["M","M","M","?","?","R","M","M","T","E","M","?","?","E"],"character_chosen":"THE_SILENT","items_purchased":[],"campfire_rested":0,"item_purchase_floors":[],"current_hp_per_floor":[64,63,63,63,63,63,58,46,46,31,19,4,4,0,0],"gold":277,"neow_bonus":"TEN_PERCENT_HP_BONUS","is_daily":false,"chose_seed":false,"campfire_upgraded":1,"win_rate":0.0,"timestamp":1610921148,"path_taken":["M","M","M","?","?","R","M","?","T","E","M","?","?","E"],"items_purchased_type":[],"build_version":"2020-12-22","purchased_purges":0,"victory":false,"max_hp_per_floor":[72,72,72,72,72,72,72,72,72,72,72,72,72,72,72],"relic_stats":{"Nunchaku":[6],"counters":[9,39],"Eternal Feather":0,"obtain_stats":[{"Nunchaku":9,"Eternal Feather":10,"Odd Mushroom":12,"Ring of the Snake":0},{"Nunchaku":5,"Eternal Feather":6,"Odd Mushroom":8,"Ring of the Snake":0},{"Nunchaku":21,"Eternal Feather":27,"Odd Mushroom":35,"Ring of the Snake":0}],"Ring of the Snake":[18]},"card_choices":[{"not_picked":["Expertise","Masterful Stab"],"picked":"Blade Dance","floor":1.0},{"not_picked":["Endless Agony","Well Laid Plans"],"picked":"Deadly Poison","floor":2.0},{"not_picked":["Deadly Poison","Acrobatics"],"picked":"Blade Dance","floor":3.0},{"not_picked":["Eviscerate","Bane","Poisoned Stab"],"picked":"SKIP","floor":7},{"not_picked":["Tactician","Eviscerate","Infinite Blades"],"picked":"SKIP","floor":8},{"not_picked":["Reflex","Flying Knee","Flechettes"],"picked":"SKIP","floor":10},{"not_picked":["Predator","Catalyst"],"picked":"Wraith Form v2","floor":11},{"not_picked":["Masterful Stab","Endless Agony"],"picked":"Deflect","floor":12}],"player_experience":1085473,"relics_obtained":[{"floor":9,"key":"Nunchaku"},{"floor":10,"key":"Eternal Feather"},{"floor":12,"key":"Odd Mushroom"}],"event_choices":[{"cards_removed":["Strike_G"],"damage_healed":0.0,"max_hp_gain":0.0,"max_hp_loss":0.0,"gold_gain":0.0,"event_name":"The Cleric","player_choice":"Card Removal","floor":4.0,"gold_loss":75.0,"damage_taken":0.0},{"cards_removed":["Strike_G"],"damage_healed":0.0,"max_hp_gain":0.0,"max_hp_loss":0.0,"gold_gain":0.0,"event_name":"Bonfire Elementals","player_choice":"Offered Basic","floor":5.0,"gold_loss":0.0,"damage_taken":0.0},{"damage_healed":0,"gold_gain":0,"player_choice":"Fought Mushrooms","damage_taken":0,"max_hp_gain":0,"max_hp_loss":0,"event_name":"Mushrooms","floor":12,"gold_loss":0},{"damage_healed":0,"gold_gain":50,"player_choice":"Pray","damage_taken":0,"max_hp_gain":0,"max_hp_loss":0,"event_name":"Golden Shrine","floor":13,"gold_loss":0}],"is_beta":false,"boss_relics":[],"items_purged_floors":[],"is_endless":false,"potions_floor_spawned":[1,3],"killed_by":"Gremlin Nob","ascension_level":15}}