{"host":"ccw6t0i2dpm5wyxf","time":1610885354,"event":{"mods":["BaseMod","Colored Map","Minty Spire (QoL Compilation)","Permanent Neow"],"gold_per_floor":[167,167,132,155,155,155,180,211,236,250,263,263,303,478,478,608,608,608,608,0,0,0,0,0,0,0,0,0,0,0],"floor_reached":29,"language":"ENG","playtime":982,"items_purged":["Strike_G"],"score":293,"play_id":"95bc988d-5702-49ab-9b95-54153a052e64","local_time":"20210117060914","is_ascension_mode":true,"campfire_choices":[{"data":"Footwork","floor":6,"key":"SMITH"},{"floor":12,"key":"REST"},{"floor":15,"key":"REST"},{"floor":23,"key":"REST"},{"floor":28,"key":"REST"}],"circlet_count":0,"master_deck":["Strike_G+1","Strike_G","Strike_G+1","Strike_G+1","Defend_G","Defend_G","Defend_G","Defend_G","Defend_G","Survivor","Neutralize","Dagger Throw","Footwork+1","Slice","Pain","Outmaneuver","Glass Knife","Noxious Fumes","Dash","Doubt","Envenom","Backstab+1","Footwork+1","Infinite Blades","Accuracy+1","Outmaneuver+1","Venomology","Choke"],"relics":["Tiny House","Golden Idol","WarpedTongs","Bag of Marbles","Whetstone","Blood Vial","Ectoplasm","DollysMirror","FossilizedHelix","Orichalcum","Snake Skull"],"acts_visited":["Exordium","TheCity"],"potions_floor_usage":[8,8,13,13,16,16,21,24,27,27,29],"damage_taken":[{"damage":0,"enemies":"2 Louse","floor":1,"turns":3},{"damage":0,"enemies":"Cultist","floor":4,"turns":4},{"damage":7,"enemies":"Jaw Worm","floor":7,"turns":3},{"damage":27,"enemies":"Lagavulin","floor":8,"turns":7},{"damage":3,"enemies":"2 Fungi Beasts","floor":10,"turns":3},{"damage":4,"enemies":"Large Slime","floor":11,"turns":4},{"damage":13,"enemies":"3 Sentries","floor":13,"turns":6},{"damage":27,"enemies":"Hexaghost","floor":16,"turns":10},{"damage":17,"enemies":"Shell Parasite","floor":18,"turns":7},{"damage":4,"enemies":"2 Thieves","floor":21,"turns":4},{"damage":23,"enemies":"Snecko","floor":22,"turns":5},{"damage":30,"enemies":"Gremlin Leader","floor":24,"turns":7},{"damage":16,"enemies":"Snake Plant","floor":25,"turns":4},{"damage":20,"enemies":"Shelled Parasite and Fungi","floor":27,"turns":5},{"damage":34,"enemies":"Sentry and Sphere","floor":29,"turns":5}],"seed_played":"-1836541705363216896","potions_obtained":[{"floor":0,"key":"EntropicBrew"},{"floor":1,"key":"Poison Potion"},{"floor":10,"key":"PowerPotion"},{"floor":13,"key":"Dexterity Potion"},{"floor":16,"key":"Regen Potion"},{"floor":22,"key":"PowerPotion"},{"floor":24,"key":"Poison Potion"}],"is_trial":false,"path_per_floor":["M","?","?","M","?","R","M","E","T","M","M","R","E","?","R","B",null,"M","?","$","M","M","R","E","M","T","M","R","M"],"character_chosen":"THE_SILENT","items_purchased":["DollysMirror","FossilizedHelix","Infinite Blades"],"campfire_rested":4,"item_purchase_floors":[20,20,20],"current_hp_per_floor":[75,57,75,75,75,75,68,41,41,38,34,56,43,43,65,40,75,58,58,58,68,47,69,41,27,27,9,31,0,0],"gold":0,"neow_bonus":"BOSS_RELIC","is_daily":false,"chose_seed":false,"campfire_upgraded":1,"win_rate":0.0,"timestamp":1610885354,"path_taken":["M","?","?","M","?","R","?","E","T","M","M","R","E","?","R","BOSS","M","?","$","M","M","R","E","M","T","M","R","M"],"items_purchased_type":["Relic","Relic","Card"],"build_version":"2020-12-22","purchased_purges":1,"victory":false,"max_hp_per_floor":[75,75,75,75,75,75,75,75,75,75,75,75,75,75,75,75,75,75,75,75,75,75,75,75,75,75,75,75,75,75],"card_choices":[{"not_picked":["Setup","Acrobatics"],"picked":"Dagger Throw","floor":0},{"not_picked":["Outmaneuver","Cloak And Dagger"],"picked":"Footwork","floor":1},{"not_picked":["Caltrops","Concentrate"],"picked":"Slice","floor":4},{"not_picked":["Distraction","Quick Slash"],"picked":"Outmaneuver","floor":7},{"not_picked":["Predator","Dagger Spray"],"picked":"Glass Knife","floor":8},{"not_picked":["Bane","Heel Hook","Quick Slash"],"picked":"SKIP","floor":10},{"not_picked":["Crippling Poison","Underhanded Strike"],"picked":"Noxious Fumes","floor":11},{"not_picked":["Blade Dance","Riddle With Holes"],"picked":"Dash","floor":13},{"not_picked":["Storm of Steel","Unload"],"picked":"Envenom","floor":16},{"not_picked":["Poisoned Stab+1","Dagger Spray"],"picked":"Backstab+1","floor":18},{"not_picked":["PiercingWail","Dagger Spray"],"picked":"Accuracy+1","floor":21},{"not_picked":["Poisoned Stab","Finisher"],"picked":"Outmaneuver+1","floor":22},{"not_picked":["Acrobatics+1","Caltrops"],"picked":"Venomology","floor":24},{"not_picked":["Predator+1","Catalyst+1","Bane+1"],"picked":"SKIP","floor":25},{"not_picked":["Underhanded Strike","Deflect"],"picked":"Choke","floor":27}],"player_experience":270884,"relics_obtained":[{"floor":8,"key":"Bag of Marbles"},{"floor":9,"key":"Whetstone"},{"floor":13,"key":"Blood Vial"},{"floor":24,"key":"Orichalcum"},{"floor":26,"key":"Snake Skull"}],"event_choices":[{"damage_healed":0,"gold_gain":0,"player_choice":"Take Damage","damage_taken":18,"relics_obtained":["Golden Idol"],"max_hp_gain":0,"max_hp_loss":0,"event_name":"Golden Idol","floor":2,"gold_loss":0},{"damage_healed":18,"gold_gain":0,"player_choice":"Healed","damage_taken":0,"max_hp_gain":0,"max_hp_loss":0,"event_name":"The Cleric","floor":3,"gold_loss":35},{"damage_healed":0,"gold_gain":0,"player_choice":"Rummage","damage_taken":0,"relics_obtained":["WarpedTongs"],"max_hp_gain":0,"max_hp_loss":0,"event_name":"Accursed Blacksmith","floor":5,"gold_loss":0,"cards_obtained":["Pain"]},{"damage_healed":0,"gold_gain":175,"player_choice":"AGREE","damage_taken":0,"max_hp_gain":0,"max_hp_loss":0,"event_name":"Liars Game","floor":14,"gold_loss":0,"cards_obtained":["Doubt"]},{"damage_healed":0,"gold_gain":0,"player_choice":"Ignored","damage_taken":0,"max_hp_gain":0,"max_hp_loss":0,"event_name":"Ghosts","floor":19,"gold_loss":0}],"is_beta":false,"boss_relics":[{"not_picked":["SlaversCollar","Velvet Choker"],"picked":"Ectoplasm"}],"items_purged_floors":[20],"is_endless":false,"potions_floor_spawned":[1,10,13,16,22,24],"killed_by":"Sentry and Sphere","ascension_level":3}}