{"host":"vyjryxuuuxkt43k4","time":1610900024,"event":{"mods":["AchievementEnabler","BaseMod","Colored Map","DeckTracker","Keyboard Shortcuts","Minty Spire (QoL Compilation)","Permanent Neow","Quick Restart","StSLib","SuperFastMode","everything is the same but u backflip on backflip"],"gold_per_floor":[111,121,121,50,70,97,112,31,31,31,31,57,132,145,145,145,145],"floor_reached":16,"language":"KOR","playtime":445,"items_purged":[],"score":121,"play_id":"4ca6c480-180b-4a33-b9d4-39392096180a","local_time":"20210118011344","is_ascension_mode":true,"campfire_choices":[{"data":"Eruption","floor":10.0,"key":"SMITH"},{"data":"MentalFortress","floor":15.0,"key":"SMITH"}],"circlet_count":0,"master_deck":["Strike_P","Strike_P","Strike_P","Strike_P","Defend_P","Defend_P","Defend_P","Defend_P","Eruption+1","Vigilance","SandsOfTime","SignatureMove","TalkToTheHand","Meditate","MentalFortress+1","Injury","DeceiveReality"],"relics":["Cursed Key","FaceOfCleric","Meat on the Bone","HornCleat","Frozen Egg 2"],"acts_visited":["Exordium"],"potions_floor_usage":[16],"damage_taken":[{"damage":0.0,"enemies":"2 Louse","floor":1.0,"turns":2.0},{"damage":2.0,"enemies":"Cultist","floor":2.0,"turns":3.0},{"damage":12.0,"enemies":"Jaw Worm","floor":5.0,"turns":3.0},{"damage":26.0,"enemies":"Gremlin Nob","floor":6.0,"turns":4.0},{"damage":3.0,"enemies":"Blue Slaver","floor":7.0,"turns":3.0},{"damage":34.0,"enemies":"Lagavulin","floor":12.0,"turns":5.0},{"damage":9.0,"enemies":"3 Louse","floor":14.0,"turns":2.0},{"damage":17,"enemies":"The Guardian","floor":16,"turns":6}],"seed_played":"6047576504381337637","potions_obtained":[{"floor":1.0,"key":"AttackPotion"},{"floor":5.0,"key":"Block Potion"},{"floor":7.0,"key":"BottledMiracle"}],"is_trial":false,"path_per_floor":["M","M","?","$","M","E","M","$","T","R","$","E","?","M","R","B"],"character_chosen":"WATCHER","items_purchased":["TalkToTheHand","MentalFortress"],"campfire_rested":0,"item_purchase_floors":[4,8],"current_hp_per_floor":[72,70,70,70,59,34,44,44,44,44,44,23,12,16,16,0,0],"gold":145,"neow_bonus":"BOSS_RELIC","is_daily":false,"chose_seed":false,"campfire_upgraded":2,"win_rate":0.0,"timestamp":1610900024,"path_taken":["M","M","?","$","M","E","M","$","T","R","?","E","?","M","R","BOSS"],"items_purchased_type":["Card","Card"],"build_version":"2020-12-22","purchased_purges":0,"victory":false,"max_hp_per_floor":[72,72,72,72,73,74,75,75,75,75,75,76,76,77,77,77,77],"card_choices":[{"not_picked":["Tantrum","Collect"],"picked":"SandsOfTime","floor":1.0},{"not_picked":["BowlingBash","JustLucky"],"picked":"SignatureMove","floor":2.0},{"not_picked":["BowlingBash","CarveReality","FlurryOfBlows"],"picked":"SKIP","floor":5.0},{"not_picked":["SignatureMove","Pray"],"picked":"Meditate","floor":6.0},{"not_picked":["Study","Meditate","TalkToTheHand"],"picked":"SKIP","floor":7.0},{"not_picked":["Consecrate","Crescendo","Sanctity"],"picked":"SKIP","floor":12.0},{"not_picked":["WheelKick","FlurryOfBlows"],"picked":"DeceiveReality","floor":14.0}],"player_experience":424779,"relics_obtained":[{"floor":6.0,"key":"Meat on the Bone"},{"floor":9.0,"key":"HornCleat"},{"floor":12.0,"key":"Frozen Egg 2"}],"event_choices":[{"damage_healed":0.0,"max_hp_gain":0.0,"max_hp_loss":0.0,"gold_gain":0.0,"event_name":"FaceTrader","player_choice":"Trade","floor":3.0,"gold_loss":0.0,"damage_taken":0.0,"relics_obtained":["FaceOfCleric"]},{"damage_healed":0.0,"max_hp_gain":0.0,"max_hp_loss":0.0,"gold_gain":75.0,"event_name":"World of Goop","player_choice":"Gather Gold","floor":13.0,"gold_loss":0.0,"damage_taken":11.0}],"is_beta":false,"boss_relics":[],"items_purged_floors":[],"is_endless":false,"potions_floor_spawned":[1,5,7,14],"killed_by":"The Guardian","ascension_level":2}}