{"host":"kvh5342rl0c7vxi5","time":1610853761,"event":{"mods":["BaseMod","Downfall","Hermit","Jorbs\u0027s Wanderer Trilogy","Minty Spire (QoL Compilation)","Quick Restart","StSLib","SuperFastMode","The Poker Player"],"gold_per_floor":[20,37,37,53,67,94,6,6,6,36,36,61,61,95,95,192,192,209,227,243,243,518,544,544,577,577,592,611,65,65,81,81,184,184,201,201,213,231,506,506,533,533,533,557,557,577,68,85,85,85,85,85,27,27,27],"floor_reached":54,"language":"ENG","playtime":11843,"items_purged":["Regret","Regret"],"score":1083,"play_id":"382406a2-e887-4939-8ad2-a656fcb7dd21","local_time":"20210116222241","is_ascension_mode":true,"campfire_choices":[{"floor":8,"key":"REST"},{"floor":13,"key":"REST"},{"floor":15,"key":"REST"},{"floor":24,"key":"REST"},{"data":"hermit:Determination","floor":30,"key":"SMITH"},{"floor":32,"key":"REST"},{"floor":40,"key":"REST"},{"data":"hermit:FatalDesire","floor":42,"key":"SMITH"},{"floor":45,"key":"REST"},{"floor":49,"key":"RECALL"},{"floor":52,"key":"REST"}],"circlet_count":0,"master_deck":["hermit:Strike_Hermit","hermit:Strike_Hermit","hermit:Strike_Hermit","hermit:Defend_Hermit","hermit:Defend_Hermit","hermit:Defend_Hermit","hermit:Defend_Hermit","hermit:Snapshot","hermit:Covet","hermit:Deadeye","hermit:Brawl+1","hermit:TrackingShot","hermit:Malice","hermit:Deadeye","hermit:Deadeye","hermit:HoleUp","hermit:Glare+1","hermit:Midnight+1","hermit:Glare+1","hermit:SprayPray","hermit:Adapt","hermit:BodyArmor+1","hermit:OverwhelmingPower","hermit:BodyArmor+1","hermit:Headshot+1","hermit:Determination+1","Finesse+1","hermit:Gestalt+1","hermit:FlashPowder+1","hermit:Deadeye+1","hermit:Deadeye+1","Apotheosis+1","hermit:Scavenge+1","hermit:FatalDesire+1","hermit:BigShot+1","Pain","hermit:HoleUp+1","hermit:Adapt","Mind Blast+1","hermit:Enervate+1","hermit:TakeAim"],"relics":["hermit:Momento","Kunai","Toxic Egg 2","The Courier","StrikeDummy","PreservedInsect","Sozu","Meat on the Bone","Mummified Hand","StoneCalendar","Molten Egg 2","Runic Pyramid","WarpedTongs","Lee\u0027s Waffle","Mango"],"acts_visited":["Exordium","TheCity","TheBeyond","TheEnding"],"potions_floor_usage":[10,16],"damage_taken":[{"damage":2,"enemies":"2 Louse","floor":1,"turns":3},{"damage":2,"enemies":"Jaw Worm","floor":2,"turns":4},{"damage":0,"enemies":"Cultist","floor":4,"turns":3},{"damage":17,"enemies":"Red Slaver","floor":5,"turns":4},{"damage":30,"enemies":"Lagavulin","floor":6,"turns":6},{"damage":10,"enemies":"3 Sentries","floor":10,"turns":6},{"damage":21,"enemies":"Lagavulin","floor":12,"turns":7},{"damage":35,"enemies":"3 Sentries","floor":14,"turns":7},{"damage":38,"enemies":"Hexaghost","floor":16,"turns":9},{"damage":4,"enemies":"Chosen","floor":18,"turns":6},{"damage":4,"enemies":"Spheric Guardian","floor":19,"turns":6},{"damage":8,"enemies":"Snake Plant","floor":20,"turns":5},{"damage":48,"enemies":"Book of Stabbing","floor":23,"turns":7},{"damage":43,"enemies":"Gremlin Leader","floor":25,"turns":8},{"damage":2,"enemies":"Snecko","floor":27,"turns":5},{"damage":17,"enemies":"Shelled Parasite and Fungi","floor":28,"turns":7},{"damage":15,"enemies":"Chosen and Byrds","floor":31,"turns":7},{"damage":11,"enemies":"Collector","floor":33,"turns":8},{"damage":5,"enemies":"Orb Walker","floor":35,"turns":4},{"damage":11,"enemies":"3 Shapes","floor":37,"turns":7},{"damage":40,"enemies":"Transient","floor":38,"turns":5},{"damage":19,"enemies":"Sphere and 2 Shapes","floor":41,"turns":6},{"damage":8,"enemies":"Maw","floor":44,"turns":7},{"damage":27,"enemies":"Transient","floor":46,"turns":5},{"damage":24,"enemies":"Spire Growth","floor":48,"turns":7},{"damage":68,"enemies":"Awakened One","floor":50,"turns":14},{"damage":115,"enemies":"Shield and Spear","floor":54,"turns":4}],"seed_played":"-503747944510623252","potions_obtained":[{"floor":2,"key":"Strength Potion"},{"floor":6,"key":"PowerPotion"},{"floor":14,"key":"champ:CounterPotion"},{"floor":16,"key":"FairyPotion"}],"is_trial":false,"path_per_floor":["M","M","?","M","M","E","$","R","T","E","?","E","R","E","R","B",null,"M","M","M","T","?","E","R","E","T","M","M","$","R","M","R","B",null,"M","?","M","M","?","R","M","R","T","M","R","M","$","M","R","B",null,"R","$","E"],"character_chosen":"HERMIT","items_purchased":["hermit:Deadeye","hermit:HoleUp","hermit:Determination","Finesse+1","hermit:Gestalt+1","hermit:FlashPowder+1","hermit:Deadeye+1","hermit:Deadeye+1","Apotheosis+1","Lee\u0027s Waffle","Mango","Mind Blast+1","hermit:TakeAim"],"campfire_rested":8,"item_purchase_floors":[7,7,29,29,29,29,29,29,29,47,47,47,53],"current_hp_per_floor":[80,78,78,78,61,31,31,57,57,47,47,26,52,17,43,5,68,64,60,52,52,52,16,42,38,38,48,43,43,43,40,66,55,81,76,76,65,37,37,63,56,56,56,48,74,47,110,86,86,30,90,110,110,0,0],"gold":27,"neow_bonus":"TWENTY_PERCENT_HP_BONUS","is_daily":false,"chose_seed":false,"campfire_upgraded":2,"win_rate":0.0,"timestamp":1610853761,"path_taken":["M","M","?","M","M","E","?","R","T","E","?","E","R","E","R","BOSS","M","M","?","?","?","E","R","E","T","M","?","$","R","?","R","BOSS","M","?","?","M","?","R","M","R","T","M","R","?","$","?","R","BOSS","R","$","E"],"items_purchased_type":["Card","Card","Card","Card","Card","Card","Card","Card","Card","Relic","Relic","Card","Card"],"build_version":"2020-12-22","purchased_purges":2,"victory":false,"max_hp_per_floor":[89,89,89,89,89,89,89,89,89,89,89,89,89,89,89,89,89,89,89,89,89,89,89,89,89,89,89,89,89,89,89,89,89,89,89,89,89,89,89,89,89,89,89,89,89,89,110,110,110,110,110,110,110,110,110],"card_choices":[{"not_picked":["hermit:Dive","hermit:FullyLoaded"],"picked":"hermit:Deadeye","floor":1},{"not_picked":["hermit:Dive","hermit:TrackingShot"],"picked":"hermit:Brawl","floor":2},{"not_picked":["hermit:Roulette","hermit:BodyArmor"],"picked":"hermit:TrackingShot","floor":4},{"not_picked":["hermit:Feint","hermit:ItchyTrigger"],"picked":"hermit:Malice","floor":5},{"not_picked":["hermit:Headshot","hermit:LuckOfTheDraw"],"picked":"hermit:Deadeye","floor":6},{"not_picked":["hermit:OverwhelmingPower","hermit:Spite"],"picked":"hermit:Glare+1","floor":10},{"not_picked":["hermit:Reprieve+1","hermit:NoHoldsBarred"],"picked":"hermit:Glare+1","floor":12},{"not_picked":["hermit:Showdown","hermit:Roulette"],"picked":"hermit:SprayPray","floor":14},{"not_picked":["hermit:BlackWind","hermit:HeroicBravado+1"],"picked":"hermit:Adapt","floor":16},{"not_picked":["hermit:TrackingShot+1","hermit:Shortfuse+1","hermit:Roulette"],"picked":"SKIP","floor":18},{"not_picked":["hermit:TrackingShot","hermit:Coalescence+1"],"picked":"hermit:BodyArmor+1","floor":19},{"not_picked":["hermit:SprayPray","hermit:Coalescence+1"],"picked":"hermit:OverwhelmingPower","floor":20},{"not_picked":["hermit:CalledShot","hermit:LowProfile+1"],"picked":"hermit:BodyArmor+1","floor":23},{"not_picked":["hermit:Showdown","hermit:HighCaliber","hermit:FromBeyond+1"],"picked":"SKIP","floor":25},{"not_picked":["hermit:Midnight+1","hermit:ItchyTrigger+1","hermit:GoldenBullet+1"],"picked":"SKIP","floor":27},{"not_picked":["hermit:ItchyTrigger+1","hermit:Misfire+1"],"picked":"hermit:Headshot+1","floor":28},{"not_picked":["hermit:CalledShot+1","hermit:Snipe+1"],"picked":"hermit:Scavenge+1","floor":31},{"not_picked":["hermit:Reprieve+1","hermit:FinalCanter+1"],"picked":"hermit:FatalDesire","floor":33},{"not_picked":["hermit:Snipe+1","hermit:TrackingShot+1"],"picked":"hermit:BigShot+1","floor":35},{"not_picked":["hermit:BodyArmor+1","hermit:Roulette+1","hermit:Glare+1"],"picked":"SKIP","floor":37},{"not_picked":["hermit:Vantage+1","hermit:ItchyTrigger+1","hermit:Feint+1"],"picked":"SKIP","floor":38},{"not_picked":["hermit:WideOpen+1","hermit:Virtue+1"],"picked":"hermit:HoleUp+1","floor":41},{"not_picked":["hermit:HighCaliber+1","hermit:Roulette+1"],"picked":"hermit:Adapt","floor":44},{"not_picked":["hermit:Deadeye+1","hermit:TrackingShot+1","hermit:FullyLoaded+1"],"picked":"SKIP","floor":46},{"not_picked":["hermit:Coalescence+1","hermit:SprayPray+1"],"picked":"hermit:Enervate+1","floor":48}],"player_experience":546633,"relics_obtained":[{"floor":6,"key":"Kunai"},{"floor":9,"key":"Toxic Egg 2"},{"floor":10,"key":"The Courier"},{"floor":12,"key":"StrikeDummy"},{"floor":14,"key":"PreservedInsect"},{"floor":21,"key":"Meat on the Bone"},{"floor":23,"key":"Mummified Hand"},{"floor":25,"key":"StoneCalendar"},{"floor":26,"key":"Molten Egg 2"}],"event_choices":[{"damage_healed":0,"gold_gain":0,"player_choice":"Grow","damage_taken":0,"max_hp_gain":0,"max_hp_loss":0,"event_name":"Living Wall","floor":3,"gold_loss":0,"cards_upgraded":["hermit:Brawl"]},{"damage_healed":0,"gold_gain":0,"cards_transformed":["hermit:Strike_Hermit"],"player_choice":"Transformed","damage_taken":0,"max_hp_gain":0,"max_hp_loss":0,"event_name":"Transmorgrifier","floor":11,"gold_loss":0,"cards_obtained":["hermit:Midnight"]},{"damage_healed":0,"gold_gain":275,"player_choice":"Desecrate","damage_taken":0,"max_hp_gain":0,"max_hp_loss":0,"event_name":"Golden Shrine","floor":22,"gold_loss":0,"cards_obtained":["Regret"]},{"damage_healed":0,"gold_gain":0,"player_choice":"Rummage","damage_taken":0,"relics_obtained":["WarpedTongs"],"max_hp_gain":0,"max_hp_loss":0,"event_name":"Accursed Blacksmith","floor":36,"gold_loss":0,"cards_obtained":["Pain"]},{"damage_healed":0,"gold_gain":275,"player_choice":"Desecrate","damage_taken":0,"max_hp_gain":0,"max_hp_loss":0,"event_name":"Golden Shrine","floor":39,"gold_loss":0,"cards_obtained":["Regret"]}],"is_beta":false,"boss_relics":[{"not_picked":["bronze:MakeshiftBattery","SlaversCollar"],"picked":"Sozu"},{"not_picked":["hermit:DentedPlate","Snecko Eye"],"picked":"Runic Pyramid"}],"items_purged_floors":[29,47],"is_endless":false,"potions_floor_spawned":[2,6,14,16,20,23,28,35,37,44,46],"killed_by":"Shield and Spear","ascension_level":8}}