{"host":"tmgdm9kau0qip004","time":1610922400,"event":{"mods":["BaseMod","Downfall","KinomotoSakuraMod(ƒæ÷Æ±æ”£)","Marisa£®ÏF”Í°°ƒß¿Ì…≥£©","Minty Spire (QoL Compilation)","READ ME - Guardian Mod","Reimu£®≤©¿ˆ¡È√Œ£©","Remilia£®¿Ÿ√◊¿Ú—«£©","StSLib","The Senshi","Youmu£®ªÍ∆«—˝√Œ£©","Yuyuko","vexMod"],"gold_per_floor":[112,39,39,39,39,39,44,44,68,85,99,111,104,104,104,180,180,199,211,211,211,151,151,151,151],"floor_reached":24,"language":"ZHS","playtime":1151,"items_purged":["Poor:ReiMu"],"score":254,"play_id":"c7791178-3789-4688-9480-197875b3b168","local_time":"20210118062640","is_ascension_mode":false,"campfire_choices":[{"data":"Faramita\u0027s Temptation","floor":6.0,"key":"SMITH"},{"data":"Wandering Soul","floor":15.0,"key":"SMITH"},{"data":"Unfulfilling Attachment","floor":23,"key":"SMITH"}],"circlet_count":0,"master_deck":["Fantasy Butterflies","Fantasy Butterflies","Fantasy Butterflies","Fantasy Butterflies","Fantasy Butterflies","Dreamy Sakura","Dreamy Sakura","Dreamy Sakura","Dreamy Sakura","Dreamy Sakura","Deathly Ground","Faramita\u0027s Temptation+1","City of Death","Serene Spring","Gather the Spring","Wandering Soul+1","Ghostdom Sakura","Dancing Butterflies","End of Faramita","Unfulfilling Attachment+1","Redemption of Death"],"relics":["Coronal","Yuyuko\u0027s fan","NeowsBlessing","YidongShenshe:ReiMu","White Beast Statue","Boot","The Courier","Coffee Dripper"],"acts_visited":["Exordium","TheCity"],"potions_floor_usage":[16,16,16],"damage_taken":[{"damage":1.0,"enemies":"Jaw Worm","floor":1.0,"turns":1.0},{"damage":2.0,"enemies":"Lagavulin","floor":7.0,"turns":2.0},{"damage":1.0,"enemies":"2 Louse","floor":10.0,"turns":1.0},{"damage":7.0,"enemies":"Cultist","floor":11.0,"turns":2.0},{"damage":29.0,"enemies":"3 Sentries","floor":12.0,"turns":4.0},{"damage":17.0,"enemies":"Exordium Thugs","floor":13.0,"turns":3.0},{"damage":19.0,"enemies":"Looter","floor":14.0,"turns":3.0},{"damage":77,"enemies":"The Guardian","floor":16,"turns":13},{"damage":12,"enemies":"Spheric Guardian","floor":18,"turns":3},{"damage":35,"enemies":"2 Thieves","floor":19,"turns":3},{"damage":17,"enemies":"Centurion and Healer","floor":24,"turns":1}],"seed_played":"8598523377499735322","potions_obtained":[{"floor":10.0,"key":"Turbid Wine"},{"floor":11.0,"key":"Regen Potion"},{"floor":12.0,"key":"Weak Potion"},{"floor":13.0,"key":"Block Potion"},{"floor":16,"key":"Turbid Wine"},{"floor":16,"key":"Fire Potion"},{"floor":18,"key":"ZuzhouPotion:ReiMu"}],"is_trial":false,"path_per_floor":["M","$","?","?","$","R","E","?","T","M","M","E","M","M","R","B",null,"M","M","?","?","$","R","M"],"character_chosen":"YUYOKO","items_purchased":["Serene Spring"],"campfire_rested":0,"item_purchase_floors":[2],"current_hp_per_floor":[39,39,39,39,39,39,38,38,38,37,30,33,31,27,27,7,40,28,15,15,15,15,15,0,0],"gold":151,"neow_bonus":"THREE_ENEMY_KILL","is_daily":false,"chose_seed":false,"campfire_upgraded":3,"win_rate":0.0,"timestamp":1610922400,"path_taken":["M","$","?","?","$","R","E","?","T","M","?","E","M","M","R","BOSS","M","M","?","?","$","R","M"],"items_purchased_type":["Card"],"build_version":"2020-12-22","purchased_purges":1,"victory":false,"max_hp_per_floor":[40,40,40,40,40,40,40,40,40,40,40,40,40,40,40,40,40,40,40,40,40,40,40,40,40],"card_choices":[{"not_picked":["Phantom Gift","All Wander"],"picked":"City of Death","floor":1.0},{"not_picked":["Sweet of Phantom","Phantom Gift"],"picked":"Gather the Spring","floor":7.0},{"not_picked":["Mini Ghostdom","Sweet of Phantom"],"picked":"Wandering Soul","floor":10.0},{"not_picked":["Snow","Lunch"],"picked":"Ghostdom Sakura","floor":11.0},{"not_picked":["Serene Spring","Lunch","Open The Fan"],"picked":"SKIP","floor":12.0},{"not_picked":["Final of Final","Linger over Flower"],"picked":"Dancing Butterflies","floor":13.0},{"not_picked":["Gauzy Sakura","Dying Sakura"],"picked":"End of Faramita","floor":14.0},{"not_picked":["Revive The Butterflies","Sakura Sakura"],"picked":"Unfulfilling Attachment","floor":16},{"not_picked":["Chase The Sukhavati","End of Faramita"],"picked":"Redemption of Death","floor":18},{"not_picked":["Dancing Soul+1","Reverse The Screen+1","Steamed Phantom"],"picked":"SKIP","floor":19}],"player_experience":123274,"relics_obtained":[{"floor":7.0,"key":"White Beast Statue"},{"floor":9.0,"key":"Boot"},{"floor":12.0,"key":"The Courier"}],"event_choices":[{"damage_healed":0.0,"max_hp_gain":0.0,"max_hp_loss":0.0,"gold_gain":0.0,"event_name":"Liars Game","player_choice":"Ignored","floor":3.0,"gold_loss":0.0,"damage_taken":0.0},{"damage_healed":0.0,"max_hp_gain":0.0,"max_hp_loss":0.0,"gold_gain":0.0,"event_name":"yidonshenshe","player_choice":"¥¯◊ﬂ…Ò…Á","floor":4.0,"gold_loss":0.0,"damage_taken":0.0,"relics_obtained":["YidongShenshe:ReiMu"],"cards_obtained":["Poor:ReiMu"]},{"damage_healed":0.0,"max_hp_gain":0.0,"max_hp_loss":0.0,"gold_gain":0.0,"event_name":"NoteForYourself","player_choice":"Ignored","floor":8.0,"gold_loss":0.0,"damage_taken":0.0},{"damage_healed":0,"gold_gain":0,"player_choice":"Leave","damage_taken":0,"max_hp_gain":0,"max_hp_loss":0,"event_name":"FaceTrader","floor":21,"gold_loss":0}],"is_beta":false,"boss_relics":[{"not_picked":["Sozu","Ectoplasm"],"picked":"Coffee Dripper"}],"items_purged_floors":[22],"is_endless":false,"potions_floor_spawned":[10,11,12,13,14,16,18,19],"killed_by":"Centurion and Healer","ascension_level":0}}