{"host":"9j9ju8r45kuhshxi","time":1610881370,"event":{"mods":["BaseMod","Colored Map","Colored Powertips","Highlight Path","Minty Spire (QoL Compilation)","Replay The Spire","Ryuuou龙王","StSLib","[功能]功能增强和修复MOD"],"gold_per_floor":[119,138,140,165,244,244,284,329,353,403,460,469,494,519,519,629,629,648,648,642,651,681,681,713,713,713,756,756,775,804,822,822,935,935,951,951,1051,1055,1092,1092,1129,1129,1153,1192,1187,1187,1216,1267,1267,1267,1267,1267,1267,1298,1298],"floor_reached":56,"language":"ZHS","playtime":12436,"items_purged":["Strike_R","Strike_R","Strike_R","Defend_R","Defend_R","Defend_R","Strike_R","Secret Technique","Strike_R","Pommel Strike","Berserk","Armaments","Shrug It Off","Limit Break+1"],"score":2066,"play_id":"c9695e8a-36ca-40a0-b24d-8ec12da93c00","local_time":"20210117190250","is_ascension_mode":true,"campfire_choices":[{"floor":6,"key":"RECALL"},{"data":"Demon Form","floor":15,"key":"SMITH"},{"data":"Flex","floor":25,"key":"SMITH"},{"data":"Heavy Blade","floor":28,"key":"SMITH"},{"data":"Inflame","floor":32,"key":"SMITH"},{"data":"Bash","floor":40,"key":"SMITH"},{"data":"Burning Pact","floor":42,"key":"SMITH"},{"data":"Whirlwind","floor":46,"key":"SMITH"},{"data":"ReplayTheSpireMod:Muscle Training","floor":49,"key":"SMITH"},{"data":"Spot Weakness","floor":52,"key":"SMITH"}],"circlet_count":0,"master_deck":["Bash+1","Rampage","Flex+1","Burning Pact+1","Life Link","Infernal Blade","Demon Form+1","ReplayTheSpireMod:Muscle Training+1","Apotheosis","Flash of Steel","Heavy Blade+1","Combust","Spot Weakness+1","Immolate","Sever Soul","Inflame+1","Demon Form+1","ReplayTheSpireMod:Stacked+1","Pommel Strike+1","Twin Strike+1","Whirlwind+1","Pommel Strike+1","Carnage","Uppercut","Replay:Undeath\u0027s Touch+1","Limit Break+1","Feed+1","ReplayTheSpireMod:Limb From Limb+1","Shrug It Off+1","Hemogenesis+1"],"relics":["Burning Blood","CeramicFish","Toolbox","Orichalcum","King of Hearts","Bag of Preparation","ReplayTheSpireMod:ShopPack","Pen Nib","ReplayTheSpireMod:Spearhead","Membership Card","Art of War","Replay:Bottled Flurry","Omamori","Empty Cage","MutagenicStrength","Chemical X","Chameleon Ring","Eternal Feather","Divine Protection","Orrery","ReplayFunnel","Golden Egg","Tiny Chest","Toy Ornithopter","Sling","Akabeko","Philosopher\u0027s Stone","Brimstone","Sundial","Oddly Smooth Stone","Paper Frog","Ancient Tea Set","ReplayTheSpireMod:TigerMarble","BargainBundle","Happy Flower","FossilizedHelix","PreservedInsect","Blood Vial","Ornamental Fan","TheAbacus","CaptainsWheel"],"acts_visited":["Exordium","TheCity","TheBeyond","TheEnding"],"potions_floor_usage":[13,27,33,33,33,55,55,55],"damage_taken":[{"damage":1,"enemies":"Cultist","floor":1,"turns":3},{"damage":0,"enemies":"2 Louse","floor":2,"turns":3},{"damage":2,"enemies":"Jaw Worm","floor":4,"turns":2},{"damage":9,"enemies":"Lots of Slimes","floor":5,"turns":3},{"damage":12,"enemies":"Replay:BlueRogue","floor":7,"turns":4},{"damage":0,"enemies":"2 Fungi Beasts","floor":10,"turns":1},{"damage":1,"enemies":"Looter","floor":11,"turns":1},{"damage":1,"enemies":"Lagavulin","floor":13,"turns":1},{"damage":2,"enemies":"Exordium Thugs","floor":14,"turns":2},{"damage":6,"enemies":"The Guardian","floor":16,"turns":4},{"damage":2,"enemies":"2 Thieves","floor":18,"turns":2},{"damage":0,"enemies":"Slavers","floor":24,"turns":1},{"damage":0,"enemies":"Book of Stabbing","floor":27,"turns":2},{"damage":0,"enemies":"Chosen","floor":29,"turns":1},{"damage":0,"enemies":"Snecko","floor":30,"turns":1},{"damage":0,"enemies":"Collector","floor":33,"turns":1},{"damage":0,"enemies":"3 Darklings","floor":35,"turns":1},{"damage":0,"enemies":"Orb Walker","floor":39,"turns":1},{"damage":0,"enemies":"Giant Head","floor":41,"turns":3},{"damage":0,"enemies":"Reptomancer","floor":44,"turns":1},{"damage":0,"enemies":"Transient","floor":47,"turns":3},{"damage":0,"enemies":"Awakened One","floor":50,"turns":4},{"damage":0,"enemies":"Shield and Spear","floor":54,"turns":1},{"damage":5,"enemies":"The Heart","floor":55,"turns":5}],"seed_played":"-9044713095747799111","potions_obtained":[{"floor":1,"key":"DuplicationPotion"},{"floor":2,"key":"ColorlessPotion"},{"floor":2,"key":"Swift Potion"},{"floor":4,"key":"Toxic Potion"},{"floor":7,"key":"BlessingOfTheForge"},{"floor":11,"key":"Swift Potion"},{"floor":13,"key":"Weak Potion"},{"floor":14,"key":"Energy Potion"},{"floor":23,"key":"Regen Potion"},{"floor":23,"key":"SteroidPotion"},{"floor":29,"key":"HeartOfIron"},{"floor":33,"key":"ColorlessPotion"},{"floor":33,"key":"Elixir"},{"floor":35,"key":"Energy Potion"},{"floor":35,"key":"EssenceOfSteel"},{"floor":39,"key":"Strength Potion"},{"floor":47,"key":"Toxic Potion"}],"is_trial":false,"path_per_floor":["M","M","$","M","M","R","E","$","T","M","M","$","E","M","R","B",null,"M","?","$","?","$","R","E","R","T","E","R","M","M","$","R","B",null,"M","?","?","$","M","R","E","R","T","E","$","R","M","T","R","B",null,"R","$","E","B",null],"character_chosen":"IRONCLAD","items_purchased":["Toolbox","Orichalcum","King of Hearts","Flex","Burning Pact","Life Link","ReplayTheSpireMod:ShopPack","Pen Nib","ReplayTheSpireMod:Spearhead","ReplayTheSpireMod:Muscle Training","Apotheosis","Membership Card","Art of War","Replay:Bottled Flurry","Combust","Chemical X","Chameleon Ring","Eternal Feather","Inflame","Divine Protection","Orrery","Toy Ornithopter","Sling","Akabeko","Replay:Undeath\u0027s Touch+1","Limit Break","Brimstone","Sundial","Oddly Smooth Stone","Feed","BargainBundle","Happy Flower","FossilizedHelix","Blood Vial","Ornamental Fan","TheAbacus"],"campfire_rested":0,"item_purchase_floors":[3,3,3,3,3,3,8,8,8,8,8,12,12,12,12,20,20,20,20,22,22,31,31,31,31,31,38,38,38,38,45,45,45,53,53,53],"current_hp_per_floor":[77,80,80,80,77,77,71,71,71,77,80,80,80,80,80,80,80,80,80,80,80,80,80,80,80,80,80,80,80,80,80,80,80,80,80,76,76,76,76,76,80,80,80,80,80,80,80,80,80,84,84,84,84,84,84],"gold":1298,"neow_bonus":"RANDOM_COMMON_RELIC","is_daily":false,"chose_seed":false,"campfire_upgraded":9,"win_rate":0.0,"timestamp":1610881370,"path_taken":["M","M","$","M","M","R","E","?","T","M","M","$","E","M","R","BOSS","M","?","$","?","$","R","E","R","T","E","R","?","M","$","R","BOSS","M","?","?","$","M","R","E","R","T","E","$","R","M","?","R","BOSS","R","$","E","BOSS"],"items_purchased_type":["Relic","Relic","Relic","Card","Card","Card","Relic","Relic","Relic","Card","Card","Relic","Relic","Relic","Card","Relic","Relic","Relic","Card","Relic","Relic","Relic","Relic","Relic","Card","Card","Relic","Relic","Relic","Card","Relic","Relic","Relic","Relic","Relic","Relic"],"build_version":"2020-12-22","purchased_purges":14,"victory":true,"max_hp_per_floor":[80,80,80,80,80,80,80,80,80,80,80,80,80,80,80,80,80,80,80,80,80,80,80,80,80,80,80,80,80,80,80,80,80,80,80,76,76,76,76,76,80,80,80,80,80,80,80,80,80,84,84,84,84,84,84],"card_choices":[{"not_picked":["Defy Death","Sword Boomerang"],"picked":"Rampage","floor":1},{"not_picked":["Rampage","Havoc"],"picked":"Armaments","floor":2},{"not_picked":["Sword Boomerang","Power Through"],"picked":"Shrug It Off","floor":4},{"not_picked":["Sword Boomerang","Thunderclap"],"picked":"Infernal Blade","floor":5},{"not_picked":["Intimidate","Sword Boomerang"],"picked":"Demon Form","floor":7},{"not_picked":["Thinking Ahead","ReplayTheSpireMod:Necrogeddon"],"picked":"Secret Technique","floor":8},{"not_picked":["Transmutation","Blind"],"picked":"Flash of Steel","floor":8},{"not_picked":["Good Instincts","ReplayTheSpireMod:Private Reserves"],"picked":"Flash of Steel","floor":8},{"not_picked":["Carnage","Dual Wield"],"picked":"Heavy Blade","floor":10},{"not_picked":["Sentinel","True Grit"],"picked":"Pommel Strike","floor":11},{"not_picked":["Headbutt","Shrug It Off","True Grit"],"picked":"SKIP","floor":13},{"not_picked":["Intimidate","Heavy Blade"],"picked":"Spot Weakness","floor":14},{"not_picked":["Eclipse","Corruption"],"picked":"Immolate","floor":16},{"not_picked":["Pommel Strike","Havoc"],"picked":"Sever Soul","floor":18},{"not_picked":["Pommel Strike","Body Slam"],"picked":"ReplayTheSpireMod:Stacked+1","floor":22},{"not_picked":["Defy Death","Iron Wave"],"picked":"Pommel Strike+1","floor":22},{"not_picked":["Flex","Infernal Blade"],"picked":"Twin Strike+1","floor":22},{"not_picked":["ReplayTheSpireMod:Corrosion Curse+1","Blood for Blood+1"],"picked":"Whirlwind","floor":22},{"not_picked":["Headbutt","Iron Wave"],"picked":"Berserk","floor":22},{"not_picked":["ReplayTheSpireMod:Stacked","ReplayReversal","Anger"],"picked":"SKIP","floor":24},{"not_picked":["Perfected Strike+1","ReplayTheSpireMod:Stacked+1"],"picked":"Pommel Strike+1","floor":27},{"not_picked":["Evolve","Heavy Blade"],"picked":"Carnage","floor":29},{"not_picked":["Perfected Strike","Dropkick"],"picked":"Uppercut","floor":30},{"not_picked":["Immolate","Reaper"],"picked":"Limit Break","floor":33},{"not_picked":["Headbutt+1","Wild Strike+1","Anger"],"picked":"SKIP","floor":35},{"not_picked":["Run Through","Combust","Sentinel+1"],"picked":"SKIP","floor":39},{"not_picked":["Combust","Perfected Strike+1"],"picked":"ReplayTheSpireMod:Limb From Limb+1","floor":41},{"not_picked":["Seeing Red+1","Intimidate+1"],"picked":"Shrug It Off+1","floor":44},{"not_picked":["ReplayTheSpireMod:Strike From Hell","Armaments+1"],"picked":"Hemogenesis","floor":47},{"not_picked":["Reaper","Replay:Undeath\u0027s Touch+1","Burning Pact"],"picked":"SKIP","floor":54}],"player_experience":132426,"relics_obtained":[{"floor":7,"key":"Bag of Preparation"},{"floor":13,"key":"Omamori"},{"floor":24,"key":"ReplayFunnel"},{"floor":26,"key":"Golden Egg"},{"floor":27,"key":"Tiny Chest"},{"floor":41,"key":"Paper Frog"},{"floor":43,"key":"Ancient Tea Set"},{"floor":44,"key":"ReplayTheSpireMod:TigerMarble"},{"floor":48,"key":"PreservedInsect"},{"floor":54,"key":"CaptainsWheel"}],"event_choices":[{"damage_healed":0,"gold_gain":0,"player_choice":"Inject Mutagens","damage_taken":0,"relics_obtained":["MutagenicStrength"],"max_hp_gain":0,"max_hp_loss":0,"event_name":"Drug Dealer","floor":19,"gold_loss":0},{"damage_healed":0,"gold_gain":0,"player_choice":"Copied","damage_taken":0,"max_hp_gain":0,"max_hp_loss":0,"event_name":"Duplicator","floor":21,"gold_loss":0,"cards_obtained":["Demon Form"]},{"damage_healed":0,"gold_gain":0,"player_choice":"Max HP","damage_taken":0,"max_hp_gain":0,"max_hp_loss":4,"event_name":"Winding Halls","floor":36,"gold_loss":0},{"damage_healed":0,"gold_gain":100,"player_choice":"Pray","damage_taken":0,"max_hp_gain":0,"max_hp_loss":0,"event_name":"Golden Shrine","floor":37,"gold_loss":0}],"is_beta":false,"boss_relics":[{"not_picked":["Replay:Drink Me","Velvet Choker"],"picked":"Empty Cage"},{"not_picked":["Ooze Armor","Snecko Eye"],"picked":"Philosopher\u0027s Stone"}],"items_purged_floors":[3,3,3,3,3,20,20,20,22,22,22,38,45,45],"is_endless":false,"potions_floor_spawned":[1,2,2,4,7,7,7,10,10,11,13,14,16,16,18,24,24,24,29,29,30,33,33,35,35,35,39,41,44,47,47,54],"ascension_level":9}}