{"host":"7z9izfsmsy4azoxx","time":1610883809,"event":{"mods":["AchievementEnabler","BaseMod","Colored Map","Custom Start","Hermit","Minty Spire (QoL Compilation)","Replay The Spire","StSLib","SuperFastMode"],"gold_per_floor":[54654770,54653890,54653890,54653890,54653906,54653926,54653946,54653972,54653972,54653972,54653998,54654033,54654061,54654061,54654061,54654081,54654081,54654158,54654158,54654174,54654174,54654191,54654116,54653305,54653305,54653316,54653316,54653316,54653316,54653336,54653354,54653372,54653391,54653391,54653463,54653463,54653481,54651771,54651784,54649960,54649960,54649994,54649994,54648400,54648436,54648457,54648472,54648490,54648509,54648552,54648552,54648552,54648552,54648552,54648552,54647776,54647808,54647808],"floor_reached":59,"language":"KOR","playtime":1580,"items_purged":["Strike_R","Strike_R","Defend_R","Defend_R","Demonic Infusion+1","Demon Form"],"score":3297,"play_id":"5a4299ce-b275-4cff-b32f-66cc7b57fde1","local_time":"20210117204329","is_ascension_mode":true,"campfire_choices":[{"data":"Demonic Infusion","floor":9,"key":"SMITH"},{"data":"Body Slam","floor":17,"key":"SMITH"},{"data":"Barricade","floor":25,"key":"SMITH"},{"data":"Eclipse","floor":29,"key":"SMITH"},{"data":"Second Wind","floor":34,"key":"SMITH"},{"floor":43,"key":"RECALL"},{"data":"Entrench","floor":51,"key":"SMITH"},{"data":"Feel No Pain","floor":55,"key":"SMITH"}],"circlet_count":0,"master_deck":["AscendersBane","Defend_R+1","Bash","Second Wind+1","Body Slam+1","Barricade+1","Power Through+1","Flame Barrier+1","Feel No Pain+1","Fiend Fire+1","ReplayTheSpireMod:Faulty Equipment","Body Slam+1","Entrench+1"],"relics":["Burning Blood","ReplayFunnel","Replay:Mystery Machine","ClockworkSouvenir","Blue Doll","ReplayTheSpireMod:Ring of Exchange","Ring of Searing","Strawberry","Toy Ornithopter","Odd Mushroom","Self Forming Clay","Matryoshka","Happy Flower","Shuriken","Coffee Dripper","Paper Frog","Sozu","Replay:Rubber Ducky","Champion Belt","ReplayTheSpireMod:Spearhead","Empty Cage","CeramicFish","War Paint","Centennial Puzzle","Cursed Key","HornCleat","Vajra","Oddly Smooth Stone","Pear","Blood Vial","ReplayTheSpireMod:ShopPack","Incense Burner"],"acts_visited":["Exordium","TheCity","TheBeyond","TheEnding"],"potions_floor_usage":[8,13,13,26,58,58],"damage_taken":[{"damage":5,"enemies":"Small Slimes","floor":1,"turns":5},{"damage":8,"enemies":"2 Louse","floor":5,"turns":3},{"damage":4,"enemies":"Jaw Worm","floor":6,"turns":4},{"damage":18,"enemies":"3 Louse","floor":7,"turns":6},{"damage":0,"enemies":"Gremlin Nob","floor":8,"turns":3},{"damage":25,"enemies":"3 Sentries","floor":12,"turns":7},{"damage":31,"enemies":"The Mushroom Lair","floor":13,"turns":5},{"damage":23,"enemies":"Exordium Thugs","floor":16,"turns":3},{"damage":22,"enemies":"Slime Boss","floor":18,"turns":10},{"damage":10,"enemies":"Spheric Guardian","floor":20,"turns":6},{"damage":36,"enemies":"2 Thieves","floor":22,"turns":4},{"damage":27,"enemies":"3 Cultists","floor":26,"turns":6},{"damage":10,"enemies":"Centurion and Healer","floor":30,"turns":5},{"damage":3,"enemies":"Snecko","floor":31,"turns":5},{"damage":0,"enemies":"3 Cultists","floor":32,"turns":4},{"damage":8,"enemies":"Snake Plant","floor":33,"turns":6},{"damage":0,"enemies":"Collector","floor":35,"turns":10},{"damage":12,"enemies":"Orb Walker","floor":37,"turns":3},{"damage":53,"enemies":"3 Shapes","floor":39,"turns":5},{"damage":0,"enemies":"R_Hoarder","floor":42,"turns":10},{"damage":0,"enemies":"Maw","floor":46,"turns":5},{"damage":0,"enemies":"Sphere and 2 Shapes","floor":47,"turns":4},{"damage":0,"enemies":"Transient","floor":48,"turns":6},{"damage":0,"enemies":"Maw","floor":49,"turns":4},{"damage":12,"enemies":"Nemesis","floor":50,"turns":7},{"damage":8,"enemies":"Time Eater","floor":52,"turns":6},{"damage":0,"enemies":"Donu and Deca","floor":53,"turns":6},{"damage":20,"enemies":"Shield and Spear","floor":57,"turns":8},{"damage":15,"enemies":"The Heart","floor":58,"turns":9}],"seed_played":"1299821468737363322","potions_obtained":[{"floor":8,"key":"EssenceOfSteel"},{"floor":26,"key":"Milkshake"}],"is_trial":false,"path_per_floor":["M","$","PTL","PTL","M","M","M","E","R","?","T","E","?","?","T","M","R","B",null,"M","?","M","?","$","R","M","?","T","R","M","M","M","M","R","B",null,"M","$","M","$","?","E","R","$","T","M","M","M","M","E","R","B","B",null,"R","$","E","B",null],"character_chosen":"IRONCLAD","items_purchased":["ReplayFunnel","Replay:Mystery Machine","Demonic Infusion","ClockworkSouvenir","Reflective Coating","Dexterity Potion","Self Forming Clay","Matryoshka","CultistPotion","BloodPotion","Paper Frog","Sozu","Replay:Rubber Ducky","Feel No Pain","Champion Belt","ReplayTheSpireMod:Spearhead","Fiend Fire+1","Empty Cage","War Paint","Centennial Puzzle","Cursed Key","Pear","Blood Vial","ReplayTheSpireMod:ShopPack"],"campfire_rested":0,"item_purchase_floors":[2,2,2,2,2,2,24,24,24,24,38,38,38,38,40,40,40,40,44,44,44,56,56,56],"current_hp_per_floor":[51,51,51,51,49,51,39,45,45,45,52,33,18,18,18,55,55,39,71,67,67,37,37,37,37,37,37,37,37,33,36,42,40,40,46,73,67,67,20,20,20,26,26,26,26,32,38,44,50,44,44,42,48,74,74,84,72,75],"gold":54647808,"neow_bonus":"REMOVE_TWO","is_daily":false,"chose_seed":false,"campfire_upgraded":7,"win_rate":0.0,"timestamp":1610883809,"path_taken":["M","$","PTL","PTL","M","M","M","E","R","?","T","E","?","?","?","?","R","BOSS","M","?","?","?","$","R","M","?","T","R","?","M","M","M","R","BOSS","M","$","M","$","?","E","R","$","T","?","M","M","M","E","R","BOSS","BOSS","R","$","E","BOSS"],"items_purchased_type":["Relic","Relic","Card","Relic","Potion","Potion","Relic","Relic","Potion","Potion","Relic","Relic","Relic","Card","Relic","Relic","Card","Relic","Relic","Relic","Relic","Relic","Relic","Relic"],"build_version":"2020-12-22","purchased_purges":6,"victory":true,"max_hp_per_floor":[75,75,75,75,75,75,75,75,75,75,82,82,82,82,82,82,82,82,82,82,82,82,82,82,82,82,82,82,82,82,82,82,82,82,82,82,82,82,82,82,82,82,82,82,82,82,82,82,82,82,82,82,82,82,82,92,92,92],"card_choices":[{"not_picked":["Armaments","Replay:Undeath\u0027s Touch"],"picked":"Anger","floor":1},{"not_picked":["Abandon","Whirlwind","Headbutt"],"picked":"SKIP","floor":5},{"not_picked":["Armaments","Heavy Blade","ReplayTheSpireMod:Muscle Training"],"picked":"SKIP","floor":6},{"not_picked":["Headbutt","Hemokinesis"],"picked":"Eclipse","floor":7},{"not_picked":["Twin Strike","Intimidate","Entrench"],"picked":"SKIP","floor":8},{"not_picked":["Battle Trance","Flex","Armaments"],"picked":"SKIP","floor":12},{"not_picked":["Pummel","Run Through"],"picked":"Second Wind","floor":13},{"not_picked":["Evolve","Headbutt"],"picked":"Body Slam","floor":16},{"not_picked":["Limit Break","Offering"],"picked":"Barricade","floor":18},{"not_picked":["Twin Strike","Bloodletting","Replay:Undeath\u0027s Touch"],"picked":"SKIP","floor":20},{"not_picked":["Headbutt","Clash"],"picked":"Power Through","floor":22},{"not_picked":["ReplayTheSpireMod:Strike From Hell","Clothesline","Flex"],"picked":"SKIP","floor":26},{"not_picked":["Inflame","Seeing Red","Run Through"],"picked":"SKIP","floor":30},{"not_picked":["Perfected Strike+1","Clash","Wild Strike"],"picked":"SKIP","floor":31},{"not_picked":["Twin Strike","Heavy Blade","Pummel"],"picked":"SKIP","floor":32},{"not_picked":["True Grit","Dual Wield"],"picked":"Flame Barrier+1","floor":33},{"not_picked":["Perfected Strike","Run Through","ReplayTheSpireMod:LeadingStrike+1"],"picked":"SKIP","floor":37},{"not_picked":["Flex","Iron Wave","Clothesline"],"picked":"SKIP","floor":39},{"not_picked":["Cleave","Pommel Strike","Run Through"],"picked":"SKIP","floor":42},{"not_picked":["Reckless Charge","Dropkick+1"],"picked":"Body Slam+1","floor":46},{"not_picked":["Whirlwind+1","Clothesline","Inflame"],"picked":"SKIP","floor":47},{"not_picked":["Eclipse","Shockwave","Twin Strike"],"picked":"SKIP","floor":48},{"not_picked":["Spot Weakness","Metallicize","Ghostly Armor+1"],"picked":"SKIP","floor":49},{"not_picked":["Clash","Cleave"],"picked":"Entrench","floor":50},{"not_picked":["Armaments+1","Sword Boomerang","Havoc+1"],"picked":"SKIP","floor":57}],"player_experience":528018,"relics_obtained":[{"floor":8,"key":"Blue Doll"},{"floor":10,"key":"ReplayTheSpireMod:Ring of Exchange"},{"floor":10,"key":"Ring of Searing"},{"floor":11,"key":"Strawberry"},{"floor":12,"key":"Toy Ornithopter"},{"floor":13,"key":"Odd Mushroom"},{"floor":28,"key":"Happy Flower"},{"floor":28,"key":"Shuriken"},{"floor":42,"key":"CeramicFish"},{"floor":45,"key":"HornCleat"},{"floor":45,"key":"Vajra"},{"floor":50,"key":"Oddly Smooth Stone"},{"floor":57,"key":"Incense Burner"}],"event_choices":[{"damage_healed":0,"gold_gain":0,"player_choice":"Fought Mushrooms","damage_taken":0,"max_hp_gain":0,"max_hp_loss":0,"event_name":"Mushrooms","floor":13,"gold_loss":0},{"damage_healed":0,"gold_gain":0,"player_choice":"Ignored","damage_taken":0,"max_hp_gain":0,"max_hp_loss":0,"event_name":"Shining Light","floor":14,"gold_loss":0},{"cards_removed":["Strike_R"],"damage_healed":0,"gold_gain":0,"player_choice":"Card Removal","damage_taken":0,"max_hp_gain":0,"max_hp_loss":0,"event_name":"Wheel of Change","floor":21,"gold_loss":0},{"cards_removed":["Delirium"],"damage_healed":0,"gold_gain":0,"player_choice":"Gave Gold","damage_taken":0,"max_hp_gain":0,"max_hp_loss":0,"event_name":"Beggar","floor":23,"gold_loss":75},{"damage_healed":0,"gold_gain":0,"player_choice":"0 cards matched","damage_taken":0,"max_hp_gain":0,"max_hp_loss":0,"event_name":"Match and Keep!","floor":27,"gold_loss":0,"cards_obtained":[]},{"damage_healed":0,"gold_gain":0,"cards_transformed":["Eclipse"],"player_choice":"Transformed","damage_taken":0,"max_hp_gain":0,"max_hp_loss":0,"event_name":"Transmorgrifier","floor":41,"gold_loss":0,"cards_obtained":["Demon Form"]}],"is_beta":false,"boss_relics":[{"not_picked":["Busted Crown","Brimstone","Fusion Hammer"]},{"not_picked":["Cauldron","Electric Blood"],"picked":"Coffee Dripper"}],"items_purged_floors":[2,24,38,40,44,56],"is_endless":false,"potions_floor_spawned":[6,8,12,26,30,31,32,37,39,42,48,50],"ascension_level":20}}