{"host":"dh1tbiqbqeskd4n8","time":1610892612,"event":{"mods":["BaseMod","Colored Map","Minty Spire (QoL Compilation)","Shop Mod","StSLib"],"gold_per_floor":[115,115,115,134,148,148,225,244,291,309,141,152,180,194,194,265,265,265,265],"floor_reached":18,"language":"ZHS","playtime":654,"items_purged":["Defend_R"],"score":279,"play_id":"97310d2c-9490-4070-99af-c8e3e9895980","local_time":"20210117221012","is_ascension_mode":true,"campfire_choices":[{"data":"Infernal Blade","floor":6,"key":"SMITH"},{"floor":15,"key":"REST"}],"circlet_count":0,"master_deck":["AscendersBane","Strike_R","Strike_R","Strike_R","Strike_R","Defend_R","Defend_R","Defend_R","Bash","Metallicize","Shrug It Off","Panacea","Infernal Blade+1","Shockwave+1","Entrench+1","Shrug It Off+1","Dual Wield+1","Feed","CurseOfTheBell"],"relics":["Burning Blood","NeowsBlessing","Toxic Egg 2","Tiny Chest","Unceasing Top","Calling Bell","Anchor","Sundial","Lizard Tail"],"acts_visited":["Exordium","TheCity"],"potions_floor_usage":[13],"damage_taken":[{"damage":0,"enemies":"2 Louse","floor":1,"turns":1},{"damage":0,"enemies":"Cultist","floor":4,"turns":1},{"damage":0,"enemies":"Jaw Worm","floor":5,"turns":1},{"damage":5,"enemies":"Blue Slaver","floor":8,"turns":6},{"damage":10,"enemies":"Looter","floor":10,"turns":4},{"damage":5,"enemies":"Red Slaver","floor":12,"turns":4},{"damage":27,"enemies":"Lagavulin","floor":13,"turns":11},{"damage":6,"enemies":"3 Louse","floor":14,"turns":4},{"damage":68,"enemies":"The Guardian","floor":16,"turns":16},{"damage":28,"enemies":"Spheric Guardian","floor":18,"turns":5}],"seed_played":"3343070690482089168","potions_obtained":[{"floor":5,"key":"SneckoOil"},{"floor":8,"key":"AttackPotion"},{"floor":16,"key":"Strength Potion"}],"is_trial":false,"path_per_floor":["M","?","?","M","M","R","T","M","T","M","$","M","E","M","R","B",null,"M"],"character_chosen":"IRONCLAD","items_purchased":["Entrench+1","Shrug It Off+1"],"campfire_rested":1,"item_purchase_floors":[11,11],"current_hp_per_floor":[74,67,67,73,75,75,75,75,75,71,71,72,51,51,73,11,59,31,31],"gold":265,"neow_bonus":"THREE_ENEMY_KILL","is_daily":false,"chose_seed":false,"campfire_upgraded":1,"win_rate":0.0,"timestamp":1610892612,"path_taken":["M","?","?","M","?","R","?","M","T","M","$","M","E","M","R","BOSS","M"],"items_purchased_type":["Card","Card"],"build_version":"2020-12-22","purchased_purges":1,"victory":false,"max_hp_per_floor":[75,75,75,75,75,75,75,75,75,75,75,75,75,75,75,75,75,75,75],"card_choices":[{"not_picked":["Anger","Fire Breathing"],"picked":"Metallicize","floor":1},{"not_picked":["Clothesline","Metallicize"],"picked":"Infernal Blade","floor":4},{"not_picked":["Sword Boomerang","Pommel Strike","Iron Wave"],"picked":"SKIP","floor":5},{"not_picked":["Anger","Warcry+1"],"picked":"Shockwave+1","floor":8},{"not_picked":["Anger","Iron Wave","Brutality"],"picked":"SKIP","floor":10},{"not_picked":["Shockwave+1","Armaments+1"],"picked":"Dual Wield+1","floor":12},{"not_picked":["Feel No Pain","Searing Blow","Armaments+1"],"picked":"SKIP","floor":13},{"not_picked":["True Grit+1","Warcry+1","Feel No Pain"],"picked":"SKIP","floor":14},{"not_picked":["Demon Form","Offering+1"],"picked":"Feed","floor":16}],"player_experience":445970,"relics_obtained":[{"floor":7,"key":"Toxic Egg 2"},{"floor":9,"key":"Tiny Chest"},{"floor":13,"key":"Unceasing Top"},{"floor":17,"key":"Anchor"},{"floor":17,"key":"Sundial"},{"floor":17,"key":"Lizard Tail"}],"event_choices":[{"cards_removed":["Strike_R"],"damage_healed":0,"gold_gain":0,"player_choice":"Card Removal","damage_taken":7,"max_hp_gain":0,"max_hp_loss":0,"event_name":"Golden Wing","floor":2,"gold_loss":0},{"damage_healed":0,"gold_gain":0,"player_choice":"2 cards matched","damage_taken":0,"max_hp_gain":0,"max_hp_loss":0,"event_name":"Match and Keep!","floor":3,"gold_loss":0,"cards_obtained":["Shrug It Off","Panacea"]}],"is_beta":false,"boss_relics":[{"not_picked":["Coffee Dripper","Runic Cube"],"picked":"Calling Bell"}],"items_purged_floors":[11],"is_endless":false,"potions_floor_spawned":[5,8,12,16],"killed_by":"Spheric Guardian","ascension_level":14}}