{"host":"szp1d6dso4pv7ddl","time":1610915442,"event":{"mods":["AchievementEnabler","Alarm Clock","BaseMod","Bestiary","Block Reminder","Colored Map","Colored Powertips","Curses Come First","Dark Map","Displayed Cursed Tome","Highlight Path","Minty Spire (QoL Compilation)","Permanent Neow","Quick Restart","Relic Sorter","Relic Stats","StSLib","Synergy Search"],"gold_per_floor":[113,131,131,57,73,73,105,105,105,133,144,155,168,187,187,288,288,307,102,102,112,126,157,168,23,23,23,36,89,89,89,89,188,188,199,199,52,79,79,79,89,89,112,131,131,131],"floor_reached":45,"language":"ENG","playtime":2882,"items_purged":["Defend_B"],"score":693,"play_id":"10404b52-e0d0-4e8b-89f2-6abcb1712d7f","local_time":"20210117123042","is_ascension_mode":true,"campfire_choices":[{"data":"Barrage","floor":6,"key":"SMITH"},{"floor":8,"key":"REST"},{"data":"Zap","floor":15,"key":"SMITH"},{"floor":27,"key":"REST"},{"data":"Defragment","floor":30,"key":"SMITH"},{"floor":32,"key":"REST"},{"floor":40,"key":"REST"}],"circlet_count":0,"master_deck":["AscendersBane","Strike_B+1","Strike_B","Strike_B+1","Defend_B","Defend_B","Defend_B","Zap+1","Dualcast","Rainbow","Go for the Eyes","Compile Driver","Streamline","Doom and Gloom","Barrage+1","Go for the Eyes","Glacier","Biased Cognition","Conserve Battery","Doom and Gloom","Machine Learning","Defragment+1","Loop+1","Reinforced Body","Compile Driver","Electrodynamics","Multi-Cast","Self Repair"],"relics":["Cracked Core","Gremlin Horn","StrikeDummy","Mango","Empty Cage","Tiny Chest","PreservedInsect","Ancient Tea Set","Vajra","Velvet Choker","Whetstone","Bag of Preparation"],"acts_visited":["Exordium","TheCity","TheBeyond"],"potions_floor_usage":[10,11,16,16,23,23,23,36,36],"damage_taken":[{"damage":0.0,"enemies":"Cultist","floor":1.0,"turns":3.0},{"damage":0,"enemies":"Jaw Worm","floor":2,"turns":3},{"damage":7,"enemies":"2 Louse","floor":5,"turns":2},{"damage":33,"enemies":"Lagavulin","floor":7,"turns":5},{"damage":7,"enemies":"Gremlin Nob","floor":10,"turns":3},{"damage":0,"enemies":"Lots of Slimes","floor":11,"turns":3},{"damage":10,"enemies":"Red Slaver","floor":12,"turns":2},{"damage":0,"enemies":"Large Slime","floor":13,"turns":5},{"damage":0,"enemies":"Looter","floor":14,"turns":3},{"damage":24,"enemies":"Hexaghost","floor":16,"turns":8},{"damage":12,"enemies":"Spheric Guardian","floor":18,"turns":5},{"damage":7,"enemies":"Shell Parasite","floor":21,"turns":6},{"damage":4,"enemies":"3 Cultists","floor":22,"turns":5},{"damage":47,"enemies":"Slavers","floor":23,"turns":6},{"damage":8,"enemies":"Centurion and Healer","floor":24,"turns":5},{"damage":3,"enemies":"Cultist and Chosen","floor":28,"turns":6},{"damage":47,"enemies":"Collector","floor":33,"turns":10},{"damage":41,"enemies":"3 Darklings","floor":35,"turns":5},{"damage":0,"enemies":"3 Shapes","floor":41,"turns":3},{"damage":29,"enemies":"Maw","floor":44,"turns":8},{"damage":49,"enemies":"Writhing Mass","floor":45,"turns":4}],"seed_played":"-7057647579573828340","potions_obtained":[{"floor":1.0,"key":"DistilledChaos"},{"floor":2,"key":"Block Potion"},{"floor":11,"key":"Strength Potion"},{"floor":13,"key":"DuplicationPotion"},{"floor":14,"key":"ColorlessPotion"},{"floor":16,"key":"ColorlessPotion"},{"floor":21,"key":"DistilledChaos"},{"floor":22,"key":"Regen Potion"},{"floor":24,"key":"GamblersBrew"},{"floor":33,"key":"LiquidBronze"},{"floor":36,"key":"Fruit Juice"},{"floor":36,"key":"EntropicBrew"}],"is_trial":false,"path_per_floor":["M","M","?","$","M","R","E","R","T","E","M","M","M","M","R","B",null,"M","$","?","M","M","E","M","$","T","R","M","T","R","?","R","B",null,"M","?","$","T","$","R","M","T","T","M","M"],"character_chosen":"DEFECT","items_purchased":["Doom and Gloom","Tiny Chest","Conserve Battery","Defragment","Multi-Cast","Self Repair"],"campfire_rested":4,"item_purchase_floors":[4,19,19,25,37,37],"current_hp_per_floor":[68,68,68,68,61,61,28,50,50,57,57,47,47,47,47,23,73,61,61,61,54,50,18,10,10,10,36,33,33,33,33,59,12,70,29,34,34,34,34,62,69,69,69,47,0,0],"gold":131,"neow_bonus":"ONE_RANDOM_RARE_CARD","is_daily":false,"chose_seed":false,"campfire_upgraded":3,"win_rate":0.0,"timestamp":1610915442,"path_taken":["M","?","?","$","M","R","E","R","T","E","M","?","M","M","R","BOSS","M","$","?","?","M","E","M","?","T","R","M","?","R","?","R","BOSS","M","?","?","?","?","R","M","?","T","?","M"],"items_purchased_type":["Card","Relic","Card","Card","Card","Card"],"build_version":"2020-12-22","purchased_purges":1,"victory":false,"max_hp_per_floor":[75,75,75,75,75,75,75,75,75,89,89,89,89,89,89,89,89,89,89,89,89,89,89,89,89,89,89,89,89,89,89,89,89,89,89,94,94,94,94,94,94,94,94,94,94,94],"relic_stats":{"Gremlin Horn":[19,19],"counters":[21,100],"Tiny Chest":2,"PreservedInsect":0,"Bag of Preparation":[4],"Whetstone":["Strike_B","Strike_B"],"obtain_stats":[{"Gremlin Horn":7,"Vajra":29,"Velvet Choker":34,"Mango":10,"Tiny Chest":19,"PreservedInsect":23,"Bag of Preparation":43,"Whetstone":38,"Cracked Core":0,"StrikeDummy":9,"Empty Cage":17,"Ancient Tea Set":26},{"Gremlin Horn":4,"Vajra":16,"Velvet Choker":17,"Mango":5,"Tiny Chest":11,"PreservedInsect":14,"Bag of Preparation":19,"Whetstone":18,"Cracked Core":0,"StrikeDummy":4,"Empty Cage":10,"Ancient Tea Set":15},{"Gremlin Horn":13,"Vajra":70,"Velvet Choker":80,"Mango":16,"Tiny Chest":42,"PreservedInsect":59,"Bag of Preparation":88,"Whetstone":85,"Cracked Core":0,"StrikeDummy":13,"Empty Cage":37,"Ancient Tea Set":64}]},"card_choices":[{"not_picked":["Force Field","Steam"],"picked":"Go for the Eyes","floor":1.0},{"not_picked":["Rebound","Stack"],"picked":"Compile Driver","floor":2},{"not_picked":["Leap","Gash"],"picked":"Barrage","floor":5},{"not_picked":["Static Discharge","Lockon","Tempest"],"picked":"SKIP","floor":7},{"not_picked":["Leap","Streamline"],"picked":"Go for the Eyes","floor":10},{"not_picked":["FTL","Compile Driver","Turbo"],"picked":"SKIP","floor":11},{"not_picked":["Turbo","Gash","Buffer"],"picked":"SKIP","floor":12},{"not_picked":["Chaos","Leap"],"picked":"Glacier","floor":13},{"not_picked":["Genetic Algorithm","Rip and Tear","Gash"],"picked":"SKIP","floor":14},{"not_picked":["Creative AI","Core Surge"],"picked":"Biased Cognition","floor":16},{"not_picked":["Barrage+1","Streamline","Leap"],"picked":"SKIP","floor":18},{"not_picked":["Beam Cell+1","Turbo+1"],"picked":"Darkness","floor":21},{"not_picked":["Turbo","Coolheaded","Chaos+1"],"picked":"SKIP","floor":22},{"not_picked":["Sunder+1","Conserve Battery"],"picked":"Machine Learning","floor":23},{"not_picked":["Sweeping Beam","Coolheaded","Compile Driver"],"picked":"SKIP","floor":24},{"not_picked":["Static Discharge","Skim+1"],"picked":"Loop+1","floor":28},{"not_picked":["All For One","Fission"],"picked":"Electrodynamics","floor":33},{"not_picked":["Barrage+1","Leap","Go for the Eyes"],"picked":"SKIP","floor":35},{"not_picked":["Gash","Melter+1","Reinforced Body"],"picked":"SKIP","floor":41},{"not_picked":["Go for the Eyes","Darkness","Streamline+1"],"picked":"SKIP","floor":44}],"player_experience":1204962,"relics_obtained":[{"floor":7,"key":"Gremlin Horn"},{"floor":9,"key":"StrikeDummy"},{"floor":10,"key":"Mango"},{"floor":23,"key":"PreservedInsect"},{"floor":26,"key":"Ancient Tea Set"},{"floor":29,"key":"Vajra"},{"floor":38,"key":"Whetstone"},{"floor":43,"key":"Bag of Preparation"}],"event_choices":[{"damage_healed":0,"gold_gain":0,"player_choice":"3 cards matched","damage_taken":0,"max_hp_gain":0,"max_hp_loss":0,"event_name":"Match and Keep!","floor":3,"gold_loss":0,"cards_obtained":["Zap","Streamline","Storm"]},{"damage_healed":0,"gold_gain":0,"player_choice":"Copied","damage_taken":0,"max_hp_gain":0,"max_hp_loss":0,"event_name":"Duplicator","floor":20,"gold_loss":0,"cards_obtained":["Doom and Gloom"]},{"damage_healed":0,"gold_gain":0,"cards_transformed":["Darkness","Zap"],"player_choice":"Became Test Subject","damage_taken":0,"max_hp_gain":0,"max_hp_loss":0,"event_name":"Drug Dealer","floor":31,"gold_loss":0,"cards_obtained":["Reinforced Body","Compile Driver"]},{"damage_healed":0,"gold_gain":0,"player_choice":"Got Potions","damage_taken":0,"max_hp_gain":0,"max_hp_loss":0,"event_name":"Lab","floor":36,"gold_loss":0}],"is_beta":false,"boss_relics":[{"not_picked":["SacredBark","SlaversCollar"],"picked":"Empty Cage"},{"not_picked":["Black Star","Calling Bell"],"picked":"Velvet Choker"}],"items_purged_floors":[25],"is_endless":false,"potions_floor_spawned":[1,2,11,13,14,16,21,22,24,33,41],"killed_by":"Writhing Mass","ascension_level":10}}