{"host":"h4qgcirtxz6qax9j","time":1610866403,"event":{"mods":["AchievementEnabler","Astrologer","BaseMod","Colored Powertips","Lobotomy","Minty Spire (QoL Compilation)","StSLib","SuperFastMode","The Cursed"],"gold_per_floor":[273,273,131,146,165,165,191,204,204,223,223,238,267,280,280,410,410,479,539,608,653,526,582,582,582],"floor_reached":24,"language":"KOR","playtime":758,"items_purged":[],"score":372,"play_id":"35daea49-b2ea-4a22-bd9d-b741fb7aabd0","local_time":"20210117155323","is_ascension_mode":true,"campfire_choices":[{"floor":15.0,"key":"REST"}],"circlet_count":0,"master_deck":["SpecialBullet","SpecialBullet","SpecialBullet","SpecialBullet","SpecialBullet","SpecialBullet","SpecialBullet","SpecialBullet","ExtractionCode","HereticApostle","InformationCode","Bandage Up","CrimsonScar","SolemnVow","Ecstasy","SomewhereSpear","PunishingBird","LifeForTheDareDevil","Heaven","GoldRush","LaLuna","Beak","LongBird","Penitence","GreedKing","Penitence","TodaysExpression+1","Bloodbath","Noise+1","GoldRush+1","BodiesMountain","BlackSwan_ego+1","Horn+1","VoidDream","CUTE+1","RedEyes+1","DaCapo+1","Harmony+1"],"relics":["CogitoBucket","CaptainsWheel","Mercury Hourglass","Frozen Egg 2","BackwardClock","Toy Ornithopter"],"acts_visited":["Exordium","TheCity"],"potions_floor_usage":[24],"damage_taken":[{"damage":6.0,"enemies":"Cultist","floor":1.0,"turns":3.0},{"damage":14.0,"enemies":"Small Slimes","floor":4.0,"turns":4.0},{"damage":1.0,"enemies":"2 Louse","floor":5.0,"turns":2.0},{"damage":1.0,"enemies":"Gremlin Nob","floor":7.0,"turns":2.0},{"damage":2.0,"enemies":"Large Slime","floor":8.0,"turns":3.0},{"damage":23.0,"enemies":"Exordium Wildlife","floor":10.0,"turns":5.0},{"damage":3.0,"enemies":"Blue Slaver","floor":12.0,"turns":2.0},{"damage":5.0,"enemies":"3 Sentries","floor":13.0,"turns":2.0},{"damage":9.0,"enemies":"Red Slaver","floor":14.0,"turns":2.0},{"damage":22.0,"enemies":"The Guardian","floor":16.0,"turns":4.0},{"damage":23.0,"enemies":"Shell Parasite","floor":18.0,"turns":3.0},{"damage":6.0,"enemies":"2 Thieves","floor":19.0,"turns":2.0},{"damage":50.0,"enemies":"Shelled Parasite and Fungi","floor":20.0,"turns":2.0},{"damage":50.0,"enemies":"Cultist and Chosen","floor":21.0,"turns":2.0},{"damage":54.0,"enemies":"Book of Stabbing","floor":23.0,"turns":2.0},{"damage":100,"enemies":"Snake Plant","floor":24,"turns":7}],"seed_played":"-6118754579015551372","potions_obtained":[{"floor":1.0,"key":"Weak Potion"},{"floor":2.0,"key":"AttackPotion"},{"floor":2.0,"key":"Fire Potion"},{"floor":19.0,"key":"SkillPotion"},{"floor":20.0,"key":"LiquidMemories"},{"floor":21.0,"key":"FairyPotion"},{"floor":23.0,"key":"EssenceOfSteel"}],"is_trial":false,"path_per_floor":["M","?","$","M","M","R","E","M","T","M","R","M","E","M","R","B",null,"M","M","M","M","$","E","M"],"character_chosen":"Angela","items_purchased":["SolemnVow","Ecstasy","DaCapo+1"],"campfire_rested":1,"item_purchase_floors":[3,3,22],"current_hp_per_floor":[69,69,69,67,66,66,65,67,67,48,48,45,40,31,52,30,60,41,45,25,16,16,10,0,0],"gold":582,"neow_bonus":"RANDOM_COLORLESS","is_daily":false,"chose_seed":false,"campfire_upgraded":0,"win_rate":0.0,"timestamp":1610866403,"path_taken":["M","?","$","M","M","R","E","?","T","M","R","M","E","M","R","BOSS","M","M","M","M","$","E","M"],"items_purchased_type":["Card","Card","Card"],"build_version":"2020-12-22","purchased_purges":0,"victory":false,"max_hp_per_floor":[70,70,70,70,70,70,70,70,70,70,70,70,70,70,70,70,70,70,70,70,70,70,70,70,70],"card_choices":[{"not_picked":["Finesse","Blind"],"picked":"Bandage Up","floor":0.0},{"not_picked":["Beak"],"picked":"CrimsonScar","floor":1.0},{"not_picked":["Soda","Lantern"],"picked":"SKIP","floor":1.0},{"not_picked":["ParadiseLost"],"picked":"SomewhereSpear","floor":4.0},{"not_picked":["BeautyBeast","Bloodbath"],"picked":"PunishingBird","floor":4.0},{"not_picked":["Harmony"],"picked":"LifeForTheDareDevil","floor":4.0},{"not_picked":["FrostShard"],"picked":"Heaven","floor":5.0},{"not_picked":["Noise","FrostShard"],"picked":"GoldRush","floor":7.0},{"not_picked":["Wellcheers","Bloodbath"],"picked":"LaLuna","floor":8.0},{"not_picked":["Soda","Heaven"],"picked":"Beak","floor":8.0},{"not_picked":["Wellcheers","MHz"],"picked":"LongBird","floor":10.0},{"not_picked":["Loneliness","SomewhereSpear"],"picked":"Penitence","floor":10.0},{"not_picked":["CENSORED_ego","Moonlight","Discord"],"picked":"SKIP","floor":10.0},{"not_picked":["SpiderBud","FairyFestival","OldLady"],"picked":"Singing Bowl","floor":12.0},{"not_picked":["DespairKnight","CrumblingArmor"],"picked":"GreedKing","floor":12.0},{"not_picked":["Hornet","FourthMatchFlame"],"picked":"Penitence","floor":12.0},{"not_picked":["Wellcheers","NakedNest","WallGazer"],"picked":"Singing Bowl","floor":13.0},{"not_picked":["Heaven","Horn"],"picked":"TodaysExpression","floor":13.0},{"not_picked":["CherryBlossoms","Murderer"],"picked":"Bloodbath","floor":14.0},{"not_picked":["GrinderMk4+1","Soda+1"],"picked":"Noise+1","floor":14.0},{"not_picked":["Alriune","GalaxyChild","Scorched"],"picked":"Singing Bowl","floor":16.0},{"not_picked":["Adoration+1","ParadiseLost+1"],"picked":"GoldRush+1","floor":16.0},{"not_picked":["QueenBee","BlackSwan","CrumblingArmor"],"picked":"Singing Bowl","floor":18.0},{"not_picked":["OldLady","SpiderBud"],"picked":"BodiesMountain","floor":18.0},{"not_picked":["Wingbeat+1","Reverberation+1"],"picked":"BlackSwan_ego+1","floor":18.0},{"not_picked":["SingingMachine","LittlePrince","NakedNest"],"picked":"Singing Bowl","floor":19.0},{"not_picked":["CherryBlossoms","Scorched"],"picked":"WhiteNight","floor":19.0},{"not_picked":["ShedSkin+1","Hornet+1"],"picked":"Horn+1","floor":19.0},{"not_picked":["FairyFestival","BeautyBeast"],"picked":"VoidDream","floor":20.0},{"not_picked":["ParadiseLost+1","BearPaw+1"],"picked":"CUTE+1","floor":20.0},{"not_picked":["MeatLantern","BlackArmy","MHz"],"picked":"Singing Bowl","floor":21.0},{"not_picked":["RapturousDream+1","Lantern+1"],"picked":"RedEyes+1","floor":21.0},{"not_picked":["Laetitia","QueenOfHatred","CrumblingArmor"],"picked":"Singing Bowl","floor":23.0},{"not_picked":["Regret_ego+1","Noise+1"],"picked":"Harmony+1","floor":23.0}],"player_experience":163856,"relics_obtained":[{"floor":7.0,"key":"CaptainsWheel"},{"floor":9.0,"key":"Mercury Hourglass"},{"floor":13.0,"key":"Frozen Egg 2"},{"floor":23.0,"key":"Toy Ornithopter"}],"event_choices":[{"damage_healed":0.0,"max_hp_gain":0.0,"max_hp_loss":0.0,"gold_gain":0.0,"event_name":"Lab","player_choice":"Got Potions","floor":2.0,"gold_loss":0.0,"damage_taken":0.0}],"is_beta":false,"boss_relics":[{"not_picked":["Tiny House","Busted Crown","Runic Dome"]}],"items_purged_floors":[],"is_endless":false,"potions_floor_spawned":[1,5,8,10,14,19,20,21,23],"killed_by":"Snake Plant","ascension_level":7}}