{"host":"i0avyit1s6jb1siw","time":1610917854,"event":{"mods":["BaseMod","DeckTracker","Dota2Spire","Highlight Path","Minty Spire (QoL Compilation)","Quick Restart","StSLib","SuperFastMode"],"gold_per_floor":[116,116,129,144,162,162,174,28,28,60,72,110,141,153,165,251,263,294,353,290,290,305,305,337,387,387,387,138,154,29,42,42,113,113,126,137,112,112,123,123,123],"floor_reached":40,"language":"ENG","playtime":1148,"items_purged":["Defend_B","Strike_B","Strike_B"],"score":673,"play_id":"9f95ef21-6624-4ed7-9c45-a32b7a7eadc5","local_time":"20210117221054","is_ascension_mode":true,"campfire_choices":[{"data":"Cold Snap","floor":6,"key":"SMITH"},{"data":"Sweeping Beam","floor":11,"key":"SMITH"},{"data":"Static Discharge","floor":15,"key":"SMITH"},{"floor":23,"key":"REST"},{"floor":27,"key":"REST"},{"floor":32,"key":"REST"}],"circlet_count":0,"master_deck":["AscendersBane","Defend_B","Defend_B","Zap","Dualcast","Cold Snap+1","Undo","Chill","Capacitor+1","Skim","Heatsinks","Static Discharge+1","Echo Form","Defragment","Defragment","Electrodynamics","All For One+1","Hello World+1","Self Repair+1","Coolheaded","Go for the Eyes"],"relics":["Velvet Choker","Anchor","OrangePellets","MawBank","Gremlin Horn","SlaversCollar","Centennial Puzzle","Matryoshka","Potion Belt","ClockworkSouvenir","Astrolabe"],"acts_visited":["Exordium","TheCity","TheBeyond"],"potions_floor_usage":[12,13,16,24,33],"damage_taken":[{"damage":0,"enemies":"Cultist","floor":1,"turns":3},{"damage":0,"enemies":"2 Louse","floor":3,"turns":3},{"damage":0,"enemies":"Jaw Worm","floor":4,"turns":4},{"damage":0,"enemies":"Exordium Thugs","floor":5,"turns":5},{"damage":2,"enemies":"Large Slime","floor":7,"turns":5},{"damage":1,"enemies":"3 Louse","floor":10,"turns":6},{"damage":15,"enemies":"Gremlin Nob","floor":12,"turns":5},{"damage":2,"enemies":"2 Fungi Beasts","floor":13,"turns":3},{"damage":11,"enemies":"Hexaghost","floor":16,"turns":9},{"damage":20,"enemies":"Spheric Guardian","floor":18,"turns":4},{"damage":37,"enemies":"3 Byrds","floor":22,"turns":6},{"damage":14,"enemies":"Slavers","floor":24,"turns":4},{"damage":22,"enemies":"Centurion and Healer","floor":29,"turns":7},{"damage":13,"enemies":"Snecko","floor":31,"turns":6},{"damage":24,"enemies":"Collector","floor":33,"turns":15},{"damage":17,"enemies":"Orb Walker","floor":35,"turns":6},{"damage":36,"enemies":"3 Darklings","floor":36,"turns":7},{"damage":22,"enemies":"Writhing Mass","floor":39,"turns":9},{"damage":27,"enemies":"Giant Head","floor":40,"turns":13}],"seed_played":"-6168241394772351945","potions_obtained":[{"floor":3,"key":"ColorlessPotion"},{"floor":7,"key":"Fire Potion"},{"floor":12,"key":"LiquidBronze"},{"floor":13,"key":"Explosive Potion"},{"floor":16,"key":"PowerPotion"},{"floor":29,"key":"SteroidPotion"},{"floor":36,"key":"Swift Potion"},{"floor":39,"key":"Explosive Potion"}],"is_trial":false,"path_per_floor":["M","T","M","M","M","R","M","$","T","M","R","E","M","?","R","B",null,"M","T","$","?","M","R","E","?","T","R","$","M","$","M","R","B",null,"M","M","$","?","M","E"],"character_chosen":"DEFECT","items_purchased":["OrangePellets","ClockworkSouvenir","Coolheaded"],"campfire_rested":3,"item_purchase_floors":[8,28,37],"current_hp_per_floor":[68,68,68,68,68,68,66,66,66,65,65,50,48,48,48,37,66,46,46,46,46,9,31,17,17,17,39,39,17,17,4,26,2,57,50,24,24,24,12,0,0],"gold":123,"neow_bonus":"BOSS_RELIC","is_daily":false,"chose_seed":false,"campfire_upgraded":3,"win_rate":0.0,"timestamp":1610917854,"path_taken":["M","?","?","M","M","R","?","$","T","M","R","E","M","?","R","BOSS","M","?","$","?","?","R","E","?","T","R","?","M","$","M","R","BOSS","M","M","$","?","M","E"],"items_purchased_type":["Relic","Relic","Card"],"build_version":"2020-12-22","purchased_purges":3,"victory":false,"max_hp_per_floor":[75,75,75,75,75,75,75,75,75,75,75,75,75,75,75,75,75,75,75,75,75,75,75,75,75,75,75,75,75,75,75,75,75,75,75,75,75,75,75,75,75],"card_choices":[{"not_picked":["Conserve Battery","Consume"],"picked":"Cold Snap","floor":1},{"not_picked":["BootSequence","Barrage"],"picked":"Undo","floor":3},{"not_picked":["Beam Cell","Streamline"],"picked":"Chill","floor":4},{"not_picked":["Steam Power","White Noise"],"picked":"Capacitor","floor":5},{"not_picked":["Force Field","Stack"],"picked":"Sweeping Beam","floor":7},{"not_picked":["Beam Cell","Barrage"],"picked":"Skim","floor":10},{"not_picked":["Hologram","Leap"],"picked":"Heatsinks","floor":12},{"not_picked":["Hologram","Compile Driver"],"picked":"Static Discharge","floor":13},{"not_picked":["Seek","Reboot"],"picked":"Echo Form","floor":16},{"not_picked":["Cold Snap","Storm"],"picked":"Defragment","floor":18},{"not_picked":["Compile Driver","Beam Cell","Rip and Tear"],"picked":"SKIP","floor":22},{"not_picked":["Hello World","Redo","Darkness"],"picked":"SKIP","floor":24},{"not_picked":["Steam","Hyperbeam","Rebound"],"picked":"SKIP","floor":29},{"not_picked":["Skim+1","Rebound","Redo"],"picked":"SKIP","floor":31},{"not_picked":["Multi-Cast","All For One"],"picked":"Electrodynamics","floor":33},{"not_picked":["Cold Snap+1","Streamline","Stack"],"picked":"SKIP","floor":35},{"not_picked":["Turbo","Stack","Redo"],"picked":"SKIP","floor":36},{"not_picked":["Redo","Genetic Algorithm"],"picked":"Go for the Eyes","floor":39}],"player_experience":2276165,"relics_obtained":[{"floor":2,"key":"Anchor"},{"floor":9,"key":"MawBank"},{"floor":12,"key":"Gremlin Horn"},{"floor":19,"key":"Centennial Puzzle"},{"floor":24,"key":"Matryoshka"},{"floor":26,"key":"Potion Belt"}],"event_choices":[{"damage_healed":0,"gold_gain":0,"player_choice":"Forge","damage_taken":0,"max_hp_gain":0,"max_hp_loss":0,"event_name":"Accursed Blacksmith","floor":14,"gold_loss":0,"cards_upgraded":["Capacitor"]},{"damage_healed":0,"gold_gain":0,"player_choice":"Copied","damage_taken":0,"max_hp_gain":0,"max_hp_loss":0,"event_name":"Duplicator","floor":21,"gold_loss":0,"cards_obtained":["Defragment"]},{"damage_healed":0,"gold_gain":100,"player_choice":"Bet on Murderer","damage_taken":0,"max_hp_gain":0,"max_hp_loss":0,"event_name":"The Joust","floor":25,"gold_loss":50},{"cards_removed":["Sweeping Beam"],"damage_healed":0,"gold_gain":0,"player_choice":"Removed Attack","damage_taken":0,"max_hp_gain":0,"max_hp_loss":0,"event_name":"Falling","floor":38,"gold_loss":0}],"is_beta":false,"boss_relics":[{"not_picked":["Busted Crown","Runic Dome"],"picked":"SlaversCollar"},{"not_picked":["Cursed Key","Coffee Dripper"],"picked":"Astrolabe"}],"items_purged_floors":[20,28,30],"is_endless":false,"potions_floor_spawned":[3,7,12,13,16,18,29,36,39],"killed_by":"Giant Head","ascension_level":13}}