{"host":"7qoz5gmva6til3yp","time":1610904082,"event":{"mods":["AchievementEnabler","BaseMod","Minty Spire (QoL Compilation)","StSLib","SuperFastMode"],"gold_per_floor":[119,132,57,72,89,89,126,126,149,149,99,128,157,187,187,294,294,313,322,332,105,105,105,145,162,162,199,199,243,243,254,254,358,358,372,383,96,196,13,57,73,73,73,93,93,127,127,159,159,159],"floor_reached":51,"language":"KOR","playtime":1562,"items_purged":["Strike_G","Defend_G","Defend_G","Strike_G"],"score":1174,"play_id":"414db71c-e61f-40ed-9c78-3d92d8e54cc6","local_time":"20210118022122","is_ascension_mode":true,"campfire_choices":[{"data":"Envenom","floor":6.0,"key":"SMITH"},{"data":"Bouncing Flask","floor":8.0,"key":"SMITH"},{"data":"Catalyst","floor":15,"key":"SMITH"},{"floor":23,"key":"REST"},{"data":"Burst","floor":28,"key":"SMITH"},{"data":"Malaise","floor":30,"key":"SMITH"},{"floor":32,"key":"REST"},{"data":"Deadly Poison","floor":42,"key":"SMITH"},{"data":"Backflip","floor":45,"key":"SMITH"},{"data":"Leg Sweep","floor":49,"key":"SMITH"}],"circlet_count":0,"master_deck":["Strike_G","Defend_G+1","Defend_G","Survivor+1","Neutralize","Crippling Poison","Poisoned Stab","Envenom+1","Bouncing Flask+1","Deadly Poison+1","Leg Sweep+1","Catalyst+1","Burst+1","Acrobatics","Malaise+1","Escape Plan","Backflip+1","Endless Agony","PiercingWail","Noxious Fumes","Deadly Poison+1"],"relics":["Ring of the Snake","NeowsBlessing","CeramicFish","Happy Flower","Dream Catcher","Busted Crown","Snake Skull","Strawberry","Ancient Tea Set","Membership Card","Bag of Preparation","War Paint","White Beast Statue","Omamori","Toy Ornithopter","Letter Opener"],"acts_visited":["Exordium","TheCity","TheBeyond"],"potions_floor_usage":[14,14,27,27,33,50],"damage_taken":[{"damage":0.0,"enemies":"Cultist","floor":1.0,"turns":1.0},{"damage":0.0,"enemies":"Jaw Worm","floor":2.0,"turns":1.0},{"damage":0.0,"enemies":"Small Slimes","floor":4.0,"turns":1.0},{"damage":4.0,"enemies":"Exordium Wildlife","floor":5.0,"turns":4.0},{"damage":24.0,"enemies":"Gremlin Nob","floor":7.0,"turns":4.0},{"damage":6,"enemies":"Looter","floor":12,"turns":3},{"damage":4,"enemies":"2 Fungi Beasts","floor":13,"turns":3},{"damage":25,"enemies":"Lagavulin","floor":14,"turns":4},{"damage":96,"enemies":"Slime Boss","floor":16,"turns":14},{"damage":0,"enemies":"Chosen","floor":18,"turns":4},{"damage":3,"enemies":"Shell Parasite","floor":20,"turns":5},{"damage":21,"enemies":"Book of Stabbing","floor":24,"turns":5},{"damage":12,"enemies":"3 Cultists","floor":25,"turns":5},{"damage":45,"enemies":"Slavers","floor":27,"turns":6},{"damage":23,"enemies":"Gremlin Leader","floor":29,"turns":4},{"damage":0,"enemies":"Snake Plant","floor":31,"turns":2},{"damage":61,"enemies":"Champ","floor":33,"turns":8},{"damage":14,"enemies":"3 Darklings","floor":35,"turns":3},{"damage":2,"enemies":"Orb Walker","floor":36,"turns":3},{"damage":14,"enemies":"Giant Head","floor":40,"turns":7},{"damage":6,"enemies":"Sphere and 2 Shapes","floor":41,"turns":5},{"damage":1,"enemies":"Transient","floor":44,"turns":5},{"damage":0,"enemies":"Nemesis","floor":46,"turns":3},{"damage":38,"enemies":"Reptomancer","floor":48,"turns":7},{"damage":32,"enemies":"Awakened One","floor":50,"turns":10}],"seed_played":"-7271290478264735336","potions_obtained":[{"floor":2.0,"key":"CunningPotion"},{"floor":4.0,"key":"Fire Potion"},{"floor":5.0,"key":"Ancient Potion"},{"floor":18,"key":"SkillPotion"},{"floor":27,"key":"DuplicationPotion"},{"floor":31,"key":"AttackPotion"},{"floor":35,"key":"Block Potion"},{"floor":41,"key":"FearPotion"},{"floor":46,"key":"DistilledChaos"}],"is_trial":false,"path_per_floor":["M","M","$","M","M","R","E","R","T","?","?","M","M","E","R","B",null,"M","?","M","$","?","R","E","M","T","E","R","E","R","M","R","B",null,"M","M","$","?","$","E","M","R","T","M","R","E","?","E","R","B",null],"character_chosen":"THE_SILENT","items_purchased":["Malaise","Escape Plan","Membership Card","Bag of Preparation","Noxious Fumes","War Paint"],"campfire_rested":2,"item_purchase_floors":[21,21,37,37,39,39],"current_hp_per_floor":[63,63,63,63,59,59,35,35,35,35,35,29,25,50,50,4,54,54,54,51,51,38,60,39,27,27,39,39,16,16,16,40,29,69,55,53,53,53,53,39,33,33,33,32,32,32,32,44,44,17],"gold":159,"neow_bonus":"THREE_ENEMY_KILL","is_daily":false,"chose_seed":false,"campfire_upgraded":8,"win_rate":0.0,"timestamp":1610904082,"path_taken":["M","M","$","M","?","R","E","R","T","?","?","M","M","E","R","BOSS","M","?","M","$","?","R","E","M","T","E","R","E","R","M","R","BOSS","M","M","$","?","$","E","?","R","T","?","R","E","?","E","R","BOSS"],"items_purchased_type":["Card","Card","Relic","Relic","Card","Relic"],"build_version":"2020-12-22","purchased_purges":4,"victory":true,"max_hp_per_floor":[70,70,70,70,70,70,70,70,70,70,70,70,70,70,70,70,70,70,70,70,70,75,75,75,75,75,82,82,82,82,82,82,82,82,82,82,82,82,82,82,82,82,82,82,82,82,82,82,82,82],"card_choices":[{"not_picked":["Dodge and Roll","Blade Dance"],"picked":"Crippling Poison","floor":1.0},{"not_picked":["Dash","Dodge and Roll"],"picked":"Poisoned Stab","floor":2.0},{"not_picked":["Backstab","Endless Agony"],"picked":"Envenom","floor":4.0},{"not_picked":["Dodge and Roll","Acrobatics"],"picked":"Bouncing Flask","floor":5.0},{"not_picked":["Backflip","Flying Knee"],"picked":"Deadly Poison","floor":7.0},{"not_picked":["Deflect","Bane"],"picked":"Leg Sweep","floor":12},{"not_picked":["Skewer","Cloak And Dagger"],"picked":"Catalyst","floor":13},{"not_picked":["Bane","Tactician","Concentrate"],"picked":"SKIP","floor":14},{"not_picked":["Bane","Tactician","Concentrate"],"picked":"SKIP","floor":14},{"not_picked":["Grand Finale","Glass Knife"],"picked":"Burst","floor":16},{"not_picked":["Quick Slash"],"picked":"SKIP","floor":18},{"not_picked":["Poisoned Stab+1"],"picked":"SKIP","floor":20},{"not_picked":[],"picked":"Backflip","floor":24},{"not_picked":["Backflip"],"picked":"SKIP","floor":25},{"not_picked":[],"picked":"Endless Agony","floor":27},{"not_picked":[],"picked":"PiercingWail","floor":29},{"not_picked":["Underhanded Strike"],"picked":"SKIP","floor":31},{"not_picked":["Blade Dance+1"],"picked":"SKIP","floor":35},{"not_picked":["Skewer+1"],"picked":"SKIP","floor":36},{"not_picked":[],"picked":"Deadly Poison+1","floor":40},{"not_picked":["Noxious Fumes"],"picked":"SKIP","floor":41},{"not_picked":["Riddle With Holes"],"picked":"SKIP","floor":44},{"not_picked":["Slice"],"picked":"SKIP","floor":46},{"not_picked":["Accuracy"],"picked":"SKIP","floor":48}],"player_experience":379082,"relics_obtained":[{"floor":7.0,"key":"CeramicFish"},{"floor":9.0,"key":"Happy Flower"},{"floor":14,"key":"Dream Catcher"},{"floor":24,"key":"Snake Skull"},{"floor":27,"key":"Strawberry"},{"floor":29,"key":"Ancient Tea Set"},{"floor":40,"key":"White Beast Statue"},{"floor":43,"key":"Omamori"},{"floor":46,"key":"Toy Ornithopter"},{"floor":48,"key":"Letter Opener"}],"event_choices":[{"cards_removed":["Defend_G"],"damage_healed":0.0,"max_hp_gain":0.0,"max_hp_loss":0.0,"gold_gain":0.0,"event_name":"Living Wall","player_choice":"Forget","floor":10.0,"gold_loss":0.0,"damage_taken":0.0},{"cards_removed":["Strike_G"],"damage_healed":0.0,"max_hp_gain":0.0,"max_hp_loss":0.0,"gold_gain":0.0,"event_name":"The Cleric","player_choice":"Card Removal","floor":11.0,"gold_loss":50.0,"damage_taken":0.0},{"damage_healed":0,"gold_gain":0,"player_choice":"Read","damage_taken":0,"max_hp_gain":0,"max_hp_loss":0,"event_name":"The Library","floor":19,"gold_loss":0,"cards_obtained":["Acrobatics"]},{"damage_healed":0,"gold_gain":0,"player_choice":"Shed Blood","damage_taken":18,"max_hp_gain":5,"max_hp_loss":0,"event_name":"Forgotten Altar","floor":22,"gold_loss":0},{"damage_healed":0,"gold_gain":100,"player_choice":"Pray","damage_taken":0,"max_hp_gain":0,"max_hp_loss":0,"event_name":"Golden Shrine","floor":38,"gold_loss":0},{"cards_removed":["Strike_G"],"damage_healed":0,"gold_gain":0,"player_choice":"Removed Attack","damage_taken":0,"max_hp_gain":0,"max_hp_loss":0,"event_name":"Falling","floor":47,"gold_loss":0}],"is_beta":false,"boss_relics":[{"not_picked":["Snecko Eye","Fusion Hammer"],"picked":"Busted Crown"},{"not_picked":["Black Star","HoveringKite"],"picked":"Velvet Choker"}],"items_purged_floors":[3,21,37,39],"is_endless":false,"potions_floor_spawned":[2,4,5,13,18,27,31,35,41,44,46,48],"ascension_level":8}}