{"host":"i7jfea87xc8lz16p","time":1610906982,"event":{"mods":["AchievementEnabler","BaseMod","Colored Powertips","Minty Spire (QoL Compilation)","Relic Stats"],"gold_per_floor":[111,36,56,74,94,94,94,94],"floor_reached":7,"language":"ENG","playtime":226,"items_purged":[],"score":86,"play_id":"b4286602-2a1a-4dd7-840d-ac923d7515ac","local_time":"20210117190942","is_ascension_mode":true,"campfire_choices":[{"data":"Noxious Fumes","floor":6,"key":"SMITH"}],"circlet_count":0,"master_deck":["AscendersBane","Strike_G","Strike_G","Strike_G","Strike_G","Defend_G","Defend_G","Defend_G","Defend_G","Defend_G","Survivor","Neutralize","Noxious Fumes+1","Footwork","Dagger Spray","Poisoned Stab"],"relics":["Sozu"],"acts_visited":["Exordium"],"potions_floor_usage":[],"damage_taken":[{"damage":0,"enemies":"2 Louse","floor":1,"turns":4},{"damage":14,"enemies":"Jaw Worm","floor":3,"turns":6},{"damage":0,"enemies":"Cultist","floor":4,"turns":5},{"damage":5,"enemies":"2 Fungi Beasts","floor":5,"turns":4},{"damage":47,"enemies":"Gremlin Nob","floor":7,"turns":4}],"seed_played":"-4216628951351175921","potions_obtained":[],"is_trial":false,"path_per_floor":["M","?","M","M","M","R","E"],"character_chosen":"THE_SILENT","items_purchased":[],"campfire_rested":0,"item_purchase_floors":[],"current_hp_per_floor":[59,59,45,45,40,40,0,0],"gold":94,"neow_bonus":"BOSS_RELIC","is_daily":false,"chose_seed":false,"campfire_upgraded":1,"win_rate":0.0,"timestamp":1610906982,"path_taken":["M","?","M","M","M","R","E"],"items_purchased_type":[],"build_version":"2020-12-22","purchased_purges":0,"victory":false,"max_hp_per_floor":[66,66,66,66,66,66,66,66],"relic_stats":{"Sozu":3,"counters":[5,23],"obtain_stats":[{"Sozu":0,"Ring of the Snake":0},{"Sozu":0,"Ring of the Snake":0},{"Sozu":0,"Ring of the Snake":0}]},"card_choices":[{"not_picked":["Outmaneuver","Riddle With Holes"],"picked":"Noxious Fumes","floor":1},{"not_picked":["Reflex","Prepared"],"picked":"Footwork","floor":3},{"not_picked":["Flying Knee","PiercingWail"],"picked":"Dagger Spray","floor":4},{"not_picked":["Bane","Blade Dance"],"picked":"Poisoned Stab","floor":5}],"player_experience":1797085,"relics_obtained":[],"event_choices":[{"cards_removed":["Strike_G"],"damage_healed":0,"gold_gain":0,"player_choice":"Card Removal","damage_taken":0,"max_hp_gain":0,"max_hp_loss":0,"event_name":"The Cleric","floor":2,"gold_loss":75}],"is_beta":false,"boss_relics":[],"items_purged_floors":[],"is_endless":false,"potions_floor_spawned":[3,4,5],"killed_by":"Gremlin Nob","ascension_level":20}}