{"host":"mydft8i2zzydgggw","time":1610842563,"event":{"mods":["AchievementEnabler","BaseMod","BetterRewards","Colored Map","Colored Powertips","DeckTracker","Keyboard Shortcuts","Minty Spire (QoL Compilation)","Rare Cards Sparkle","StSLib","SuperFastMode","everything is the same but u backflip on backflip"],"gold_per_floor":[117,117,130,140,160,160,192,192,192,192,147,222,240,240,240,336,336,324,102,122,138,158,158,20,47,47,47,57,507,507,507],"floor_reached":30,"language":"KOR","playtime":730,"items_purged":["Strike_B","Defend_B"],"score":413,"play_id":"10bd01a7-d0dc-4085-ab30-cc80fc51cb55","local_time":"20210117091603","is_ascension_mode":true,"campfire_choices":[{"data":"Zap","floor":6,"key":"SMITH"},{"floor":8,"key":"REST"},{"data":"Coolheaded","floor":10,"key":"SMITH"},{"floor":15,"key":"REST"},{"data":"Coolheaded","floor":23,"key":"SMITH"},{"data":"Blizzard","floor":27,"key":"SMITH"}],"circlet_count":0,"master_deck":["AscendersBane","Defend_B","Defend_B","Defend_B","Zap+1","Dualcast","Genetic Algorithm","Consume+1","Coolheaded+1","Glacier","Blizzard+1","Seek","Coolheaded+1","Loop+1","Chill","Defragment","Blizzard","FTL+1"],"relics":["Cracked Core","Dead Branch","InkBottle","Nuclear Battery","Orrery","HornCleat","Boot"],"acts_visited":["Exordium","TheCity"],"potions_floor_usage":[7,7,16,22,25,25,30],"damage_taken":[{"damage":6,"enemies":"2 Louse","floor":1,"turns":2},{"damage":12,"enemies":"Small Slimes","floor":3,"turns":4},{"damage":1,"enemies":"Cultist","floor":4,"turns":4},{"damage":5,"enemies":"Exordium Thugs","floor":5,"turns":5},{"damage":18,"enemies":"3 Sentries","floor":7,"turns":7},{"damage":7,"enemies":"Looter","floor":11,"turns":5},{"damage":0,"enemies":"Blue Slaver","floor":13,"turns":6},{"damage":7,"enemies":"Hexaghost","floor":16,"turns":15},{"damage":7,"enemies":"2 Thieves","floor":18,"turns":4},{"damage":0,"enemies":"Spheric Guardian","floor":20,"turns":3},{"damage":0,"enemies":"Snake Plant","floor":21,"turns":4},{"damage":0,"enemies":"3 Cultists","floor":22,"turns":5},{"damage":0,"enemies":"Book of Stabbing","floor":25,"turns":6},{"damage":9,"enemies":"Cultist and Chosen","floor":28,"turns":5},{"damage":1,"enemies":"Snake Plant","floor":30,"turns":1}],"seed_played":"5689088142806498011","potions_obtained":[{"floor":3,"key":"PotionOfCapacity"},{"floor":5,"key":"Explosive Potion"},{"floor":13,"key":"GamblersBrew"},{"floor":16,"key":"SkillPotion"},{"floor":20,"key":"Weak Potion"},{"floor":22,"key":"LiquidMemories"},{"floor":25,"key":"CultistPotion"}],"is_trial":false,"path_per_floor":["M","?","M","M","M","R","E","R","T","R","M","?","M","?","R","B",null,"M","$","M","M","M","R","$","E","T","R","M","?","M"],"character_chosen":"DEFECT","items_purchased":["Orrery","Defragment"],"campfire_rested":2,"item_purchase_floors":[19,24],"current_hp_per_floor":[44,44,32,31,26,26,8,30,30,30,23,12,12,12,34,27,63,56,56,56,56,56,56,56,56,56,56,47,1,0,0],"gold":507,"neow_bonus":"TRANSFORM_TWO_CARDS","is_daily":false,"chose_seed":false,"campfire_upgraded":4,"win_rate":0.0,"timestamp":1610842563,"path_taken":["M","?","M","M","M","R","E","R","T","R","M","?","M","?","R","BOSS","M","$","M","M","?","R","$","E","T","R","M","?","M"],"items_purchased_type":["Relic","Card"],"build_version":"2020-12-22","purchased_purges":2,"victory":false,"max_hp_per_floor":[75,75,75,75,75,75,75,75,75,75,75,75,75,75,75,75,75,75,75,75,75,75,75,75,75,75,75,75,75,75,75],"card_choices":[{"not_picked":["Compile Driver","Sweeping Beam","Lockon"],"picked":"SKIP","floor":1},{"not_picked":["Ball Lightning","Electrodynamics"],"picked":"Coolheaded","floor":3},{"not_picked":["Hologram","Stack","Conserve Battery"],"picked":"SKIP","floor":4},{"not_picked":["Aggregate","Streamline","Conserve Battery"],"picked":"SKIP","floor":5},{"not_picked":["Reprogram","Sweeping Beam"],"picked":"Glacier","floor":7},{"not_picked":["Chaos","Redo","Beam Cell"],"picked":"SKIP","floor":11},{"not_picked":["Heatsinks","Skim"],"picked":"Blizzard","floor":13},{"not_picked":["Biased Cognition","Fission"],"picked":"Seek","floor":16},{"not_picked":["Storm+1","Gash"],"picked":"Coolheaded","floor":18},{"not_picked":["Rip and Tear","Cold Snap"],"picked":"Loop+1","floor":19},{"not_picked":["Streamline","Scrape+1"],"picked":"Chill","floor":19},{"not_picked":["White Noise","Rebound","Beam Cell"],"picked":"SKIP","floor":20},{"not_picked":["Stack","Doom and Gloom+1","Steam"],"picked":"SKIP","floor":21},{"not_picked":["Stack","Steam","Leap"],"picked":"SKIP","floor":22},{"not_picked":["Reprogram","Sunder"],"picked":"Blizzard","floor":25},{"not_picked":["Redo+1","Hologram"],"picked":"FTL+1","floor":28}],"player_experience":178032,"relics_obtained":[{"floor":7,"key":"Dead Branch"},{"floor":9,"key":"InkBottle"},{"floor":25,"key":"HornCleat"},{"floor":26,"key":"Boot"}],"event_choices":[{"cards_removed":["Strike_B"],"damage_healed":0,"gold_gain":0,"player_choice":"Forget","damage_taken":0,"max_hp_gain":0,"max_hp_loss":0,"event_name":"Living Wall","floor":2,"gold_loss":0},{"damage_healed":0,"gold_gain":75,"player_choice":"Gather Gold","damage_taken":11,"max_hp_gain":0,"max_hp_loss":0,"event_name":"World of Goop","floor":12,"gold_loss":0},{"damage_healed":0,"gold_gain":0,"player_choice":"Upgraded","damage_taken":0,"max_hp_gain":0,"max_hp_loss":0,"event_name":"Upgrade Shrine","floor":14,"gold_loss":0,"cards_upgraded":["Consume"]},{"damage_healed":0,"gold_gain":450,"player_choice":"GOLD GOLD GOLD GOLD GOLD ","damage_taken":46,"max_hp_gain":0,"max_hp_loss":0,"event_name":"Knowing Skull","floor":29,"potions_obtained":[],"gold_loss":0,"cards_obtained":[]}],"is_beta":false,"boss_relics":[{"not_picked":["Ectoplasm","SacredBark"],"picked":"Nuclear Battery"}],"items_purged_floors":[19,24],"is_endless":false,"potions_floor_spawned":[3,5,13,16,20,22,25],"killed_by":"Snake Plant","ascension_level":10}}